2890 4790
558 199 803 266 ANNALIUM
824 199 910 268 LIB.
930 199 989 266 lV.

575 419 768 478 CAPUT
821 421 964 480 uxtn.

237 527 296 593 'Ut
317 547 458 612 coepere
479 527 645 592 dimoveri
666 529 798 612 obruta,
826 550 1008 596 concursus
1035 531 1078 596 ad
1100 533 1270 596 exanimos
1301 552 1390 594 oom-

167 613 396 698 plectentium,
418 614 659 688 osculantium
682 619 716 676 et
729 633 828 698 saepe
839 624 1019 694 certamen,
1042 619 1071 680 si
1090 619 1264 680 confusior
1276 619 1391 692 facies,

165 695 224 760 sed
244 717 306 780 par
327 701 434 758 forma
455 703 514 760 aut
541 703 631 760 aetas
653 717 806 762 errorem
827 699 1082 784 agnoscentibus
1104 704 1237 762 iecerat.
1285 699 1390 763 Quin-
1436 775 1437 780 ἵ

165 783 323 866 quaginta
354 777 528 842 hominum
557 781 661 842 millia
689 801 729 844 eo
758 801 836 844 casu
863 779 1037 844 debilitata
1065 785 1119 846 vel
1149 784 1276 846 obtrita
1299 791 1390 860 sunt,

165 871 367 944 cautumque
388 863 424 924 in
445 871 618 946 posterum
639 873 772 928 senatus
793 867 957 943 consulto,
988 869 1125 950 nequis
1146 865 1390 952 gladiatorium

165 965 285 1008 munus
314 943 440 1024 ederet,
473 948 529 1007 cui
559 949 672 1008 minor
691 946 1014 1036 quadringentorum
1036 951 1181 1010 millium
1204 970 1271 1026 res,
1304 969 1391 1012 neve

165 1028 448 1116 amphitheatrum
469 1031 703 1112 imponeretur
724 1032 789 1092 nisi
811 1033 882 1092 solo
902 1033 1074 1094 firmitatis
1092 1040 1272 1116 spectatae.
1315 1033 1391 1094 Ati-

165 1112 232 1174 lius
259 1115 295 1173 iu
324 1113 477 1174 exsilium
505 1120 599 1174 actus
620 1121 681 1178 est.
725 1113 881 1176 Getarum
904 1115 966 1176 sub
990 1126 1158 1180 recentem
1180 1115 1309 1176 cladem
1333 1135 1390 1198 pa-

164 1205 262 1259 tuere
294 1215 474 1280 procerum
508 1195 643 1274 domus,
676 1199 821 1258 fomenta
854 1207 889 1260 et
920 1197 1042 1262 medici
1071 1199 1193 1282 passim
1221 1199 1390 1282 praebiti,

78 1327 81 1340 .
164 1283 292 1362 fuitque
313 1277 400 1342 Urbs
431 1298 493 1360 per
521 1279 597 1344 illos
625 1277 706 1356 dies,
740 1299 925 1362 quanquam
952 1289 1077 1348 maesta
1104 1281 1200 1359 facie,
1232 1289 1390 1344 veterum

163 1363 328 1426 institutis
353 1363 484 1439 similis,
517 1363 573 1446 qui
600 1381 718 1450 magua
748 1372 825 1445 post
845 1363 975 1446 proelia
995 1365 1127 1428 saucios
1149 1364 1337 1450 largitione
1358 1373 1391 1426 at

163 1465 246 1508 eura
266 1446 504 1509 sustentabant.

235 1569 259 1621 1.
280 1561 409 1616 dimoveri
426 1563 531 1629 obruto,
551 1561 665 1632 rudera,
683 1564 797 1618 ruinae.
817 1597 851 1608 -
870 1563 897 1616 ei
914 1563 1053 1630 confusior
1071 1565 1160 1631 facies
1184 1563 1312 1630 (mutata
1337 1564 1391 1620 eli-

164 1637 246 1690 sione
263 1652 317 1690 uec
334 1633 423 1688 facile
441 1635 635 1712 agnoscenda)
663 1668 696 1678 -
724 1635 838 1700 fecerat,
857 1637 895 1692 oi.
914 1635 1068 1704 Lucan-2,
1095 1641 1155 1694 167.
1188 1637 1323 1693 luveual.
1347 1641 1390 1702 15,

162 1711 198 1764 56
216 1725 258 1777 sq.
279 1703 333 1758 Sil.
352 1710 379 1772 t,
398 1707 459 1762 242.
479 1710 508 1770 9,
534 1709 596 1764 338.
623 1739 656 1750 -
682 1706 732 1758 aed
751 1723 808 1776 por
831 1708 919 1774 formo
944 1707 1036 1764 etis.
1063 1707 1232 1762 restitutum
1258 1727 1276 1764 a
1293 1707 1389 1766 Bekk.

162 1777 301 1848 nobisque
318 1793 374 1848 pro
391 1775 473 1852 vulg.
494 1783 519 1828 et
535 1793 591 1844 por
608 1779 705 1844 formo.
726 1811 759 1822 -
780 1779 983 1848 Quinquaginta
1000 1779 1129 1833 domim
1147 1781 1255 1834 millio.-
1274 1779 1392 1852 „Supra

161 1849 266 1916 viginti
283 1845 436 1905 bominum
456 1845 552 1902 millia
569 1850 693 1920 periisse
712 1865 745 1904 eo
765 1867 833 1904 eaeo
850 1853 933 1904 aiunt
952 1845 1031 1906 Suet.
1055 1849 1119 1904 Tib.
1143 1855 1186 1908 4⁰.
1211 1860 1241 1906 et
1267 1851 1390 1906 Orosius

162 1923 190 1986 7,
211 1923 237 1976 4.
274 1919 382 1974 Noster
399 1919 605 1989 quinquaginta,
625 1919 676 1976 sod
693 1921 782 1974 latius
802 1941 930 1988 sumans,
949 1921 1116 1990 debilitatos,
1142 1939 1201 1976 uon
1220 1920 1321 1978 solum
1341 1925 1389 1976 ob-

163 1991 365 2060 tritoe.“1.ipe.
386 1991 593 2055 -debiiitata,
614 1991 759 2046 mutilata.
780 1995 1031 2060 -glodiotoriton
1054 2011 1159 2048 manaa:
1185 1995 1217 2048 in
1235 1991 1296 2051 MS.
1324 1997 1388 2061 glo-

123 2115 127 2132 ,
161 2062 295 2116 diatonum
313 2079 413 2128 monus,
432 2062 508 2118 unde
525 2061 617 2122 lleklr.
645 2063 727 2117 dedit
743 2063 930 2129 gladiatorum
948 2081 1046 2122 munus.
1073 2099 1106 2108 -
1132 2065 1178 2118 cui
1200 2066 1288 2119 minor
1314 2075 1389 2122 esset

160 2153 248 2260 quam
267 2135 520 2202 quadringentorum
538 2135 649 2188 millium
667 2133 724 2192 HS.
752 2152 797 2188 ree
816 2155 854 2193 so.
874 2135 1039 2204 familiaris,
1064 2153 1165 2192 census
1184 2145 1333 2210 equester.
1358 2157 1394 2192 v.-

182 2205 235 2262 lin.
255 2210 300 2272 33,
319 2209 345 2264 2.
366 2205 444 2263 Suet.
464 2206 496 2260 in
515 2205 594 2264 Caes.
615 2224 640 2266 e.
658 2207 703 2264 33.
732 2207 765 2260 in
782 2207 852 2264 Ner.
873 2225 897 2265 c.
918 2213 960 2264 11.
981 2207 1014 2260 in
1031 2207 1114 2266 Dom.
1144 2225 1168 2263 c.
1188 2209 1214 2264 8.
1240 2209 1320 2266 Plio.
1341 2229 1388 2280 ep.

160 2284 188 2346 1,
212 2282 251 2334 to.
282 2277 399 2332 Ruhnk
427 2275 464 2332 ad
487 2278 562 2336 Vell.
587 2281 615 2346 2,
643 2280 687 2336 32.
724 2278 859 2334 Ernestii
882 2279 955 2334 olav.
982 2279 1045 2337 cte.
1069 2281 1102 2334 in
1119 2279 1264 2366 Iud-leg.
1290 2300 1322 2354 p.
1341 2283 1396 2352 35.

160 2347 314 2418 „liackius
333 2349 416 2415 dicit,
435 2366 490 2402 reu
506 2347 571 2402 h.l.
598 2367 658 2404 non
687 2367 748 2406 esse
771 2368 836 2404 rem
859 2350 1048 2418 familiarem,
1075 2349 1302 2428 Vermogen,
1336 2351 1387 2408 sed

160 2423 284 2488 reditus,
303 2419 480 2475 Einkiinl'
483 2427 533 2487 te,
553 2421 838 2496 quadringentorum
855 2423 935 2477 euim
952 2419 1081 2476 millium
1100 2440 1218 2476 censum
1243 2440 1306 2478 non
1325 2425 1388 2477 suf·

159 2493 308 2548 facturum
331 2492 422 2546 fuisse
446 2491 550 2546 damno
582 2491 751 2560 reficiendo,
782 2493 819 2548 ad
847 2493 925 2564 quod
951 2493 1143 2548 reficiendum
1171 2493 1248 2548 illud
1274 2493 1387 2550 SCtum

153 2563 346 2636 spectaverit.
384 2563 447 2618 lloo
465 2579 536 2618 vero
555 2580 615 2618 non
632 2561 669 2618 ad
695 2561 727 2618 id
744 2565 940 2632 referendum,
966 2564 1017 2620 aad
1039 2583 1077 2619 ue
1103 2565 1169 2636 quis
1192 2566 1221 2618 ia
1245 2567 1386 2620 sordidam

158 2637 302 2688 mercedem
324 2633 380 2687 tole
406 2635 542 2702 negotium
569 2641 718 2704 quaereret,
740 2645 776 2688 ut
798 2635 916 2692 Atilius.
942 2653 974 2696 v.
990 2653 1053 2708 cap.
1079 2637 1144 2693 ott
1172 2637 1282 2692 Watrt.
1328 2639 1387 2692 Hic

158 2707 298 2834 peffie
317 2705 419 2761 modus
442 2707 572 2764 ruuneris
599 2707 692 2778 ipsius
716 2707 887 2764 tacultmem
905 2707 964 2774 slat,
988 2723 1048 2764 uon
1072 2705 1288 2780 amphitheatri
1306 2718 1387 2766 etm-

161 2796 196 2834 eu
233 2796 243 2844 3
287 2793 332 2832 ra.
963 2787 966 2795 '
1297 2794 1302 2798 “

228 2887 255 2941 2.
278 2885 327 2937 aab
349 2889 479 2938 recentem
498 2845 616 2952 ,cmm
640 2885 739 2939 statim
763 2893 831 2958 post
854 2880 1007 2949 {nimae
1024 2889 1069 2958 lb,
1094 2886 1137 2944 ts.
1162 2887 1206 2944 Of.
1226 2887 1319 2945 an
1350 2889 1386 2943 ad

159 2955 222 3013 biv.
242 2960 270 3024 t,
289 2958 332 3013 55.
368 2982 404 2995 -
426 2957 533 3023 mediet,
552 2975 581 3014 v.
608 2956 644 3011 ad
669 2963 695 3024 1,
720 2961 763 3022 tr,
780 2961 808 3014 2.
837 2965 867 3014 et
882 2961 912 3025 o,
931 2959 975 3016 bd.
1008 2989 1041 3003 -
1059 2963 1176 3014 ueterum
1192 2959 1332 3015 institutis
1351 2993 1384 3004 -

159 3029 401 3116 automedonta.
420 3027 457 3083 ad
474 3033 501 3097 1,
521 3033 565 3095 tl,
584 3031 609 3086 2.
629 3032 705 3094 et·8‚
724 3031 753 3092 5,
771 3030 799 3086 2.

586 3179 780 3240 CAPUT
833 3181 952 3238 uxtt‘.

241 3289 399 3354 Nondum
421 3290 591 3355 amclades
612 3292 816 3371 exoleverat,
838 3311 941 3374 quum
961 3291 1050 3378 ignia
1072 3293 1234 3356 violentia
1254 3292 1381 3357 Urbem

158 3375 249 3436 ultra
276 3377 412 3437 solitum
439 3377 551 3437 affecit
584 3373 703 3439 deusto
723 3383 838 3438 moute
868 3373 996 3436 Caelio:
1027 3377 1233 3460 feralemque
1256 3395 1382 3438 anuum

158 3457 311 3518 terebant
347 3466 381 3519 et
412 3459 579 3519 ominibus
612 3455 761 3522 adversis
798 3467 987 3541 susceptum
1015 3457 1165 3540 Principi
1202 3461 1382 3522 consilium

157 3541 324 3606 absentiae
352 3543 410 3624 qui
432 3561 502 3603 mos
524 3542 638 3628 vulgo,
659 3542 802 3603 fortuita
823 3537 864 3603 ad
886 3541 1017 3622 culpam
1042 3543 1226 3620 trahentes,
1247 3545 1284 3604 ui
1299 3541 1382 3604 Cae-

37 3666 40 3683 .
158 3643 215 3686 aar
236 3623 370 3688 obviam
391 3626 472 3688 isset
492 3623 672 3707 tribuendo
694 3625 851 3710 pecunias
875 3645 915 3689 ex
936 3623 1035 3686 modo
1058 3623 1264 3690 detrimenti.
1316 3627 1381 3688 Ac·

158 3715 275 3787 taeque
305 3709 337 3768 ei
364 3715 478 3792 pratea
499 3705 594 3790 apud
630 3717 781 3780 senatum
814 3708 858 3770 ab
886 3693 1080 3777 illustribus·
1107 3713 1259 3792 famaque
1288 3707 1381 3791 apud

157 3789 330 3872 populum,
353 3792 430 3872 quie
452 3793 526 3852 sine
547 3791 729 3855 ambitione
750 3798 814 3854 aut
833 3795 1075 3873 pnoximerum·
1102 3793 1235 3857 renibus
1246 3797 1381 3880 ignotos

157 3875 258 3936 etiam
278 3883 313 3935 et
332 3875 427 3936 ultro
448 3876 572 3938 aeottoa
595 3874 992 3940 munificentiauuvemt.
1036 3875 1063 3934 A
1088 3875 1219 3937 duntur
1249 3883 1381 3937 senten·

157 3958 240 4036 tiae,
281 3967 321 4020 ut
362 3973 455 4033 mons
477 3955 621 4020 ‘Caelios
654 3959 698 4018 ἰη
727 3967 898 4040 posterum
933 3956 1104 4105 streperos
1138 3959 1381 4040 appellaretur,

156 4039 286 4124 quando
319 4029 446 4126 cunctis
470 4043 603 4111 'diacum
620 4041 853 4128 ''flagrantibus
887 4039 956 4103 sola
1020 4041 1121 4104 iberii
1149 4042 1273 4130 effigies
1317 4043 1380 4104 sita

156 4125 192 4184 in
215 4123 314 4187 domo
336 4111 821 4208 Iunii'‘bepatorisffipviolma'
841 4127 1026 4188 mansisset.
1069 4125 1229 4190 Evenisse
1249 4125 1288 4190 id
1307 4125 1380 4188 olim

137 4203 316 4280 ,Claudiae
353 4207 535 4288 Qttt'fltltttt·
570 4210 698 4290 duoque
731 4217 872 4280 ,statuam
904 4211 963 4271 vim
996 4211 1119 4291 ignem
1151 4208 1204 4272 bio
1241 4210 1379 4291 elapsam

156 4290 290 4352 rooiom
315 4291 403 4367 opud
428 4291 535 4356 oedem
555 4292 678 4355 Matris
709 4291 797 4353 deum
827 4297 1079 4358 consecravisse:
1111 4303 1244 4358 sanctos
1266 4313 1373 4372 accere
1436 4363 1437 4368 .
