2904 4798
932 4 946 47 b

173 249 237 318 677
573 247 822 316 enumera
843 243 928 316 teti.
951 249 1012 314 vt.

51 489 56 500 ,
172 437 213 482 sa
233 432 295 480 auo
315 437 392 482 usu*
432 415 521 482 Nam
609 417 660 480 uli
680 417 858 500 imperium
879 419 973 481 iuxta
995 417 1195 496 libertatem,
1216 415 1396 502 pannorum

174 501 361 564 dominatio
382 503 497 588 regiae
517 435 654 564 lililnt
673 504 817 586 propior
838 511 898 566 est
941 501 1031 566 Tum
1053 499 1289 566 adventantem
1308 501 1396 564 Tiri·

174 582 275 650 daton
295 585 463 649 extollunt
482 591 636 648 veterum
658 603 778 672 regum
808 585 993 650 bonoribua
1015 593 1050 648 et
1070 605 1154 668 quoe
1175 593 1396 652 recensentes

170 669 301 757 largius
320 669 468 732 invenite
490 669 591 730 simul
610 668 735 751 probra
756 669 1012 732 indrtabauunr
1034 667 1229 746 fundebant,
1252 676 1397 732 materne

171 754 307 838 origine
326 751 535 828 Arsaciden,
556 761 671 816 uetera
690 750 899 838 degenerem.
943 750 1115 816 Tiridates
1134 771 1208 814 rem
1224 751 1397 814 Seleucen·

170 855 240 898 sem
268 835 392 918 populo
424 837 602 918 permittit.
645 834 730 896 Mox
763 837 965 914 consultans,
996 855 1140 918 quonam
1168 833 1224 896 die
1251 835 1398 898 solennia

170 919 269 1006 regui
289 925 484 1000 capesseret,
513 918 629 981 literae
650 917 804 982 Phraatis
825 925 860 980 et
881 919 1055 997 Hieronis,
1089 919 1147 999 qui
1173 917 1398 981 validissimas

169 1003 397 1086 praefecturas
433 1001 639 1079 obtinebant,
676 1001 799 1082 accipit
832 1001 968 1066 brevem
1002 1020 1133 1064 moram
1170 1001 1397 1084 precantium:

168 1085 328 1168 plinton
350 1104 394 1147 ne
420 1085 573 1168 opperiri
599 1086 692 1148 viros
724 1085 980 1167 praepollentis3
1012 1095 1110 1170 atque
1135 1085 1274 1148 interim
1297 1081 1398 1146 Ctesi-

168 1165 261 1250 pbon
293 1187 309 1230 s
353 1187 390 1232 es
416 1169 552 1250 imperii
584 1168 698 1249 petita.
742 1165 808 1230 Sed
834 1168 894 1231 nbi
921 1167 1010 1232 diem
1032 1189 1073 1231 ex
1094 1165 1150 1231 die
1177 1167 1399 1251 prolatabant,

168 1253 283 1316 multis
306 1267 421 1316 eorem
447 1260 482 1314 et
511 1249 773 1334 approbantibus
802 1249 934 1316 Surena
968 1254 1082 1337 patrio
1108 1271 1204 1314 more
1223 1249 1399 1314 Tiridaten

169 1335 296 1424 insigni
322 1335 418 1424 regio
448 1335 587 1399 eviuxit.

243 1475 269 1528 l.
285 1470 475 1538 demorarer,
494 1469 626 1526 Sdeneia
642 1471 678 1525 ad
766 1471 818 1537 ian,
837 1469 1055 1542 alltabylonia,
1074 1467 1178 1524 &ntor
1191 1476 1306 1540 paena,
1325 1476 1400 1539 ειμι

168 1541 270 1610 meria,
295 1545 380 1598 onius
397 1544 533 1599 eonditor
550 1469 837 1608 seimonTrl‘intor,
866 1545 979 1629 primus
998 1541 1104 1612 Syriae
1121 1559 1174 1598 rex
1236 1550 1265 1594 ot
1291 1541 1400 1598 obitum

169 1613 330 1669 Alexandri
348 1617 386 1668 Μ.
407 1615 557 1682 „Solaria
575 1631 655 1668 nune
672 1615 756 1670 vienn
774 1623 829 1682 est,
847 1613 945 1670 dietus
967 1613 1000 1666 el
1013 1613 1148 1668 Modein.
1249 1612 1400 1668 Seleuciae

170 1693 201 1740 et
220 1683 420 1756 ctesiphontis
438 1685 593 1741 ruderibus
611 1685 732 1741 Abdalla
749 1686 935 1742 Almansom
952 1701 1030 1740 auno
1045 1685 1176 1762 liegirae
1193 1688 1255 1742 14⁰.
1277 1703 1309 1758 p.
1332 1684 1399 1740 cnr.

169 1759 232 1813 767.
250 1755 355 1811 urbem
372 1758 502 1826 Begded
519 1757 658 1812 condidit.
666 1755 686 1785 ‘⁴
709 1759 794 1815 Bret.
830 1757 991 1812 Abuliedae
1012 1756 1193 1828 temporibus
1211 1757 1271 1810 duo
1290 1757 1335 1810 ibi
1353 1773 1369 1810 o

167 1827 236 1952 pipp
252 1831 348 1894 tuere,
367 1826 453 1883 satae
471 1837 502 1884 et
518 1826 722 1886 liebri-debir·
748 1827 795 1885 Gi.
814 1837 882 1882 nota
893 1832 920 1886 7.
940 1836 970 1882 et
988 1827 1062 1895 adl,
1081 1831 1128 1894 67,
1146 1831 1172 1886 7
1192 1833 1236 1895 11,
1254 1830 1285 1886 θ.
1305 1827 1398 1882 sin.

262 1917 291 1971 p.
312 1901 372 1956 738.
393 1901 481 1955 Hard.
501 1900 537 1955 ad
555 1899 632 1954 Plin-
650 1901 678 1965 6,
696 1902 742 1958 76.
761 1919 785 1954 s.
804 1903 849 1958 eo.
868 1908 899 1955 et
916 1901 1059 1956 biannert.
1078 1915 1180 1980 geogr.
1197 1902 1272 1965 vn.
1287 1917 1318 1972 p.
1336 1903 1397 1956 tta.

168 2001 203 2014 -
221 1987 309 2041 nequ
325 1971 359 2024 in
375 1971 527 2026 barborum
544 1975 694 2042 corruptor
713 1971 846 2039 „Graece
864 1967 897 2026 oi
909 1971 1122 2044 tempestae
1139 1973 1179 2030 ets
1195 1966 1228 2025 ri
1245 1967 1399 2042 μάρμαρον,

167 2045 240 2110 (nou
259 2044 340 2096 enirn
357 2043 454 2102 intell.
470 2059 574 2132 eornm
590 2043 641 2098 rel
658 2043 779 2112 meren)
796 2043 846 2098 aed
862 2044 1022 2098 conditoris
1046 2042 1158 2098 setores·
1174 2043 1317 2109 retineas,
1334 2042 1398 2100 lue.

167 2115 557 2254 ternaria:
580 2123 680 2242 en
694 2114 1104 2242 exteteret
1119 2131 1192 2242 n
1210 2131 1400 2242 ...Ἣ

166 2273 250 2382 '⁸⁰53
268 2257 799 2386 tit-{timentum
831 2253 1400 2394 ”diffinitam

166 2418 182 2452 a
215 2399 367 2471 βάρβαρον,
387 2401 488 2458 Germ.
511 2401 815 2466 ausliindiscben,
847 2399 1164 2456 iremdesWesen
1186 2401 1259 2456 und
1283 2399 1399 2466 Sitte,

166 2473 246 2538 utgii.
258 2475 285 2538 6,
296 2476 322 2530 2.
343 2479 373 2527 et
388 2473 521 2538 eonditor
538 2490 595 2545 pro
609 2473 749 2542 moribus,
764 2474 919 2539 institutis,
938 2473 1051 2548 legibus
1063 2471 1234 2527 conditoris.
1259 2491 1289 2526 r.
1306 2475 1345 2526 ad
1362 2477 1400 2534 12,

167 2545 215 2608 il,
226 2547 251 2599 1.
271 2544 303 2599 in
320 2544 474 2600 bardorum
485 2551 631 2614 compte,
650 2547 689 2603 cf.
702 2545 765 2602 lnd.
779 2545 834 2598 111.
854 2561 884 2600 v.
900 2543 1002 2600 Oratio
1009 2559 1184 2612 praegnans.
1197 2573 1231 2584 -
1250 2545 1400 2614 aperietur

167 2612 308 2668 Portitor.-
326 2615 376 2668 obi
391 2625 446 2670 cet
467 2616 511 2671 lta
526 2617 590 2672 edd.
604 2615 696 2673 Rlaen.
708 2621 736 2674 7.
749 2617 775 2672 3.
795 2625 825 2670 et
842 2633 900 2670 ree.
919 2621 1113 2684 apmuntnre
1131 2613 1266 2682 Partim
1279 2619 1336 2672 oei
1346 2625 1398 2672 oet

166 2683 227 2739 MS.
248 2685 311 2744 edd.
331 2687 397 2740 Ber.
416 2687 509 2745 liben.
529 2691 556 2744 l.
577 2715 610 2726 --
647 2705 712 2742 noan
727 2687 828 2757 populi
850 2687 1109 2756 imperinm‘ioeta
1126 2688 1299 2755 libertatern,
1331 2705 1400 2758 per·
1436 2745 1437 2756 ¹

166 2773 265 2812 eonem
282 2759 441 2813 dominatio
459 2759 561 2830 regiae
579 2759 702 2815 libidini
714 2759 836 2829 propior
853 2766 907 2828 eet,
935 2769 970 2813 nt
993 2759 1130 2812 velociter
1154 2759 1238 2814 irato
1260 2761 1400 2828 fonnidi-
1436 2777 1437 2820 ;

167 2845 240 2896 nnn,
259 2831 402 2884 eonototio
418 2831 540 2900 propior
556 2832 735 2886 conetentiee
753 2837 795 2885 eat
815 2831 853 2885 G.
872 2835 917 2887 3⁰.
954 2831 1041 2885 lente
1060 2831 1173 2901 aliquid
1198 2849 1262 2886 esse
1287 2832 1400 2886 dicitnr

166 2901 245 2972 quod
270 2901 298 2956 ei
321 2903 490 2974 proximum
515 2911 559 2957 est
584 2911 614 2958 et
638 2903 837 2970 simillimum,
869 2902 968 2958 Genu.
988 2901 1142 2968 niiehst‚
1168 2903 1223 2956 Gr.
1243 2899 1340 2973 ἔγγὺς,
1368 2911 1398 2954 nt

166 2965 319 3046 lyyo'rapor
336 2973 420 3029 οὐδέν
438 2974 513 3027 ἔστιν
529 2970 620 3029 ὕπνου
643 2977 681 3044 τῷ
698 2973 868 3044 ἀνθρωπίνῳ
891 2967 1006 3044 θανάτῳ
1032 2991 1077 3046 ap.
1097 2972 1159 3029 cio.
1184 2977 1222 3031 el.
1242 2981 1269 3040 t,
1291 2977 1398 3038 13.1t,

167 3046 211 3100 47.
231 3045 268 3098 li.
288 3048 317 3112 7,
336 3047 381 3101 76.
410 3047 447 3104 G.
466 3049 511 3104 71.
536 3046 602 3104 hir.
627 3049 654 3113 9,
673 3049 700 3104 7.
737 3045 861 3114 „Sensus
889 3056 948 3100 eat:
982 3045 1085 3116 Populi
1111 3045 1270 3116 imperium
1294 3065 1398 3118 parurn

166 3115 247 3170 abest
264 3135 281 3171 a
299 3117 446 3184 libertate,
465 3135 539 3190 quae
557 3119 705 3173 contraria
722 3135 826 3194 regum
844 3117 1049 3172 dominationi.
1087 3117 1222 3172 {miurus
1247 3126 1295 3172 est
1319 3117 1398 3171 'llan-

166 3187 302 3258 eydidem
318 3191 347 3253 d,
366 3191 410 3246 67.
431 3190 482 3244 ubi
500 3186 645 3258 ὀλιγαρχία
663 3189 774 3244 dieitur
790 3205 853 3244 esse
871 3183 1012 3260 ἐγγυτάτω
1030 3182 1178 3262 τυράννου.
1214 3187 1299 3244 ldem
1311 3197 1339 3258 1,
1356 3194 1396 3246 13.

166 3253 304 3330 lypeirore
320 3261 370 3314 τοῦ
388 3263 441 3316 νῦν
458 3255 597 3332 τρόπου..“
624 3261 697 3316 Ern-
918 3289 921 3296 ·
1124 3305 1129 3316 .

236 3351 254 3406 7
286 3349 441 3406 Tiridaten
459 3351 598 3420 extollent
617 3357 739 3405 oetnnm
757 3367 857 3420 regnan
874 3347 1038 3418 bonoribus,
1061 3369 1092 3408 v.
1120 3351 1157 3407 ed
1181 3357 1207 3420 1,
1225 3354 1254 3419 7,
1273 3357 1303 3412 6.
1324 3362 1356 3407 et
1372 3356 1397 3418 2,

165 3421 212 3484 5³,
231 3421 258 3476 7.
279 3449 312 3462 -·
348 3429 479 3478 materno
496 3422 612 3492 origine
629 3423 813 3490 Arsaciden,
833 3424 883 3488 (cf.
904 3421 940 3476 ad
956 3425 984 3488 7,
1005 3421 1087 3490 1,1.)
1105 3431 1200 3478 cetere
1219 3425 1255 3478 de
1277 3441 1396 3490 onerem,

165 3509 194 3546 r.
220 3491 256 3546 ad
281 3510 306 3546 c.
326 3497 371 3552 15.
397 3513 426 3552 u.
447 3499 471 3552 l.
505 3501 630 3566 paterno
657 3493 772 3564 origine
794 3510 870 3549 corr.
901 3492 1037 3550 rreinsh.
1064 3501 1095 3550 et
1111 3493 1203 3566 Ryok.
1240 3441 1396 3562 filiationes

165 3571 280 3634 ponunt
297 3565 387 3621 tales:
405 3567 513 3637 primo,
534 3568 603 3638 quia
620 3567 647 3634 7,
667 3569 693 3623 3.
732 3566 942 3620 Araeoidurom
966 3583 982 3621 e
1006 3565 1148 3635 sunguine
1165 3565 1332 3624 Artabanus
1357 3569 1397 3621 di·

166 3634 256 3688 citur.
292 3635 370 3690 Bene
387 3655 435 3692 res
457 3637 545 3692 undet
567 3637 642 3690 Ern.
673 3638 762 3692 etiam
784 3645 917 3708 posteros
947 3653 963 3692 e
986 3635 1102 3691 filiabus
1128 3639 1278 3714 sanguinis
1302 3640 1396 3694 nostri

165 3723 229 3762 ease
246 3707 296 3760 rel
316 3725 331 3762 e
350 3726 491 3784 sanguine
508 3715 619 3763 nosue.
649 3707 694 3766 cf.
724 3710 759 3764 ad
776 3713 805 3776 3,
822 3713 850 3774 l,
869 3713 896 3766 7.
916 3715 946 3764 et
971 3712 1000 3774 i,
1019 3712 1065 3776 57,
1083 3713 1110 3766 7.
1147 3707 1298 3764 Secundo:
1330 3711 1396 3782 quia

166 3779 312 3850 oppositio
331 3781 478 3834 nonsatis
497 3787 621 3846 constet,
652 3780 731 3851 qued
752 3780 846 3834 inerit
869 3797 926 3850 per
942 3789 1065 3835 matrem
1086 3797 1121 3835 ex
1139 3789 1227 3858 gente
1244 3781 1397 3837 heacida-

139 3907 140 3912 χ
166 3867 243 3916 rum,
261 3851 313 3905 sed
330 3853 461 3921 degener.
498 3851 679 3923 Respondeo,
715 3851 930 3924 oppositionem
954 3850 1007 3906 hie
1029 3867 1090 3906 non
1113 3870 1174 3906 osae
1198 3869 1275 3920 um,

167 3921 216 3974 illi
233 3930 347 3994 putant.
386 3923 556 3980 Concedunt
572 3921 770 3992 Seleucenses,
788 3922 968 3978 Artabanum
984 3932 1116 3979 materna
1137 3923 1255 3996 quidem
1279 3941 1296 3979 e
1353 3927 1360 3938 “
1383 3943 1397 3980 e

166 3991 335 4062 heacidern
363 4013 434 4064 esse,
467 4012 526 4050 non
551 3995 646 4073 igitur
709 3997 831 4050 nuinum
850 3993 1019 4050 Arseddem
1038 4003 1068 4052 et
1084 4013 1201 4066 purum,
1226 3993 1331 4050 Arsaci
1355 4015 1397 4051 em

165 4071 274 4131 tamen,
299 4074 403 4134 oeten,
428 4075 559 4122 ceterum
578 4081 650 4121 vero
692 4081 847 4137 egenerern,
865 4075 909 4134 ut,
928 4067 954 4122 ai
972 4067 1007 4122 ob
1026 4065 1174 4144 originem
1195 4068 1271 4121 ferri
1289 4069 1395 4139 possit,
1436 4075 1437 4136 j

167 4133 363 4192 intolerabilis
382 4137 431 4207 sit,
451 4139 520 4209 quia
538 4139 761 4217 degeneraverit
778 4137 916 4193 moribus.
952 4135 1069 4193 Tertio:
1098 4139 1165 4210 quia
1185 4118 1295 4192 inatres
1322 4137 1397 4211 apud

166 4203 289 4259 Parthos
309 4225 403 4279 neque
420 4209 524 4263 darem
542 4227 639 4294 neque
656 4213 808 4266 auferrent
823 4209 1019 4280 nobilitatem,
1036 4217 1073 4262 ut
1091 4217 1187 4282 pateat
1204 4211 1237 4264 in
1250 4211 1396 4288 Vologese
1436 4217 1437 4228 ¹

166 4281 299 4330 materne
326 4279 442 4348 origine
467 4297 504 4334 ee·
524 4283 627 4350 petisne
650 4283 760 4336 &uere
786 4289 855 4336 nato
882 4284 927 4348 17,
954 4285 1000 4339 tt.
1047 4281 1225 4354 Respondeo,
1252 4282 1395 4355 pellicem

167 4344 309 4404 Graeearu
327 4365 387 4406 uon
404 4367 469 4406 esae
485 4367 590 4424 parem
607 4353 721 4432 virgini
740 4371 757 4412 e
774 4355 867 4426 stirpe
884 4351 1089 4410 meantem
1112 4359 1195 4410 natae
1219 4361 1250 4408 et
1276 4355 1307 4408 in
1336 4373 1396 4408 rna·
1436 4377 1437 4434 3
