2828 4794
219 251 226 260 .
263 207 407 276 curor
426 207 535 278 nxx.
568 208 629 312 (a,
644 207 684 278 u.
704 209 779 282 ses.
806 205 996 290 n.c.1s.)
1174 211 1232 276 ιιι

43 378 147 456 sugebat
170 393 204 434 se
221 376 331 443 verbis,
360 383 395 430 ut
419 377 556 454 graviora
578 377 765 446 viderentm
796 375 869 430 Em.
898 376 945 432 ct.
970 371 1033 430 lud.
1061 373 1100 430 ss.
1137 373 1189 430 Sic
1204 385 1234 432 et

42 465 185 520 oggrooore
210 457 240 504 et
265 455 360 504 contr.
377 448 492 516 terere,
519 449 638 516 eleuare,
669 467 742 520 quse
766 464 820 519 pro
842 449 887 502 rie
910 449 1048 502 dicuntur
1075 447 1110 502 da
1134 463 1238 502 onerer

42 523 76 578 De
90 521 186 576 seiano
203 539 233 574 v.
252 525 280 586 l,
298 521 344 576 tt.
364 527 394 575 et
411 522 439 586 4,
459 525 486 576 1.
505 553 539 566 -
558 521 669 589 peritia
686 537 796 574 mrum
816 466 848 572 d.
866 537 896 573 r.
915 520 951 596 ad
970 521 1050 586 1,59,
1069 521 1096 576 ³.
1117 550 1149 562 -
1164 520 1233 580 odio

41 595 66 646 s'o
80 593 185 661 longum
201 590 322 658 iactent,
343 598 468 658 struens,
490 600 525 646 ut
544 592 597 646 Gr.
615 586 726 659 βάλλειν
742 595 779 658 τί,
798 591 891 645 multo
909 598 1042 660 tempore
1060 597 1128 644 ante
1146 609 1233 674 quam

41 673 243 735 pmmerentur;
268 659 376 716 Watet.
415 661 502 729 „odit
525 664 677 718 materiam
701 680 876 735 praeparans
902 669 932 716 et
963 661 1074 716 semina
1106 661 1232 716 invidiae

41 753 160 812 spargens
178 737 209 788 in
228 734 357 788 aniuuum
374 733 496 802 Tiberii,
516 753 589 806 quae
608 733 696 812 longo
716 743 853 806 tempore·
865 741 933 804 post
950 751 981 786 se
1000 739 1157 786 exsereret.
1183 731 1232 786 Se·

41 808 139 876 quentia
156 823 225 876 puae
243 806 408 859 reconderet
426 813 481 860 cet.
501 806 536 861 de
553 805 671 860 Tiberio
690 805 883 880 intelligenda
902 811 1017 858 suntet
1036 803 1183 874 explicant
1200 803 1233 856 ιἰι

41 879 138 946 longum
157 877 203 930 s'.“
234 877 306 930 Em.
339 876 386 932 Gt.
406 877 801 934 tnd.11.v.1n.Ern‹litns
828 876 945 948 ιῐιιὶᾱιιιι
974 875 1050 930 coni.
1087 875 1231 940 incientis,

41 949 178 1024 eleganter,
197 965 257 1004 non
275 965 361 1015 vere,
388 949 477 1016 Wolf.

447 1093 639 1150 entur
692 1095 795 1148 lnXX.

105 1217 146 1281 lt
164 1219 381 1284 Germanicus
403 1207 583 1308 legionum,
616 1239 695 1302 quas
716 1219 856 1282 navibus
882 1227 1029 1298 vexerat,
1056 1218 1233 1282 secundam
1267 1280 1269 1284 ,

40 1308 65 1361 et
81 1313 224 1383 quartam
246 1303 406 1366 dommum
426 1306 551 1366 itinere
571 1305 729 1366 terrestri
751 1304 785 1368 P.
807 1303 948 1366 Vitellio
970 1299 1136 1364 ducendas
1163 1311 1232 1364 tre-

40 1382 86 1459 dit,
105 1407 164 1468 quo
186 1388 295 1450 levior
316 1387 430 1450 classis
451 1385 575 1451 vadoso
596 1388 681 1448 mari
702 1387 835 1471 innaret
861 1385 917 1449 vel
939 1386 1112 1468 reciproco
1144 1383 1250 1450 side,

39 1477 87 1531 ret.
126 1469 283 1532 Vitellius
311 1471 457 1552 primum
483 1471 550 1532 iter
577 1469 667 1531 sicca
692 1468 793 1532 humo
824 1476 883 1530 aut
912 1466 1042 1530 modice
1071 1469 1233 1533 allabente

39 1561 113 1612 nesto
132 1555 281 1635 quietum
301 1553 433 1615 habuit:
455 1573 532 1615 mox
552 1553 698 1635 impulsu
718 1553 892 1635 aquilonis,
924 1552 1023 1614 simul
1048 1549 1159 1614 sidere
1179 1571 1233 1612 ae-

38 1635 189 1773 puinoctii,
224 1656 290 1718 quo
311 1637 453 1698 maxime
480 1635 820 1714 tumescit-Oceanus,
853 1637 927 1718 rapi
954 1637 1075 1736 egique
1103 1653 1231 1722 agmen.

58 1719 301 1802 topplebuutur
321 1727 452 1784 terrae:
486 1717 602 1782 eadem
623 1722 721 1792 freto,
742 1719 848 1797 litori,
876 1738 999 1800 campus
1027 1719 1145 1794 taciem
1176 1737 1234 1778 ne-

38 1818 86 1940 pus
109 1800 253 1864 discerni
282 1810 439 1884 poterant
466 1803 594 1864 incerta
625 1801 667 1864 eb
700 1801 825 1874 solidis,
860 1801 976 1864 brevia
1002 1820 1021 1863 a
1048 1799 1232 1884 profundis.

56 1889 224 1947 temuntur
244 1886 413 1966 fluctibus,
444 1883 652 1947 hauriuntur
682 1885 891 1974 gurgitibus:
933 1887 1091 1964 iumento,
1131 1887 1234 1946 sarci·
1267 1905 1270 1912 ⁴

39 1982 94 2042 ute,
112 1985 255 2052 corpore
277 1970 429 2030 exanime
448 1969 659 2047 interfluunt,
681 1976 868 2030 occursant.
911 1967 1162 2028 Permisoeutur
1182 1968 1234 2028 in·

37 2053 78 2107 ter
95 2069 127 2112 se
145 2051 321 2134 manipuli,
341 2050 440 2114 modo
486 2059 610 2124 colore,
632 2049 731 2112 modo
754 2057 930 2113 oretenus
958 2057 1135 2134 exstantes,
1172 2049 1233 2112 ali-

38 2130 145 2209 qundo
165 2135 341 2200 subtracto
362 2135 433 2198 solo
481 2135 587 2198 ‘lecti
607 2141 666 2195 aut
697 2133 822 2196 obruti.
865 2131 944 2194 Non
975 2151 1042 2197 vox
1064 2137 1098 2194 et
1124 2133 1234 2194 mutui
1291 2175 1295 2184 ,

37 2209 168 2280 bortatur
190 2219 353 2282 iuvabunt
373 2216 572 2282 adversante
592 2215 697 2278 unda:
732 2215 817 2278 nihil
844 2222 1001 2278 strenuus
1033 2215 1073 2278 ab
1100 2217 1112 2275 i
1136 2229 1233 2294 nevo,

37 2301 206 2376 sapienetm
228 2299 321 2372 rudi,
343 2301 483 2364 consilia
504 2311 524 2362 sl
545 2320 625 2362 cusu
646 2297 798 2364 differre:
831 2298 950 2362 cuncte
970 2299 1046 2381 pari
1072 2235 1234 2360 ridlentia

37 2378 288 2453 involvebantur.
329 2382 481 2446 Tandem
502 2383 661 2446 Vitellius
683 2385 718 2444 in
740 2381 884 2446 editiora
904 2382 1017 2444 enisus
1031 2379 1156 2446 ,eodem
1178 2399 1234 2468 ag-

37 2481 97 2524 men
114 2465 280 2530 subduxit.
324 2467 571 2532 Pernoctavere
593 2467 666 2528 sine
686 2465 895 2540 utensilibus,
917 2466 1023 2528 sinei
1070 2465 1094 2542 i,
1115 2483 1234 2550 magne
1289 2505 1291 2514 ,

37 2563 98 2624 pars
115 2548 203 2612 nudo
226 2559 287 2613 aut
307 2552 451 2613 mulcato
472 2568 626 2632 corporo,
655 2547 745 2612 haud
764 2550 874 2612 minus
901 2549 1026 2611 misera
1049 2547 1108 2609 iles
1137 2566 1234 2630 quem

36 2647 101 2707 quos
122 2633 228 2696 bostis
258 2633 490 2698 circumsidet:
533 2635 657 2716 quippe
684 2634 751 2695 illis
788 2633 888 2695 etiem
923 2631 1082 2694 honestae
1115 2630 1234 2691 mortis

35 2726 110 2785 usus,
140 2717 191 2778 luis
213 2717 400 2803 inglorium
428 2718 577 2780 exitium.
604 2715 702 2778 'Lux
731 2713 879 2796 reddidit
905 2721 1052 2790 terram3
1081 2721 1235 2796 penetre-

35 2797 149 2878 tumque
174 2797 217 2860 ad
245 2818 375 2862 emnem
403 2799 589 2886 Visurgim,
621 2819 686 2882 quo
714 2796 838 2862 Caesar
870 2798 973 2860 classe
1005 2793 1233 2860 contenderat.

36 2870 192 2954 Impositos
219 2879 297 2944 dein
326 2883 485 2968 legiones,
516 2890 659 2969 uagante
685 2883 783 2959 fame,
813 2881 1015 2944 submersus:
1057 2897 1118 2940 nec
1152 2877 1235 2940 fides

36 2957 131 3024 salutis
152 2971 231 3026 ante
264 2984 360 3047 quam
382 2963 555 3028 Caesarem
577 2965 829 3046 exercitumque
851 2961 1009 3024 reducem
1031 2959 1166 3025 videre:

89 3083 114 3134 1.
131 3079 163 3134 P.
186 3079 318 3148 Visellio,
344 3080 379 3140 de
404 3098 461 3153 quo
479 3099 508 3135 r.
534 3081 598 3136 Ind.
618 3081 642 3136 1.
667 3089 697 3137 et
726 3080 805 3135 Suet.
825 3079 885 3132 Vit.
904 3080 932 3134 2.
962 3110 995 3122 -
1018 3077 1124 3132 vadoso
1145 3075 1235 3144 nturi,

35 3145 204 3206 utiliorum
223 3151 417 3223 (zuydersee)
453 3161 484 3208 et
511 3151 671 3224 Wymertz
697 3153 728 3204 ll.
754 3151 828 3206 mari
856 3150 998 3204 illabitur.
1025 3167 1055 3202 r.
1079 3147 1235 3204 Reichard.

35 3219 153 3276 Germm·
176 3242 207 3295 p.
229 3226 291 3282 108.
322 3256 354 3267 —
378 3223 456 3278 mos-i
480 3225 635 3295 reciproco,
668 3225 762 3280 refluo
784 3221 893 3290 (Ebbe)
926 3221 1051 3288 rideret,
1088 3239 1117 3275 r.
1146 3219 1182 3274 ad
1206 3223 1255 3286 λ’

35 3291 69 3355 ll,
86 3297 108 3348 l.
142 3293 197 3350 Est
219 3294 278 3349 hoc
305 3295 337 3348 in
364 3295 454 3351 litore
477 3295 661 3356 Chaucorum
685 3304 715 3350 et
733 3295 910 3360 Frisiorum,
937 3291 987 3346 ubi
1012 3309 1093 3346 mare
1111 3310 1127 3346 a
1145 3291 1235 3346 terris

35 3359 185 3439 longissime
204 3365 317 3422 recedit
334 3373 365 3420 et
383 3367 416 3420 in
434 3367 510 3422 sicco
528 3387 615 3422 naves
634 3366 784 3421 destituit:
810 3363 887 3436 quod
906 3365 968 3436 ipse
993 3371 1132 3435 expertus
1151 3380 1235 3430 sum3

35 3429 98 3500 Urs·
116 3467 147 3481 -
165 3437 264 3492 sidere
282 3437 457 3516 aequinoctii
474 3437 506 3493 b.
521 3440 543 3493 l.
562 3437 771 3504 auctumnalis3
797 3437 886 3502 Wolf.
921 3435 968 3490 Cf.
993 3435 1074 3489 Caes.
1094 3433 1129 3488 B.
1149 3433 1186 3488 G.
1206 3435 1235 3498 l,

33 3503 68 3558 ²8·
90 3515 116 3562 et
136 3507 232 3566 strab.
252 3509 306 3564 111.
332 3517 407 3564 extr.
431 3509 481 3566 ubi
508 3511 678 3565 Posidonius
700 3507 778 3562 baud
807 3509 887 3562 iuste
906 3505 1072 3574 refellitur,
1100 3504 1182 3575 Lips.
1203 3535 1236 3548 -

34 3578 86 3642 ’ψ’
100 3581 229 3650 primum
246 3599 263 3634 a
280 3581 426 3649 ductibus,
451 3589 512 3636 tum
535 3583 598 3651 agi,
622 3581 747 3654 portari,
764 3581 858 3648 ¹ferri,
882 3578 915 3632 ab
939 3578 1040 3645 undis,
1067 3575 1176 3632 Waltlt.
1203 3607 1235 3618 -

34 3649 113 3702 adem
134 3654 222 3719 freto,
248 3651 342 3720 litori,
368 3654 477 3722 cornps's
501 3653 606 3721 facies:
635 3670 695 3719 „ex
716 3651 774 3704 hoc
819 3649 990 3722 laribusque
1013 3649 1088 3703 locis
1111 3649 1236 3712 clarum,

33 3732 81 3773 nou
95 3723 183 3778 luisse
201 3724 266 3796 loco
285 3723 384 3778 litoris
403 3725 476 3780 olim
494 3725 641 3782 uenerias
660 3723 728 3778 illus
752 3668 844 3777 modes
869 3721 969 3776 verius
996 3737 1082 3805 Qum
1109 3727 1235 3782 montes,

34 3805 92 3856 quae
109 3793 253 3849 Oceanum
269 3793 357 3850 bodie
376 3805 490 3852 arcent:
520 3796 667 3852 succrevit
709 3813 724 3850 e
752 3793 895 3848 maiorum
913 3808 983 3847 aero
1011 3791 1065 3846 ulla
1082 3809 1238 3846 arenarum

33 3859 69 3912 uis
85 3865 191 3920 satione
210 3867 326 3934 curicis,
346 3883 405 3922 non
423 3869 487 3922 sine
504 3867 651 3922 monitore
669 3814 757 3921 d'dofl
775 3863 853 3936 sipi.
882 3897 916 3910 --
947 3863 1059 3916 incerta
1086 3879 1238 3948 opponun-

32 3935 72 3984 tur
86 3937 197 4006 solidis,
218 3939 295 4010 quia,
314 3937 364 3991 ubi
382 3939 475 3994 solida
492 3957 552 3996 non
570 3947 648 4004 sunt,
668 3937 709 3992 ibi
727 3937 866 4006 lubricus,
886 3935 1031 3990 instabilis
1057 3941 1087 3988 et
1105 3941 1237 3988 incertus

33 4005 138 4074 sulus
156 4011 230 4064 urs.
250 4009 296 4064 or.
315 4011 351 4064 ιι
369 4013 413 4077 ιι,
432 4013 477 4068 ro.
497 4011 548 4064 sn.
568 4019 598 4066 et
615 4009 653 4064 ιι.
672 4012 700 4077 s,
719 4011 747 4076 e,
767 4011 795 4066 s.
815 4039 846 4054 -
866 4005 975 4074 trenta,
1001 4001 1034 4058 ut
1050 4007 1166 4079 peges,
1192 4005 1237 4058 10-

34 4088 66 4138 ‘²⁹
87 4080 187 4149 qulbus
212 4099 285 4152 aqua
302 4075 367 4136 non*
376 4083 523 4152 profunda
542 4091 597 4136 est.
660 4075 671 4102 ⁶

88 4169 114 4223 2.
133 4171 332 4236 „sternamur
353 4169 426 4226 binc
452 4191 492 4228 sc.
511 4171 655 4240 homines,
687 4187 814 4296 ipsiorum
838 4169 919 4226 notio
947 4169 1020 4224 lutet
1045 4168 1077 4222 in
1094 4183 1165 4222 voce
1184 4182 1238 4234 cg-

34 4247 91 4302 Μ,
107 4271 139 4284 -·
157 4249 310 4297 orarent
327 4260 368 4298 sc.
386 4243 617 4300 hominibus-A
638 4243 700 4300 We
735 4259 752 4296 o
775 4242 900 4326 aliisque
925 4246 1059 4294 revocata
1086 4238 1238 4292 distinctio

34 4305 102 4363 elie.
120 4323 178 4368 vet.
205 4315 379 4370 &meter
395 4317 535 4383 Μίδαι,
554 4315 730 4372 λιιιιιιιιιιειιιΙ
745 4313 915 4384 'gurgitsbus
932 4311 1069 4378 tamea,
1090 4310 1238 4366 sordeas.-

1097 4571 1103 4602 l
