2774 4784
39 237 41 244 ,
174 181 317 238 mun
671 179 895 248 princeos

274 285 291 318 ⁸
868 277 873 290 .

174 357 313 429 ditione
347 352 523 442 imbutus,
562 353 628 448 qui
666 353 921 426 contemnebat
958 353 1082 448 potins
1120 351 1242 426 literas
1280 377 1372 449 quam

173 456 368 544 nesciebat,
394 463 568 547 tanquam
594 455 772 524 maiorem
797 452 998 524 industriae
1013 451 1170 546 gibriam
1191 453 1373 532 habitamus,

174 556 205 628 si
229 553 419 650 ingenium
445 553 525 624 eius
549 551 662 624 mdlis
687 551 890 624 alienarum
915 553 1050 624 artium
1075 552 1308 626 adminiculis
1331 555 1374 624 in-

68 699 73 708 ·
174 657 243 726 niti
267 655 462 726 videretur.
490 652 582 748 (cap.
609 652 661 740 2.)
712 650 818 724 Idem
852 651 1006 724 forensis
1042 662 1187 724 tantmn
1221 649 1374 750 eloquen-

173 757 244 826 tiae
276 753 410 842 studio,
445 775 537 847 quae
570 753 608 822 in
643 753 762 824 causis
796 762 832 822 et
857 753 936 824 foro
969 751 1112 824 elucere
1137 753 1278 843 nititur,
1313 777 1374 824 non

173 877 340 926 summae
373 863 410 923 et
443 852 633 946 perfectae,
668 875 761 948 quae
794 875 870 923 non
904 853 1024 947 magis
1063 853 1315 926 exercitatione
1348 863 1374 922 et

93 969 99 984 ·
173 953 353 1042 facultate,
378 975 490 1047 quam
516 951 686 1024 omnium
712 953 946 1022 scientiarum
972 962 1008 1023 ct
1032 954 1168 1024 artium
1186 954 1374 1048 cognitione

172 1055 389 1143 continetur,
416 1052 507 1146 (cap.
534 1049 592 1125 33.
620 1063 656 1124 et
681 1049 757 1122 Cic.
784 1051 907 1122 deor.
935 1051 966 1141 l,
986 1049 1038 1138 2.)
1063 1053 1256 1147 ingenium
1281 1075 1374 1124 suum

79 1223 85 1236 .
172 1153 360 1226 exercebat
393 1161 431 1222 et
462 1152 581 1223 otium
614 1173 830 1224 consumere
870 1148 1031 1222 malebat
1067 1175 1171 1224 more
1208 1175 1374 1224 novomm

170 1254 362 1326 rhetorum
388 1275 499 1346 quam
525 1261 711 1323 oratomm
743 1261 910 1323 veterum
943 1261 979 1322 et
1016 1252 1190 1326 omnibus
1227 1253 1374 1324 nurneris

171 1352 437 1440 absolutorum,
464 1373 621 1446 quorum
648 1352 809 1446 speciem
835 1349 1019 1446 quandam
1044 1361 1082 1422 et
1103 1352 1262 1424 formam
1287 1351 1374 1423 effin-

170 1455 225 1525 xit
249 1451 378 1524 Cicero
404 1451 445 1520 in
470 1449 609 1540 libello,
636 1452 701 1547 qui
728 1449 862 1522 Orator
886 1451 1085 1544 inscriptus
1110 1462 1176 1541 cst,
1202 1463 1241 1523 et
1264 1453 1303 1522 in
1326 1451 1374 1522 111-

169 1555 240 1624 bns
266 1550 418 1644 dialogis
444 1549 490 1620 de
516 1559 664 1621 oratore.
692 1553 741 1639 (v.
769 1573 845 1645 cap.
878 1548 948 1633 14.)
1001 1550 1100 1622 Hinc
1124 1553 1292 1647 primum
1316 1549 1374 1621 elo·

169 1653 339 1748 quentiae
365 1660 400 1720 et
424 1649 576 1744 quidem
601 1649 757 1722 forensis
772 1651 1029 1744 praestantiam
1045 1673 1132 1745 prae
1150 1653 1254 1746 poesi
1269 1659 1374 1723 contra

169 1753 389 1839 Maternum,
416 1749 548 1820 deinde
572 1751 783 1820 recentioris
808 1751 889 1820 aevi
914 1761 1075 1821 oratores
1100 1752 1276 1823 adversus
1301 1775 1374 1822 eun·

169 1851 257 1924 dem
282 1861 318 1922 et
342 1859 480 1921 ceteros
505 1850 654 1938 amicos,
680 1848 895 1922 Secundum
920 1860 957 1921 et
981 1849 1188 1943 Messalam,
1222 1853 1374 1947 antiquo·

168 1975 254 2023 rum
280 1960 463 2045 patronos,
505 1950 624 2020 ocrim
659 1959 697 2022 et
726 1951 866 2022 intento
898 1972 961 2032 ore
993 1949 1167 2040 defendit,
1194 1953 1291 2048 ‘quia
1316 1973 1374 2021 non

168 2073 317 2122 revera
342 2048 446 2120 aliter
470 2049 591 2140 sentit,
616 2050 681 2122 sed
705 2049 976 2122 contradicendi
993 2061 1113 2146 partes
1131 2051 1204 2122 sibi
1221 2051 1374 2146 sumpsit

104 2187 115 2207 ι
168 2162 205 2224 et
242 2152 403 2245 disputat
441 2171 545 2220 more
583 2159 660 2219 tam
695 2145 999 2222 scholasticorum
1033 2159 1070 2221 et
1101 2145 1308 2242 rhetorum,
1349 2151 1374 2220 11

168 2273 327 2348 quorum
353 2245 489 2320 scholis
515 2249 697 2319 suasoriae
722 2250 905 2320 orationes
937 2259 973 2320 et
1007 2247 1168 2322 themata
1201 2251 1248 2322 de
1281 2251 1374 2326 rebut

168 2354 358 2446 causisque
383 2349 460 2419 sive
484 2349 580 2419 veris
606 2349 683 2419 sive
708 2345 803 2420 fictis
829 2359 865 2420 et
889 2350 1144 2439 controversis,
1175 2350 1239 2422 sed
1266 2349 1373 2422 verist

168 2451 333 2539 milibus,
358 2447 637 2520 elaborabantur
661 2458 698 2520 et
722 2447 1029 2539 declamabantur,
1062 2449 1170 2546 (quae
1195 2445 1373 2523 scholasti

168 2573 235 2624 coe
272 2547 552 2622 coutroversiae
585 2557 621 2620 et
658 2543 955 2638 declamationes,
988 2560 1123 2643 μελέται
1144 2559 1181 2620 et
1200 2557 1373 2640 ἐπιδείξεις

168 2641 399 2734 dicebantur)
438 2669 549 2741 quam
574 2643 877 2720 Academicorum
901 2647 1223 2746 philosophorum,
1263 2653 1330 2747 qui
1352 2651 1373 2733 11

169 2760 363 2843 utramque
389 2755 530 2842 partem
557 2746 734 2817 disserere
760 2757 797 2818 et
820 2747 1003 2819 adversari
1036 2773 1183 2846 semper
1216 2751 1372 2822 omnibu

168 2851 208 2921 in
247 2845 469 2944 disputando
503 2843 669 2917 solebant
705 2847 842 2942 quique
877 2847 1154 2938 contendebant,
1197 2847 1370 2945 probabil

169 2949 321 3046 quidem
347 2945 515 3044 (εὔλογον)
541 2945 680 3041 aliquid
706 2970 785 3018 esse
810 2955 847 3017 et
871 2949 989 3019 videri
1014 2973 1134 3044 posse,
1163 2971 1241 3021 non
1267 2961 1372 3024 temet

168 3072 317 3146 prorsus
341 3071 474 3119 verum
504 3069 545 3117 ac
570 3056 724 3136 certum,
757 3046 913 3141 ideoque
939 3049 1114 3144 sapientis
1140 3071 1220 3121 esse
1245 3059 1372 3145 1ηέχει1

170 3175 202 3220 v.
237 3171 314 3244 cap.
344 3146 400 3222 14.
432 3147 486 3222 15.
517 3143 572 3221 16.
598 3145 658 3220 24.
685 3146 744 3221 42.
789 3145 836 3218 ad
869 3169 947 3242 cap.
979 3147 1034 3223 14.
1068 3171 1105 3219 n.
1131 3147 1166 3222 3.
1206 3159 1244 3221 et
1280 3151 1316 3226 4.
1349 3173 1371 3220 a

112 3257 116 3265 '
166 3274 198 3320 c.
221 3245 283 3322 31.
309 3269 345 3318 n.
366 3248 403 3320 7.
429 3247 475 3318 ad
501 3269 533 3318 c.
560 3243 619 3320 35.
646 3269 682 3316 n.
713 3246 743 3318 l.
796 3244 970 3318 Cetemm
995 3247 1107 3320 huius
1132 3249 1226 3344 Apri
1252 3261 1292 3323 et
1320 3251 1371 3342 Mt

168 3349 264 3420 terni
287 3347 439 3417 nomina
464 3355 502 3416 et
514 3367 636 3416 mores
651 3367 727 3416 non
748 3345 896 3418 aliunde
921 3347 1029 3418 nobis
1049 3358 1136 3420 nota
1155 3360 1241 3422 sunt
1261 3362 1301 3424 et
1324 3349 1371 3436 fot

167 3459 262 3520 tasse
286 3446 553 3517 commenticia.
593 3441 650 3515 Cf.
676 3445 711 3540 ἕ.
737 3447 840 3518 XIV.
1370 3445 1371 3467 ¹

266 3545 370 3618 Alter
395 3543 683 3641 colloquentium
714 3557 769 3617 est
800 3541 925 3618 Julius
950 3543 1154 3641 Secundae,
1187 3549 1245 3621 vir
1279 3551 1370 3622 diset

167 3648 344 3735 tissimus,
379 3645 473 3740 (cap.
505 3645 535 3716 l.
562 3645 597 3717 2.
624 3655 661 3716 et
685 3642 760 3732 23.)
794 3647 910 3717 mirae
941 3647 1131 3720 facundiae
1171 3659 1207 3720 et
1248 3650 1370 3744 elegat

166 3749 249 3840 tiae,
275 3747 339 3817 sed
364 3743 529 3818 infinitae
554 3767 660 3815 curae
687 3753 724 3816 et
748 3747 948 3836 anxietatis,
974 3749 1034 3818 cui
1059 3771 1175 3842 purus
1189 3760 1225 3820 et
1241 3765 1370 3844 pressu

166 3858 203 3920 et
235 3845 436 3940 profluens,
477 3869 552 3917 non
584 3853 709 3916 umen
749 3856 944 3940 promptus
987 3871 1108 3920 sermo
1141 3849 1221 3921 fuit.
1274 3875 1313 3920 v.

166 3971 245 4042 cap.
272 3945 371 4019 211.
403 3945 435 4020 l.
487 3945 579 4018 lude
604 3945 650 4016 ab
674 3945 777 4038 Apro
803 3956 840 4018 et
864 3946 1030 4020 Materno
1064 3949 1199 4020 arbiter
1235 3951 1336 4044 quid

164 4047 239 4119 litis
265 4047 437 4136 sumitur,
463 4044 554 4140 (cap.
586 4042 658 4132 15.)
685 4043 748 4116 sed
774 4069 887 4140 pauca
912 4056 1054 4120 tantum
1086 4049 1187 4142 dicit,
1221 4073 1321 4145 quae
1366 4127 1367 4132 ,

164 4155 299 4242 guntur
337 4169 413 4242 cap.
437 4141 475 4220 3.
502 4145 536 4219 5.
568 4143 624 4228 14.
655 4141 711 4218 16.
770 4145 883 4220 Plura
913 4157 1036 4220 tamen
1075 4147 1308 4222 intercidisse

164 4247 306 4318 dentur.
333 4271 366 4316 v.
402 4246 436 4340 ἕ.
464 4245 594 4319 XXVI
620 4269 673 4341 pr.
710 4247 815 4318 etad
840 4269 917 4340 cap.
945 4245 1003 4322 35.
1030 4274 1068 4322 n.
1095 4249 1129 4324 5.
1182 4249 1290 4322 Idem
1330 4219 1368 4374 14
