2890 4790
217 211 362 278 CAPUT
382 213 523 277 LXVII.
545 211 705 276 LXVIII.
727 210 780 290 (A.
802 209 842 276 U.
864 211 936 278 ⁷81⁴.
960 213 999 276 A.
1022 209 1058 276 C.
1080 211 1150 293 28.)
1233 211 1294 280 451

69 377 164 450 dyoio.
202 379 341 444 „immor
364 381 488 434 Tiberius
506 379 654 445 insederat,
673 385 878 451 occupaverat,
897 377 1086 448 impleverat,
1106 376 1160 446 (cf.
1181 378 1217 434 ed
1229 377 1296 436 lid

68 457 116 516 69,
136 453 177 519 5.)
195 460 287 506 totam
306 452 432 506 insulam
451 451 603 506 duodecim
621 451 713 518 villis,
738 453 780 506 ita
796 458 832 504 ut
851 452 913 504 eius
932 449 1014 504 nulla
1036 467 1104 522 pare
1132 459 1297 521 superasset

68 533 191 595 praeter
209 524 349 608 villarum
368 523 483 578 nomina
501 529 527 578 et
545 523 648 586 molem·
666 531 709 590 ut,
729 539 932 605 quamcunque
957 521 1070 606 insudas
1097 531 1211 594 partem
1235 523 1298 576 adi·

68 593 1297 741 eutimii'sitit‘ttttttttttt'tiittrestittit

70 737 234 792 vindicat.“
255 737 363 792 Woltlt.
401 737 553 792 Sententia
578 737 650 795 haec
667 739 768 792 verbis
785 735 918 810 praeced.
939 736 1097 806 aptissima,
1126 743 1298 798 nec.tameu

70 813 113 864 ita
139 809 288 882 capienda,
314 819 348 863 ut
372 808 454 864 nulla
480 811 593 864 insulae
617 827 686 880 pars
709 809 777 863 aliie
805 808 910 863 incolis
935 807 1051 873 relicta,
1079 807 1129 860 sed
1147 815 1180 860 ut
1198 825 1245 862 ree
1265 810 1298 862 in

70 883 166 935 ineius
185 890 267 936 aucta
288 882 341 935 sit:
361 899 455 952 neque
476 890 520 936 est
539 881 616 952 quod
634 881 787 953 displiceat
804 879 973 945 nominibus,
1007 885 1036 932 et
1059 876 1130 931 huic
1154 881 1221 934 voci
1250 897 1299 934 ne·

68 953 198 1007 osoribue
224 953 273 1008 vel
301 953 470 1006 culminibus
494 953 544 1007 vel
569 953 711 1007 moutidue
730 951 962 1006 substituendum
991 967 1116 1005 censeas.
1155 950 1212 1005 Sed
1227 969 1299 1022 pro-

70 1025 167 1080 babile
185 1032 239 1089 est,
259 1025 408 1078 duodecim
426 1025 511 1078 uillae
529 1042 546 1078 a
562 1025 683 1078 totidem
703 1023 760 1078 diis
779 1025 923 1078 maiorum
934 1021 1068 1099 gentium
1078 1023 1170 1078 tuisse
1188 1039 1298 1100 cogno·

71 1096 212 1150 rainatas:
233 1095 310 1158 uude
329 1097 400 1150 oilla
418 1096 496 1150 Iouis
513 1114 559 1167 ap.
578 1095 658 1150 Suet.
673 1093 739 1150 Tib.
750 1097 792 1152 65.
815 1092 977 1162 „Ceterum
996 1093 1145 1148 duodecim
1162 1094 1299 1149 villarum

70 1169 137 1222 loce
155 1167 291 1244 detegere
310 1169 417 1244 sategit
434 1177 501 1222 ante
518 1169 544 1220 L
563 1183 652 1222 annos
665 1159 832 1221 'Accuccius
851 1167 992 1228 medicus,
1018 1173 1048 1218 et
1065 1166 1160 1219 omnis
1178 1167 1298 1242 generis

70 1248 259 1294 monumenta
278 1239 320 1292 ibi
338 1247 455 1310 reperta
472 1239 615 1293 describit
631 1238 723 1292 Norb.
744 1239 887 1293 Hadrawa
910 1239 942 1290 in
961 1235 1094 1308 epistolis
1113 1237 1217 1292 Italiae
1236 1238 1300 1292 edi·

71 1313 111 1364 tis
131 1319 161 1364 et
178 1310 306 1364 Dresdae
327 1315 405 1368 1794.
427 1310 602 1364 Gennanice
619 1309 773 1364 redditis.“
792 1309 887 1364 Oberl.
914 1341 946 1352 -
967 1308 1185 1384 quantomagis
1204 1309 1299 1364 inten-

72 1389 121 1436 tue
139 1381 208 1434 olim
222 1381 355 1456 publicae
373 1381 412 1436 ad
430 1397 524 1448 curce,
543 1389 628 1436 tanto·
642 1383 736 1460 magis
754 1399 833 1435 nune
851 1380 992 1434 resolutus
1010 1381 1149 1434 occultior
1164 1380 1196 1432 in
1214 1383 1299 1435 luxua

72 1461 100 1508 et
119 1454 341 1520 mammutium,
361 1457 400 1508 ci.
420 1453 483 1507 lnd.
503 1453 558 1508 111.
577 1472 605 1508 v.
626 1453 857 1522 Comparationis
875 1468 943 1506 uene
956 1452 1109 1523 modusque
1125 1451 1220 1506 minue
1237 1453 1300 1506 oul-

71 1525 167 1595 gurie,
186 1525 302 1578 adrem
320 1541 392 1580 vero
411 1523 490 1580 Suet.
511 1523 578 1579 Tib.
598 1529 641 1582 43.
678 1524 824 1594 Principis
843 1529 967 1594 augum
985 1524 1162 1592 caprearum
1179 1523 1210 1576 iu
1228 1539 1300 1594 rupe

71 1597 197 1652 sedentis
216 1597 286 1651 Cum
303 1613 394 1666 grege
413 1595 554 1652 Oltaldaeo
572 1597 703 1652 luvenat.
723 1601 768 1663 1⁰9
786 1596 830 1652 uu.
848 1597 899 1650 ubi
917 1596 1015 1650 sedere
1034 1603 1079 1648 est
1094 1611 1184 1672 segne
1204 1596 1298 1650 otium

73 1687 245 1723 consumere
265 1677 294 1722 et
312 1670 404 1722 vitem
423 1686 511 1745 agere
530 1669 692 1735 obscuram,
711 1675 744 1722 ut
763 1663 853 1737 ἧσθαι
871 1677 900 1721 et
919 1671 1067 1734 καθῆσθαι.
1098 1685 1126 1722 v.
1146 1665 1244 1720 Klotz.
1263 1667 1299 1722 ad

72 1739 158 1811 Tyrt.
176 1759 204 1811 p.
226 1743 287 1796 1⁴3.
307 1741 431 1794 occultoe
451 1739 515 1794 edd.
534 1741 608 1794 Ern.
628 1750 658 1794 et
675 1759 736 1796 rec.
757 1759 792 1795 ex
816 1739 929 1794 emend.
950 1739 1044 1793 Gron.
1070 1737 1209 1792 occultior
1233 1739 1298 1792 edd.

74 1821 132 1868 vet.
152 1811 230 1883 quod
247 1811 380 1866 defendit
397 1811 508 1882 Wopk.
528 1813 564 1866 ad
581 1815 608 1878 3,
627 1815 670 1869 29.
708 1811 791 1880 „Sed
808 1812 951 1882 quomodo
981 1816 1062 1864 tauto
1085 1809 1223 1864 occultior
1247 1827 1300 1882 op·

72 1884 145 1956 poni
163 1884 258 1954 possit
276 1883 373 1936 verbis
393 1891 499 1954 quanto
517 1885 654 1950 intentus,
673 1901 731 1937 non
752 1885 820 1937 eatis
839 1882 937 1948 rideo,
955 1883 1013 1934 nisi
1032 1883 1111 1936 forte
1130 1888 1212 1936 tanto
1230 1899 1301 1952 per-

69 1958 165 2008 tineat
183 1954 218 2008 ad
236 1955 376 2022 resolutus
394 1963 424 2008 et
442 1955 580 2009 occultior
598 1957 637 2008 sit
651 1971 666 2009 e
679 1963 837 2026 conspectu
849 1951 1001 2006 hominum
1014 1961 1144 2024 remotus
1164 1961 1193 2008 et
1204 1953 1301 2008 insula

70 2026 195 2090 abditus,
207 2025 307 2080 Germ.
320 2027 357 2078 in
369 2027 422 2080 eei
432 2044 498 2081 ner
510 2027 604 2081 Verb
613 2024 840 2104 orgenheit.“
851 2023 957 2078 Woltl.
972 2023 1118 2078 Occultior
1127 2025 1300 2096 dictutupro

71 2097 136 2152 adv.
146 2097 282 2151 occultius
293 2106 322 2152 et
334 2104 415 2152 tauto
425 2099 606 2174 iungendum
619 2115 686 2151 cum
698 2097 849 2150 resolutus.
863 2095 985 2150 ettoth.
997 2095 1033 2149 ad
1045 2095 1112 2150 Tac.
1122 2097 1299 2174 Agr.p.2⁰9.

144 2173 169 2226 4Ι
190 2169 407 2241 misequitur,
431 2169 456 2224 A
478 2171 614 2240 rippinee
639 2177 669 2224 et
686 2168 813 2234 Neroni)
837 2169 955 2222 additus
971 2169 1063 2236 milee,
1091 2185 1120 2224 v.
1146 2171 1183 2223 ad
1208 2187 1234 2222 c.
1254 2169 1299 2224 60.

72 2261 102 2296 ιι.
123 2245 149 2296 l.
174 2267 206 2279 —
225 2241 357 2311 ultroque
375 2189 561 2294 etruedautur
579 2240 629 2312 qui
654 2245 808 2306 monerent,
836 2247 869 2292 ut
887 2245 999 2292 struere
1018 2248 1047 2293 et
1063 2239 1164 2292 moliri
1182 2255 1300 2293 accucu-

73 2321 152 2368 toree
170 2317 213 2378 11,
234 2316 276 2368 12.
296 2315 341 2378 lt,
360 2313 416 2378 22,
435 2311 611 2366 insolentius
636 2314 735 2366 iuncto
760 2311 925 2366 accusativo
950 2327 1109 2382 personee3
1145 2311 1245 2380 Wopl.
1265 2343 1300 2377 -ς
1365 2325 1377 2339 ·

73 2385 124 2457 qui
139 2389 280 2438 mouerent
295 2385 451 2452 perfugere
469 2385 508 2437 ud
527 2383 696 2438 Gemuuiae
715 2383 865 2448 exercitus,
884 2389 929 2450 ut,
949 2384 974 2436 si
992 2389 1131 2452 parerent
1149 2381 1299 2438 ueletiam

71 2457 196 2530 probare
216 2455 397 2521 riderentur,
424 2471 471 2509 eos
491 2473 591 2510 rerum
615 2472 758 2510 novarum
777 2454 897 2526 cupidos
923 2454 1141 2524 maiestatisque
1168 2469 1233 2508 reos
1256 2457 1301 2508 ia·

74 2536 196 2592 cerent3
214 2527 297 2582 Brot.
318 2525 363 2582 Cf.
382 2525 419 2582 ad
435 2529 464 2591 2,
482 2530 529 2594 39,
550 2531 574 2582 l.
596 2535 626 2581 et
645 2531 688 2593 ll,
709 2531 736 2594 1,
755 2529 780 2582 2.
807 2559 840 2569 -
865 2525 1046 2580 celeberrimo
1070 2524 1132 2591 fori
1157 2533 1299 2598 tempore,

72 2601 222 2668 frequenti
239 2601 317 2660 foro,
337 2599 400 2652 sive
419 2613 477 2668 quo
496 2607 627 2668 tempore
644 2601 744 2652 forum
763 2597 802 2652 sit
819 2597 1024 2668 plenissimum
1043 2595 1222 2664 hominibus,
1289 2597 1301 2648 i

74 2687 239 2733 accurrere,
259 2668 406 2734 misereri,
426 2685 511 2740 opem
528 2673 610 2724 ferre
651 2671 759 2735 ossint;
786 2669 855 2722 Ere.
880 2667 980 2722 intell.
999 2669 1099 2740 potius
1125 2669 1195 2734 loco,
1222 2684 1256 2722 ce
1270 2685 1301 2722 e-

73 2743 204 2796 berrima
221 2741 282 2794 fori
299 2747 399 2811 parte:
429 2758 495 2793 nam
524 2741 601 2794 illud
628 2687 687 2795 dici
705 2748 876 2812 oportuerat
893 2739 1072 2794 celeberrimo
1089 2741 1172 2806 form
1201 2740 1299 2808 Wopl.

73 2848 91 2880 „
99 2813 185 2864 Hunc
203 2813 302 2866 locum
321 2811 421 2866 divino
440 2813 531 2867 fuisse
549 2811 663 2879 Rostra,
683 2829 756 2884 quae
774 2815 806 2866 in
824 2815 889 2866 foro
912 2813 1034 2866 fuerunt
1057 2817 1086 2866 et
1113 2811 1216 2883 quibus
1240 2827 1301 2864 non

76 2883 186 2939 clarinr
204 2883 285 2936 locus
304 2882 340 2936 ad
359 2889 478 2936 statuas.
497 2901 526 2937 v.
547 2885 610 2937 Liv.
631 2889 658 2951 7,
678 2885 720 2940 14.
741 2891 770 2938 et
789 2883 850 2938 oio.
869 2901 900 2954 p.
918 2881 1013 2940 Deiot.
1034 2899 1058 2936 c.
1079 2883 1145 2938 125⁴
1172 2879 1300 2938 manet.

74 2955 194 3022 „immo
218 2953 411 3026 praeferenda
437 2955 572 3008 Ernestii
595 2956 815 3040 interpretatio:
853 2973 921 3008 nam
946 2956 1042 3020 forum
1064 2969 1123 3007 non
1151 2953 1247 3007 solum
1265 2952 1301 3006 de

73 3028 141 3080 loco
158 3028 218 3079 fori
237 3025 326 3090 valet,
352 3025 402 3079 sed
426 3029 514 3080 etiem
542 3027 578 3080 de
600 3026 790 3080 multitudine
813 3025 966 3080 hominum
990 3027 1021 3079 in
1045 3027 1112 3078 foro
1137 3026 1300 3109 agentium,

74 3105 109 3151 ut
126 3099 246 3170 ep3Vir
270 3133 276 3148 .
298 3095 352 3150 Ge.
371 3099 404 3160 2,·
420 3101 482 3155 5⁰2.
504 3103 534 3151 et
551 3097 624 3152 Aen.
644 3101 671 3165 2,
692 3099 753 3156 7⁵6.
792 3099 885 3152 Locus
904 3105 1002 3152 eutem
1029 3096 1088 3151 fori
1107 3104 1177 3150 satus
1196 3095 1300 3150 defini-

76 3177 129 3223 tur
145 3187 201 3240 per
219 3185 234 3222 e
263 3168 346 3237 'giem
365 3168 425 3222 divi
442 3169 603 3240 Augusti.“
624 3167 732 3223 Waltlt.

480 3311 674 3367 CAPUT
731 3311 902 3366 LXVIII.

159 3385 257 3446 Iunio
279 3383 391 3447 Silano
413 3395 447 3448 et
468 3383 554 3448 Silio
575 3385 691 3448 Nerva
712 3383 802 3450 Coss.
833 3383 966 3446 foedum
987 3387 1066 3446 anui
1094 3385 1300 3467 principium

76 3469 225 3542 incessit,
258 3477 367 3530 tracto
388 3471 424 3530 iu
455 3487 623 3531 carcerem
652 3469 780 3530 illustri
806 3466 923 3550 Equite
945 3467 1093 3530 Romano
1125 3465 1220 3529 Titio
1243 3467 1301 3530 Sa·

76 3553 155 3612 bino
177 3551 219 3612 ob
241 3553 423 3614 amicitiam
442 3551 644 3616 Germanici.
688 3551 805 3633 Neque
825 3553 912 3613 enim
928 3551 1098 3628 omiserat,
1122 3553 1222 3614 contu
1246 3572 1301 3614 em

76 3635 266 3716 liberosque
295 3637 367 3696 eius
398 3636 589 3718 percolere,
630 3643 775 3697 sectator
797 3633 906 3712 domi,
946 3653 1057 3696 comes
1094 3636 1129 3696 iu
1164 3573 1300 3716 puinco

76 3725 153 3800 post
181 3725 233 3779 tot
266 3717 403 3780 clientes
431 3739 516 3780 uuus
548 3737 654 3802 eoque
689 3717 777 3800 apud
798 3719 910 3780 'bunos
940 3717 1093 3780 laudatus
1121 3725 1157 3779 et
1182 3719 1298 3861 firavis

75 3802 211 3882 iniquis.
254 3799 355 3861 Hunc
376 3803 531 3864 Latinius
553 3801 711 3880 Latiaris,
733 3801 873 3865 Porcius
895 3799 990 3874 Cato,
1018 3801 1159 3862 Potitius
1210 3803 1298 3878 usus,

75 3883 125 3944 M.
150 3883 272 3966 Opsius
303 3893 463 3966 praetura
493 3887 601 3947 functi
633 3881 878 3971 aggrediuntur
905 3883 1062 3966 cupidine
1094 3883 1297 3962 consulatus,

75 3965 119 4028 ed
142 3987 239 4050 quem
260 3987 328 4029 nou
351 3970 416 4030 nisi
444 3989 506 4052 per
528 3969 685 4032 Seianum
713 3965 841 4041 aditus3
873 3987 981 4049 neque
1003 3965 1116 4029 Seiani
1142 3967 1298 4028 voluutas

75 4051 143 4114 nisi
163 4049 543 4133 scelere‘quaerebatur.
589 4049 817 4132 Cuutpositum
840 4053 929 4112 iuter
950 4051 1051 4132 ipsos,
1077 4059 1117 4113 ut
1137 4049 1297 4128 Latiaris,

75 4135 135 4215 qui
162 4129 294 4196 modico
321 4155 387 4198 usu
408 4135 569 4198 Sabinum
594 4133 827 4218 contingebat,
860 4141 1009 4194 strueret
1037 4131 1162 4210 dolum,
1194 4133 1300 4196 ceteri

75 4224 181 4280 testes
202 4213 372 4295 adessent,
400 4217 521 4281 deinde
549 4217 793 4280 accusationem
813 4219 1012 4290 inciperent.
1055 4214 1166 4306 Igitur
1186 4215 1301 4279 Latia-

76 4301 126 4361 ris
147 4301 261 4363 iacere
283 4301 441 4365 fortuitos
458 4303 605 4384 primum
621 4319 808 4363 sermones:
830 4317 907 4361 mox
918 4297 1054 4362 laudere
1068 4301 1300 4378 constantiam,

968 4381 1043 4448 49*
