2774 4784
153 181 192 239 vl
700 181 845 248 VITA
1371 236 1372 254 .

152 316 1368 449 ruomumumummmffiumu

626 447 714 526 Tae.
739 453 775 528 7.
800 451 916 528 8.’9.’

252 564 454 645 Suetonius
485 565 665 642 Paulinus
695 571 845 668 quintus
877 570 946 666 leg.
980 567 1078 642 cous.
1111 569 1151 641 in
1175 567 1367 644 Britannia

149 666 344 767 Agricola
376 669 456 740 eius
489 669 761 743 contubernalis
791 679 828 742 et
860 673 1033 747 tribunus
1058 669 1233 742 militum.
1284 671 1370 742 Vin·

150 780 285 841 cuntur
324 767 467 842 Silures
506 777 542 840 et
573 769 685 842 Mona
716 772 785 842 ins.
821 771 972 867 capitur.
1033 771 1175 842 Interea
1207 767 1370 842 Britanni

150 893 280 941 omnes
305 879 459 941 sumunt
483 867 639 961 bellum,
672 871 838 942 instincti
862 895 884 940 a
907 870 1112 960 Boudicca3
1153 870 1218 941 sed
1243 889 1370 964 magna

119 1029 123 1038 ,
149 968 253 1042 clade
273 969 484 1044 afficiuntur
500 981 828 1067 expugnanturque
845 969 1089 1060 Londinium,
1115 967 1374 1042 Verulamium

148 1077 187 1141 et
211 1065 521 1141 Camulodunum.
572 1069 671 1142 Anu.
703 1071 759 1162 14,
785 1069 969 1147 29-39.
1021 1071 1109 1164 Agr.
1136 1071 1170 1145 5.
1202 1067 1369 1144 14-16,

149 1169 322 1264 Poppaea
347 1167 485 1242 Sabina
510 1180 654 1242 amatur
687 1195 708 1241 a
732 1172 876 1243 Nerone
911 1172 1065 1268 eiusque
1089 1171 1243 1240 maritus
1272 1167 1375 1239 Otho

147 1266 362 1341 Lusitaniae
401 1267 622 1364 praeficitur.
686 1271 810 1342 Deleti
850 1271 1039 1344 Ansibarii
1079 1279 1116 1341 et
1157 1268 1285 1341 Chatti
1329 1267 1370 1338 ab

83 1367 88 1382 ”
147 1367 424 1441 Hermunduris
458 1369 505 1440 ad
539 1370 695 1442 exitium
727 1395 844 1466 paene
876 1371 982 1443 caesi.
1041 1369 1138 1443 Nero
1169 1367 1370 1458 matricida,

98 1466 102 1471 ’
148 1468 393 1560 citharoedus,
418 1470 553 1562 auriga,
578 1469 722 1562 histrio,
747 1481 865 1566 poeta.
918 1467 1271 1558 Iuvenaliumludi,
1296 1467 1370 1540 Au-

146 1569 293 1662 g'ustani
326 1579 362 1641 et
395 1565 584 1640 ludicrum
618 1570 900 1666 quinquennale.
951 1571 1024 1644 Res
1049 1593 1071 1639 a
1095 1567 1310 1640 Corbulone
1334 1567 1370 1638 in

147 1667 327 1742 Armenia
350 1677 480 1762 gestae.
530 1668 629 1740 Anu.
659 1667 717 1762 13,
743 1669 928 1746 45-58.
963 1669 1020 1760 14,
1049 1669 1206 1744 1-28.

270 1819 321 1894 A.
352 1817 397 1896 U.
425 1814 466 1894 C.
492 1819 578 1898 815.
601 1817 713 1896 »Cir
738 1819 797 1898 62.
843 1822 943 1920 Agr.
968 1821 1028 1896 25.
1073 1819 1162 1897 Tac.
1187 1819 1248 1896 10.

245 1935 438 2034 Agricola
478 1939 637 2012 Romam
670 1965 849 2032 reversus,
895 1951 938 2013 ut
971 1949 1173 2036 capesseret
1203 1937 1371 2028 honores,

146 2037 353 2110 Domitiam
371 2037 612 2111 Decidianam
636 2063 790 2112 uxorem
813 2040 914 2112 ducit
939 2041 1102 2136 petitque
1127 2047 1370 2134 quaesturam.

146 2137 235 2233 Agr.
271 2136 306 2212 6.
346 2135 546 2210 Suetonius
580 2138 757 2212 Paulinus
786 2138 964 2215 Petronio
995 2137 1072 2214 Tur
1103 2135 1230 2226 iliona,
1268 2146 1370 2207 sexto

120 2231 263 2332 'legato
288 2261 401 2329 oona,
426 2239 627 2332 exercitum
658 2241 802 2313 tradere
835 2239 985 2311 iubetur
1007 2241 1047 2311 in
1070 2161 1270 2312 grimuni&
1324 2233 1370 2306 Η.

151 2336 207 2428 14,
234 2335 294 2414 39.
344 2337 433 2431 Agr.
465 2337 520 2411 16.

247 2482 1206 2590 aammmuwmmu

249 2605 437 2704 Agricola
473 2619 642 2704 quaestor
666 2612 708 2682 in
732 2611 833 2702 Asia,
867 2611 973 2682 cuius
998 2606 1199 2704 proconsul
1225 2604 1372 2679 Salvius

53 2761 56 2770 ·
148 2705 327 2806 Titianus.
386 2709 553 2780 Nascitm
586 2711 621 2782 ei
653 2709 742 2803 filia,
781 2712 845 2782 sed
869 2709 969 2783 filius
1002 2709 1170 2781 moritur.
1221 2706 1310 2800 Agr.
1339 2703 1371 2778 6.

148 2805 249 2880 Mors
281 2807 410 2900 Burri,
459 2807 578 2882 Rufus
611 2820 649 2882 et
673 2809 882 2906 Tigellinus
913 2831 1161 2898 successores,
1212 2805 1373 2878 Senecae

147 2906 367 3002 perieulum.
427 2907 598 3005 Poppaea
628 2933 650 2980 a
681 2911 827 2982 Nerone
860 2932 954 2982 uxor
984 2910 1134 2980 ducitru
1156 2915 1193 2978 et
1219 2904 1374 2978 Octavia

147 3007 188 3078 in
213 3007 386 3079 exsilium
411 3007 519 3103 pulsa
543 3021 703 3082 necatur.
754 3011 827 3084 Res
859 3006 1118 3082 aCorbulone
1154 3017 1191 3078 et
1215 3003 1373 3080 Caesen-

148 3105 212 3177 nio
238 3106 351 3179 Paeto
377 3107 551 3182 adversus
578 3108 734 3183 Parthos
760 3111 862 3183 etin
887 3109 1065 3182 Armenia
1089 3116 1219 3203 gestae.
1269 3103 1370 3178 nnn.

75 3223 78 3232 '
151 3203 706 3300 14,48-65.15‚1⁴-31.

269 3359 319 3434 A.
350 3357 396 3436 U.
423 3355 465 3432 0.
490 3358 576 3436 817.
624 3355 711 3434 Cir.
737 3359 797 3435 64.
841 3365 943 3460 Agr.
967 3359 1029 3437 27.
1072 3357 1159 3436 Tor.
1186 3357 1247 3433 12.

246 3472 437 3575 Agricola
466 3481 606 3554 Romae
639 3482 680 3552 in
714 3481 789 3552 otio
822 3482 924 3552 vivit.
971 3481 1059 3576 Agr.
1093 3475 1127 3554 6.
1165 3471 1374 3553 Trebellius

148 3571 338 3651 Maximus
362 3581 542 3674 septimus
567 3579 780 3654 Britanniae
804 3579 953 3676 legatus.
992 3581 1081 3676 Agr.
1113 3575 1168 3652 16.
1194 3577 1373 3651 Feminae

147 3675 310 3750 illustres
334 3689 371 3750 et
395 3690 579 3754 senatores
603 3682 644 3754 in
669 3705 787 3754 arena.
809 3681 924 3754 ·Ann.
954 3681 1012 3773 15,
1037 3680 1096 3755 32.

270 3825 1247 3932 rumammummmm

246 3947 438 4046 Agricola
471 3951 642 4024 tribunus
674 3951 805 4049 plebis.
851 3955 939 4049 Agr.
966 3953 1001 4026 6.
1052 3953 1149 4026 Nero
1179 3951 1220 4022 in
1252 3951 1376 4020 scenis

148 4045 387 4142 Graecorum,
430 4061 468 4123 et
498 4051 726 4148 Pythagorae
760 4053 878 4128 nubit.
946 4053 1123 4148 Magnum
1155 4049 1375 4122 incendium

147 4147 307 4240 Romae,
337 4151 473 4222 domus
499 4151 682 4225 immensa
706 4153 883 4245 Neronia
908 4151 1207 4258 Christianorum
1232 4151 1376 4222 crucia-

201 4271 220 4318 2.
271 4248 369 4323 Anu.
400 4249 457 4341 15,
483 4248 666 4328 33-47.
