2762 4788
176 213 271 272 oxu-
669 213 907 298 sormones

175 413 209 460 v.
237 388 284 460 ad
309 383 426 458 Codri.
455 383 563 458 MSS.
591 385 709 458 Taciti
735 407 789 456 nr.
821 385 875 460 15.
927 384 983 455 Ex
1012 407 1056 455 eo
1091 394 1255 478 tempore
1287 382 1366 454 lecti(

175 485 295 659 Taleiti
341 509 362 555 a
401 481 578 556 Rhenano
620 485 777 560 ‘ionuata
821 487 941 578 coepit
983 507 1062 554 esse
1101 478 1273 579 vulgaria
1314 484 1366 552 aiu

267 599 343 660 m·
1033 611 1039 620 .

173 607 333 760 mlii
374 681 530 776 Aldina,
595 707 662 756 uae
693 684 832 779 prodiit
862 709 906 755 ex
937 681 1084 754 officina
1108 679 1216 766 Pauli
1241 681 1367 752 Manuti

173 786 262 858 Aldi
287 783 451 858 Venetiis
476 805 506 856 a
538 785 554 857 l
609 784 642 858 4.
668 786 708 855 in
726 785 843 854 iorma
863 769 1234 866 nitidaet'ootonaria
1258 783 1367 851 maior<

174 908 260 959 eum
286 885 356 956 hoo
382 883 507 956 titulo:
535 881 733 959 Corneliae
764 881 916 957 Tacitae
942 895 1078 956 enecta
1102 903 1195 954 caro
1229 879 1368 976 recogni

173 999 235 1059 tar
268 998 306 1058 et
342 980 564 1058 emendatae.
626 980 816 1098 copiosae
846 979 958 1056 index
993 1003 1124 1072 rerum,
1167 977 1322 1053 incoram
1351 1003 1368 1049 e

202 1103 427 1176 enatorum,
452 1077 645 1180 dequibus
672 1105 709 1156 ao
734 1079 793 1155 hie
818 1079 927 1156 libris
944 1081 1088 1178 agitur.
1120 1077 1263 1158 'Vario
1287 1077 1368 1152 tecti

169 1109 231 1273 lh.
267 1209 299 1257 e.
334 1183 585 1280 castigationes
616 1182 785 1256 Rhenani
819 1193 857 1254 et
888 1183 1141 1254 annotationes
1166 1179 1317 1268 Alciati)
1350 1177 1369 1249 i

172 1283 275 1358 culce
300 1284 429 1386 operia
455 1284 648 1386 impressa.
695 1279 814 1354 Aldus
840 1284 987 1378 repetiit
1002 1281 1171 1354 Rhenani
1195 1279 1369 1352 editiones

172 1385 371 1456 secundam
397 1392 434 1455 et
458 1405 724 1479 nonnunquam
749 1381 808 1455 vel
845 1384 885 1452 in
920 1383 1090 1454 ordinem
1116 1381 1254 1476 recepit
1278 1381 1369 1450 conie

172 1495 293 1557 cturas
323 1483 503 1574 Rhenani,
544 1482 605 1554 vel
637 1479 938 1578 orthographiam
971 1482 1184 1553 immutavit
1216 1478 1275 1550 vel
1306 1479 1370 1549 viria

172 1594 439 1781 operirdmdiit
455 1583 588 1756 edidici
590 1591 679 1776 ιι11111
689 1591 917 1777 odihhium
943 1679 1118 1774 Lugduni
1156 1679 1260 1755 1542.
1292 1677 1370 1754 1541

175 1702 469 1890 memmei).
496 1783 665 1877 repetitio
690 1781 885 1853 Rhenanae
907 1779 956 1853 11.
983 1782 1022 1851 in
1050 1803 1121 1874 qua
1146 1781 1371 1875 eiuspeccatt

171 1879 278 1955 novis
304 1889 408 1954 aucta
433 1892 518 1953 sunt
543 1893 580 1953 et
604 1881 748 1952 additae
773 1883 880 1953 Aem.
908 1879 1211 1952 Ferretti·notae.

275 1979 330 2057 15.
357 1969 692 2075 Francofa'rtenaia
716 2003 762 2052 ex
779 1979 925 2053 officina
950 1980 991 2050 P.
1006 1977 1206 2051 Brubaehii
1231 2003 1263 2050 a.
1293 1977 1371 2052 1541

171 2081 206 2157 8.
232 2105 329 2152 nova
351 2080 548 2154 Rhenanus
573 2081 622 2154 11.
649 2081 828 2176 repetitio.

274 2175 330 2254 16.
370 2179 473 2252 Beati
506 2175 676 2253 Rhenorti
709 2181 785 2252 sive
823 2175 1061 2253 Frontiana
1095 2191 1131 2251 et
1163 2174 1372 2251 Basileenei

171 2278 291 2352 tertio
315 2279 363 2369 (v.
391 2279 438 2350 ad
462 2303 516 2352 nr.
548 2279 621 2366 10.)
645 2277 809 2362 Basileae
834 2303 865 2350 a.
899 2279 1002 2354 1544.
1034 2277 1096 2350 iol.
1124 2279 1296 2375 repetitio
1321 2277 1372 2347 edi

171 2378 499 2494 tionissecundae,
523 2381 562 2452 in
590 2403 662 2474 qua
687 2380 881 2474 quaedam,
909 2379 974 2451 sed
1000 2377 1175 2474 pleraque
1200 2401 1278 2450 non
1304 2379 1373 2448 bont

166 2489 366 2550 unmuuu
398 2488 493 2550 sunt.
1363 2557 1367 2564 ,

273 2578 329 2652 17.
356 2575 580 2651 Florentino
604 2601 634 2648 a.
663 2575 772 2652 1552.
800 2579 835 2653 8.
871 2603 891 2649 a
916 2578 1084 2651 Fabricio
1111 2587 1373 2650 commemorat

170 2686 207 2748 et
240 2701 284 2748 ex
317 2667 535 2750 Beroaidina
568 2687 631 2748 aut
664 2678 811 2748 Iuntina
850 2699 1030 2772 expressa,
1075 2676 1139 2749 sed
1173 2678 1341 2749 nondum
1371 2725 1373 2738 «

170 2797 358 2872 quoquam
389 2785 606 2869 comparata.

274 2875 329 2952 18.
364 2871 508 2950 Veneta
533 2899 562 2946 a.
595 2875 698 2951 1554.
726 2877 832 2948 cuius
857 2875 1001 2947 indoles
1027 2899 1159 2971 parum
1186 2887 1273 2949 nota
1300 2887 1361 2948 cet.

171 3075 180 3094 .
268 2975 332 3092 i9'.
357 2969 510 3074 Micylli
541 2999 577 3066 a.¹
606 2976 710 3050 1557.
744 2975 780 3051 8.
815 2977 893 3048 sine
927 2975 998 3048 loci
1033 2987 1119 3048 nota
1144 2987 1181 3047 et
1212 2999 1302 3050 cum
1328 2977 1373 3046 ha

168 3085 384 3248 1111ῗέ
386 3071 636 3270 hirii?
637 3071 1065 3276 tlttlthftiit
1088 3073 1373 3276 hitlini

169 3269 435 3347 mundatiores
459 3273 567 3367 faeti.
619 3271 793 3348 Eiusdem
832 3267 977 3347 libellas
1009 3271 1239 3349 demoritur
1265 3289 1305 3348 et
1327 3297 1373 3378 po

166 3371 271 3476 palia
297 3369 563 3448 Germanorum.
604 3372 698 3447 Item
732 3369 825 3449 Vico
851 3371 942 3447 Iulii
963 3373 1185 3470 Agricolae,
1211 3375 1373 3448 oratorii

111 3513 130 3543 ·.
169 3485 207 3544 et
231 3469 421 3568 Dialogus
445 3469 622 3546 decianis
640 3471 864 3546 oratoribus.
914 3472 999 3548 Uno
1023 3497 1100 3546 mm
1125 3471 1256 3548 indice.
1285 3477 1372 3548 Anu

132 3573 133 3576 ’
170 3570 278 3646 1557.
331 3572 456 3645 Editio
490 3573 579 3644 haee
611 3575 811 3644 maximam
847 3583 989 3670 partem
1021 3575 1130 3647 ducta
1155 3598 1200 3645 cn
1224 3573 1373 3647 Rhenar

170 3671 363 3764 secundm,
397 3673 577 3767 quaedum
621 3673 894 3746 emendationes
932 3671 1114 3767 Beroaldi,
1153 3675 1325 3746 Rhenani
1360 3699 1373 3744 ε

170 3769 323 3844 Ferretti
349 3773 388 3844 in
411 3768 578 3845 ordinem
597 3783 784 3867 recepta03
809 3774 907 3844 varia
919 3773 1097 3867 scriptura
1115 3775 1160 3847 ad
1186 3777 1373 3868 mergium

169 3881 300 3945 noua.
408 3901 415 3908 ·
469 3919 471 3926 ,
528 3884 543 3938 s'

268 3971 327 4046 20.
354 3972 446 4060 lusti
466 3967 595 4077 Lipaii
618 3973 749 4068 prima,
775 3989 867 4069 quae
893 3997 937 4044 ex
963 3971 1110 4048 officina
1130 3971 1373 4069 christophor

169 4069 330 4142 Plautini
355 4071 493 4166 prodiit
516 4071 738 4168 Antverpiae
769 4098 799 4143 a.
831 4073 934 4149 1574.
962 4074 996 4149 8.
1048 4075 1192 4147 Eodem
1222 4083 1373 4168 tempor

45 4265 47 4270 Ι
169 4169 243 4244 duo
268 4172 338 4242 viri
363 4171 565 4243 doctissimi
588 4173 779 4268 ingenium
807 4175 1044 4268 studiumque
1069 4175 1115 4246 ad
1130 4174 1248 4246 Taciti
1272 4171 1373 4246 libro

170 4271 400 4366 corrigendos
424 4279 461 4342 et
485 4273 773 4368 interpretandos
799 4271 995 4365 contulere,
1023 4269 1080 4347 M.
1099 4273 1285 4347 Antonius
1307 4269 1373 4348 Mo
