2774 4784
147 195 196 252 Π
420 199 632 266 lN'l'ERIOR
652 201 711 267 ΕΤ
731 201 891 268 Extant
913 203 1107 268 INDOLES

147 369 311 462 tydides,
336 369 507 466 princeps
533 370 793 445 historicorum
809 373 1045 466 Graecorum,
1071 397 1184 472 quem
1201 377 1364 466 'lucitus

147 479 188 540 ut
212 467 313 540 hunc
344 469 428 540 Joh.
456 469 592 544 Miiller
624 483 661 544 et
695 471 836 544 Seume
867 483 1057 564 nostrates,
1098 477 1193 546 sicut
1216 478 1256 546 in
1280 477 1365 546 aliis

148 569 268 658 rebus,
294 571 345 640 ita
369 579 406 641 et
430 571 471 643 in
495 573 670 662 oratioue,
697 567 783 668 prie
809 575 937 644 ceteris
971 575 1018 646 ad
1042 574 1263 646 imitandum
1288 577 1364 644 sibi

146 679 395 761 proposuerat.
448 671 486 744 Is
511 695 597 742 vero
623 682 678 743 est
702 669 864 763 subtilia,
890 685 1033 762 ocutus,
1060 669 1195 764 trevis,
1221 685 1364 746 senten-

24 855 26 862 y
146 766 213 838 tiis
237 767 361 861 mugio
394 791 499 863 quarn
532 769 656 844 verbis
682 767 886 862 abundans,
928 769 1023 861 (Cic.
1059 771 1105 844 de
1139 799 1190 846 or.
1225 773 1259 863 2,
1284 775 1364 858 22.)

145 861 309 956 grandir
340 867 477 960 verbis,
520 867 651 942 creber
683 871 890 962 sententiis,
937 893 1014 943 corn
1045 871 1209 945 rectione
1243 895 1367 944 rennn

145 965 271 1039 trevis
306 979 343 1040 et
376 965 422 1040 ob
456 992 533 1042 eum
566 969 686 1072 ipson
719 991 867 1042 courum
896 969 994 1043 inter
1023 987 1079 1042 unt
1105 970 1365 1070 subobscurus,

146 1065 239 1152 (Cic.
265 1065 366 1138 Brut.
393 1069 430 1159 7,
455 1065 509 1156 7.)
534 1067 591 1142 itu
616 1067 746 1142 creber
780 1091 900 1142 rerurn
941 1069 1163 1166 frequentia,
1204 1085 1246 1142 ut
1278 1095 1365 1144 oer-

145 1163 274 1238 borum
304 1187 432 1270 prope
471 1191 650 1242 numerum
690 1169 955 1242 sententiarum
989 1191 1135 1244 nurnero
1167 1191 1364 1268 consequu-

145 1278 221 1356 tur,
247 1265 304 1339 ito
328 1265 453 1340 uerbis
478 1282 594 1370 optus
619 1283 655 1342 et
674 1290 854 1378 pressus,
886 1281 928 1340 ut
954 1267 1112 1358 nescius,
1150 1284 1268 1342 utrun
1299 1293 1367 1342 res

144 1367 317 1438 oratione
341 1389 390 1438 un
415 1365 531 1440 uerba
556 1369 751 1442 sententiis
775 1365 1022 1442 illustrentur.
1056 1367 1147 1454 (Cic.
1175 1371 1220 1441 de
1246 1393 1296 1439 or.
1323 1372 1367 1460 2,

148 1461 221 1550 13.)
254 1464 361 1536 Coni.
395 1464 504 1538 Roth.
545 1467 585 1538 in
622 1466 716 1562 disp.
749 1467 814 1540 ini.
848 1470 882 1560 §.
914 1467 1098 1542 XXXIII.
1140 1467 1284 1542 laudata
1326 1481 1370 1542 et

145 1561 301 1641 Quintil.
333 1563 390 1653 10,
416 1559 451 1653 l,
477 1564 536 1639 73.
562 1565 629 1637 ubi
654 1563 896 1660 Thucydides
919 1562 1109 1635 Herodoto
1141 1569 1191 1636 ita
1216 1589 1372 1659 compa-

144 1671 258 1733 ratur:
285 1661 434 1738 Densus
459 1674 497 1734 et
522 1661 646 1734 breuis
672 1675 709 1736 et
733 1685 879 1766 temper
912 1661 1058 1734 instans
1083 1662 1156 1736 eibi
1182 1660 1373 1762 Thucydi-

144 1755 224 1851 des,
256 1755 376 1834 dulcia
411 1775 448 1834 et
474 1757 656 1834 condidus
682 1776 719 1834 et
743 1761 849 1856 surus
873 1757 1113 1834 Herodotus:
1157 1761 1219 1838 itte
1243 1767 1375 1838 conci-

145 1862 253 1950 tetis,
279 1856 338 1932 tic
359 1860 522 1934 remissis
548 1860 747 1958 effectibus
765 1859 894 1932 melior
900 1887 918 1944 ‚·
944 1858 1008 1934 itte
1032 1860 1276 1954 concinnitur,
1300 1861 1380 1938 laic

145 1957 393 2042 eumenidum
427 1957 492 2033 ille
522 1960 573 2052 oi,
598 1957 658 2033 tic
682 1958 888 2062 uoluptate.

244 2079 325 2151 Nou
350 2089 473 2151 tamm
499 2077 672 2150 audiendi
697 2087 794 2169 sunt,
820 2079 884 2174 qui
899 2078 1070 2150 'l'acitrun
1096 2077 1252 2150 aliorum
1272 2105 1379 2176 quo.

143 2201 218 2276 que
252 2187 456 2268 auctorum,
497 2179 694 2274 praecipue
728 2175 929 2268 ciceronio,
969 2176 1081 2269 Livii,
1125 2177 1291 2252 Sallustii
1330 2199 1385 2256 et.

145 2277 306 2373 Virgilii,
348 2279 573 2350 imitatorem
607 2277 721 2349 luisse
754 2287 793 2349 et
822 2277 906 2349 data
939 2301 1050 2371 opera
1082 2301 1128 2348 ex
1159 2277 1219 2348 his
1242 2281 1329 2350 mul
1363 2336 1372 2347 .

145 2380 319 2450 orationis
345 2387 559 2448 ornamenta
583 2374 764 2449 delibasse
797 2377 1003 2472 opinantur.
1055 2376 1158 2449 Talis
1190 2377 1386 2472 imitatio,

145 2502 237 2574 quae
262 2503 284 2548 a
307 2475 496 2550 nonnullis
529 2477 565 2547 ei
591 2477 693 2566 vitio,
736 2477 782 2548 ab
817 2475 898 2546 aliis
923 2473 1024 2548 laudi
1048 2475 1207 2566 ducitur,
1245 2480 1386 2554 nimis

144 2579 291 2648 curiose
320 2601 341 2647 a
364 2577 454 2646 viris
486 2575 602 2647 doctis
627 2576 832 2671 anquiritur
857 2586 894 2645 et
924 2599 1001 2646 non
1026 2577 1139 2646 modo
1165 2578 1211 2648 ad
1235 2585 1385 2674 exqui.

145 2677 288 2748 sitiores
314 2673 490 2772 loquendi
514 2673 702 2765 formulas,
728 2673 920 2746 sedetiam
945 2675 991 2746 ad
1015 2673 1182 2768 vulgares
1201 2685 1237 2748 et
1253 2677 1385 2756 valde

145 2774 345 2848 dissimiles
370 2775 533 2848 retertur.
584 2775 711 2870 Neque
735 2774 876 2846 mirum
907 2772 1027 2846 rideri
1051 2785 1182 2868 potest,
1220 2775 1385 2872 siquis

145 2877 335 2970 ingenium
369 2897 480 2946 suum
513 2873 657 2946 assidua
697 2873 1098 2968 praestantissimorum
1139 2875 1384 2970 scriptorum

146 2973 301 3048 lectione
318 2975 513 3069 subegerit,
539 2997 626 3045 eum
652 2973 863 3046 adsuescere
888 2971 1023 3046 horum
1040 2973 1189 3046 dicendi
1203 2975 1384 3064 scriben,

145 3077 257 3172 dique
289 3077 422 3147 rationi
454 3084 491 3145 et
522 3072 703 3170 quaedam
727 3071 803 3144 illis
837 3073 998 3167 propria,
1032 3074 1174 3168 optima
1197 3097 1383 3174 quaeque

93 3239 96 3246 ,
146 3185 183 3246 et
206 3173 455 3270 pulcherrima
479 3173 680 3245 memoriae
707 3195 793 3244 suae
816 3170 968 3268 infigere
988 3193 1030 3242 ac
1048 3171 1181 3245 deinde
1207 3175 1383 3294 oratiorq

145 3299 232 3346 suae
256 3275 427 3363 inserere,
452 3274 520 3346 etsi
545 3275 641 3345 inter
665 3271 902 3344 scribendum
933 3272 1014 3366 ipse
1038 3271 1186 3363 nesciat,
1217 3297 1265 3346 ex
1293 3301 1383 3372 qu«

145 3373 245 3445 fonte
269 3373 508 3444 manaverint.
1381 3403 1382 3420 π

245 3471 410 3568 Scriptor
434 3469 552 3568 qualis
583 3471 713 3544 Noster
750 3469 821 3542 luit
853 3471 1047 3566 proprium
1073 3471 1145 3544 sibi
1170 3469 1307 3546 stilum
1347 3463 1382 3594 ¹i

146 3573 343 3645 verborum
369 3581 548 3644 structura
571 3572 653 3666 ipse
677 3569 837 3642 formare
862 3569 975 3661 solet,
1008 3581 1046 3643 et
1070 3569 1270 3668 singularis
1299 3575 1381 3662 Ta

146 3673 258 3744 citeae
292 3673 464 3744 orationis
495 3670 639 3742 indoles
676 3670 846 3764 cognosci
885 3669 1020 3764 poterit
1056 3695 1101 3742 ex
1138 3669 1363 3750 Boettiche

146 3771 234 3845 Lex.
260 3771 345 3845 Tac.
362 3769 482 3844 Berol.
504 3767 608 3846 1830.
635 3779 672 3842 et
696 3769 862 3842 eiusdem
887 3765 1015 3842 libello
1040 3770 1087 3842 de
1105 3771 1190 3861 vita,
1216 3773 1339 3869 scrip

146 3897 187 3944 ac
211 3870 296 3943 stilo
320 3870 440 3943 Taciti
473 3869 593 3944 Berol.
632 3867 737 3946 1834.
773 3869 979 3965 nostrisque
1010 3869 1200 3942 lodicibus
1231 3867 1287 3943 ΙΙ.

147 3971 215 4054 ΙΠ.
242 3971 303 4044 Ad
327 3995 408 4041 eam
442 3971 680 4064 potissimum
716 3967 905 4040 reserenda
937 3961 1041 4040 sunt'
1056 3969 1227 4042 inusitata
1253 3969 1336 4044 Ab

146 4073 225 4162 uvi,
251 4071 471 4162 Accusativi,
496 4069 632 4160 Dativi,
653 4067 831 4156 Genitivi,
851 4065 1140 4158 Adiectivorun,
1157 4070 1354 4143 Adverb'

146 4195 244 4262 rum,
252 4169 576 4258 coniunctionum,
589 4167 1290 4258 Infinitivorrmr,Nominum,Numeror

148 4271 443 4344 Praedicatorum
475 4279 512 4341 et
536 4267 808 4357 Subiectorum,
842 4267 1139 4362 Participiorum,
1174 4269 1306 4364 Praep
