2828 4794
195 249 212 292 ·‚
293 221 434 287 cucur
455 221 562 288 uxv.
590 195 794 310 v<sucu
813 181 901 288 sssc.
918 219 981 300 ιο.)
1173 219 1239 292 ns

42 389 236 472 opposuisset.
295 389 396 453 lusit·
420 391 565 454 hostiurn
604 388 748 454 ariditas
789 391 910 454 omissa
944 387 1043 454 ccede
1077 390 1234 472 praedam
1339 379 1343 392 ’

42 473 226 550 sectantium,
262 475 437 556 enisaeque
464 474 612 560 legiones
639 480 904 556 vesperascente·
919 471 973 535 die
988 475 1033 551 ¹in
1065 483 1180 557 aperta
1201 483 1236 537 et

42 554 136 616 solide.
177 553 294 640 Neque
315 560 344 618 is
366 558 578 620 miseriarum
598 555 686 620 finis.
729 555 933 619 struendum
954 557 1090 636 vellum,
1119 566 1234 640 peten-

42 636 90 698 dus
108 633 217 724 agger:
251 641 370 704 amissa
395 660 513 728 magne
542 659 582 702 ex
609 651 716 726 parte,
745 659 807 724 per
839 659 922 722 quae
956 641 1088 728 geritur
1113 639 1235 704 humus

41 728 85 782 aut
104 719 263 784 exciditur
284 742 431 806 caespes:
454 744 521 786 non
543 726 689 788 tentoria
701 721 892 806 manipulis,
914 741 981 785 non
996 725 1141 786 fomenta
1162 743 1236 788 seu-

42 805 104 865 ciis:
122 807 259 870 iniectos
280 825 384 868 coeno
405 815 464 868 aut
485 825 607 870 cruore
636 807 728 886 cibos
755 802 941 871 dividentes
968 809 1116 870 funestas
1144 815 1236 870 tene-

41 886 101 1030 brps
121 895 152 948 et
171 896 223 950 tot
242 888 418 952 bominum
437 890 586 952 millibus
608 909 712 952 unum
734 891 801 952 iam
822 889 990 972 reliquum
1011 888 1100 955 diem
1115 891 1237 954 lamen-

41 977 66 1029 ta
85 978 187 1034 autur.

95 1093 118 1144 l.
135 1087 197 1142 Nox
211 1107 266 1160 per
285 1091 399 1144 diuerso
418 1091 540 1162 inquies,
560 1091 655 1146 varias
675 1099 705 1144 et
722 1091 882 1146 contrarias
901 1089 936 1146 ob
954 1109 1063 1157 causas,
1091 1099 1124 1146 ut
1142 1093 1170 1158 3,
1194 1093 1237 1152 14.
1312 1119 1317 1126 ·

41 1189 65 1202 -
81 1161 196 1214 subiecto
213 1161 340 1230 vallium,
360 1182 389 1216 r.
409 1161 444 1218 ad
462 1180 487 1216 c.
507 1161 553 1220 64.
573 1180 603 1214 n.
623 1166 650 1218 l.
680 1194 713 1204 —
741 1161 865 1216 invalidi
883 1163 966 1234 ignes
991 1179 1032 1217 sc.
1053 1170 1159 1216 essent.
1191 1163 1238 1218 Ol.

41 1229 90 1282 ind
107 1233 157 1285 lll.
176 1251 205 1285 v.
226 1233 350 1302 Ellipais
367 1233 447 1288 verbi
465 1235 603 1288 substant.
642 1231 778 1300 „Similis
796 1249 917 1306 prorsus
935 1233 1095 1322 descriptio
1104 1233 1236 1305 Xenoph.
1299 1247 1304 1260 ¹

40 1301 111 1354 inab.
129 1307 155 1368 3,
174 1309 201 1370 1,
220 1307 249 1360 ³.
268 1307 300 1358 in
319 1305 520 1376 desperatione
538 1305 621 1378 pari:
643 1306 737 1357 Ταῦτα
755 1299 934 1392 ἐννοούμενοι
950 1305 999 1358 καὶ
1022 1298 1138 1378 clipeis
1155 1305 1238 1375 ἔχον-

40 1373 273 1500 {titillet}
295 1373 1241 1504 ttitstbtllitti¹¹ttl⁰tll:'’tlttli-‘ttlisttit

40 1509 95 1570 inco
111 1483 259 1588 ἔτ6γχανεν
276 1517 397 1588 ἕκαστος,
416 1515 448 1574 οὐ
467 1513 621 1591 δυνάμενοι
638 1467 786 1574 sacerdtem
810 1469 864 1574 idid
882 1469 968 1588 dduqs
994 1521 1042 1573 sci
1063 1503 1155 1574 isidor
1180 1539 1239 1574 πα·
1325 1498 1328 1506 ¹

40 1587 130 1656 spirius,
152 1593 269 1660 γονέων,
296 1592 446 1660 γυναικῶν,
471 1591 590 1658 παιδῶν,
618 1584 785 1653 edredesie
809 1585 934 1664 ἐνόμιζον
962 1589 1001 1644 ἔτι
1026 1583 1158 1660 ὄψεσθαι.
1195 1592 1239 1646 De

40 1668 181 1715 uiuorum
198 1661 248 1716 his
267 1661 397 1740 ignibus,
416 1663 468 1734 qui
485 1661 684 1718 accenduntur
696 1661 872 1735 alunturque
891 1682 907 1718 a
925 1663 956 1716 vi
979 1663 1079 1730 ilibus,
1099 1663 1239 1730 excubiis,

40 1731 200 1801 stationibus,
219 1742 254 1786 ut
272 1741 360 1788 cantu
378 1735 615 1806 sermonibusque
633 1731 720 1788 horas
739 1742 768 1788 et
786 1743 902 1788 noctem
929 1736 946 1786 f
986 1742 1045 1799 ant,
1073 1735 1180 1807 scripsi
1207 1735 1240 1790 in

40 1799 87 1853 Mil.
103 1801 181 1857 Rom.
200 1807 229 1872 5,
248 1803 296 1861 9.“
314 1803 392 1874 Lipc.
430 1805 576 1860 Gruterus
593 1805 723 1876 putabat,
751 1807 883 1883 intelligi
900 1805 964 1858 Μ.
984 1803 1115 1860 miiitum
1144 1815 1174 1860 et
1191 1807 1240 1876 ig·
1352 1811 1356 1818 “

41 1887 86 1938 m,
103 1891 203 1931 coenae
222 1877 367 1948 parandae
385 1893 598 1948 corporumque
617 1877 813 1930 curandorum
831 1893 915 1934 causa
934 1892 1079 1943 accensos,
1108 1885 1138 1931 et
1160 1891 1240 1932 ccccc

41 1941 199 2016 iaterruptac
218 1949 252 2002 in
269 1948 414 2002 maestitia
433 1957 462 2002 et
481 1948 692 2020 trepidatione:
721 1947 784 2001 illis
803 1964 873 2002 vero
898 1949 1007 2019 opponi
1025 1948 1239 2004 Germanorum

41 2015 113 2077 lectos
129 2019 237 2087 epulae,
255 2017 303 2071 bis
324 2017 481 2073 eorundem
501 2021 608 2072 loetum
625 2023 739 2072 cantum
757 2024 915 2090 leuemque
933 2035 1069 2072 sonores.
1107 2021 1240 2086 „Milites

40 2083 104 2142 Rom.
121 2091 177 2144 cibi
195 2092 385 2146 immemores
404 2099 433 2143 et
451 2091 593 2144 insomnes
611 2091 708 2166 egisse
726 2098 853 2156 noctem,
873 2091 938 2160 quis
957 2107 1015 2144 uon
1035 2099 1183 2162 exspectet
1208 2092 1240 2144 iu

41 2163 103 2210 tenta
119 2161 372 2218 consternatione?
406 2162 445 2215 At
462 2163 603 2240 grandior
621 2164 662 2214 im
737 2162 898 2216 maestitiae
916 2177 949 2216 ac
968 2162 1178 2232 desperationis
1197 2161 1240 2216 ci·

41 2229 113 2293 gilum
130 2231 210 2301 ignis
228 2233 302 2285 male
318 2232 456 2302 peruigil,
476 2241 509 2285 ut
526 2235 569 2286 ait
587 2231 660 2286 stat.
706 2231 769 2288 heb.
789 2236 816 2298 8,
845 2231 906 2288 266.
953 2233 1061 2285 Iisdem
1085 2233 1239 2310 vigilibus,

41 2301 79 2366 qui
94 2319 143 2372 per
160 2303 293 2358 officium
312 2303 452 2358 debebant
476 2321 561 2358 voees
582 2305 727 2372 emittere,
751 2317 845 2376 pavor
869 2319 919 2357 ora
945 2304 1105 2370 clauserat3
1134 2303 1240 2368 nedum
1344 2339 1349 2352 s

41 2377 65 2421 ut
78 2371 180 2428 militei
199 2377 270 2446 quic
291 2393 356 2430 uam
381 2376 474 2430 locuti
499 2377 568 2442 sint,
597 2375 701 2445 quibus
719 2384 829 2429 metum
858 2374 976 2428 silentio
1000 2381 1029 2428 te
1052 2391 1101 2428 ere
1125 2373 1240 2430 licebat.

41 2441 169 2499 dutitbeta
187 2463 262 2500 vero
271 2393 330 2499 tbic
348 2447 379 2500 in
397 2448 483 2501 rebus
503 2457 581 2512 sunt,
600 2463 660 2499 non
678 2449 709 2503 in
729 2446 855 2524 singulis
874 2444 1007 2500 verbis.“
1073 2447 1122 2513 cll.
1151 2447 1241 2513 „Om-

41 2514 95 2566 nino
110 2517 289 2588 istemptoe
306 2533 386 2572 occec
412 2519 550 2595 vigilum.
577 2537 606 2572 v.
626 2517 663 2572 H.
683 2521 710 2582 5,
729 2522 773 2576 22.
810 2517 875 2572 Duo
898 2519 909 2570 i
934 2519 993 2572 'tur
1016 2518 1162 2573 sollennia
1183 2518 1241 2572 Rc·

41 2586 115 2639 uiuis
131 2589 286 2666 vigilibus,
306 2591 423 2666 signum
441 2598 471 2644 et
488 2606 582 2644 voces.
620 2589 755 2664 Signum.
769 2589 803 2642 ab
823 2590 859 2642 iis
885 2589 920 2642 da
955 2597 1005 2644 tur
1022 2588 1160 2644 buccina:
1189 2605 1241 2644 vo·

42 2671 76 2708 tes
91 2658 296 2732 interposuisse
323 2662 462 2714 videntur
485 2677 606 2716 munere
626 2677 677 2716 suo
703 2661 799 2714 functi
817 2661 853 2713 ad
876 2661 948 2714 alios
975 2659 1083 2737 vigiles
1112 2662 1241 2716 excitan-

42 2723 86 2781 dos.
118 2732 148 2785 ld
166 2732 278 2808 colligo
298 2749 333 2784 ex
350 2733 483 2786 Ambros.
504 2733 642 2787 Hexaie'm.
662 2729 875 2802 5,15.“Ltpe.
896 2731 942 2785 Cf.
962 2729 998 2786 ad
1016 2735 1042 2798 l,
1061 2735 1088 2800 7,
1098 2733 1125 2788 6.
1146 2731 1241 2788 Verba
1259 2729 1278 2766 Χ

42 2803 108 2866 tique
124 2803 181 2870 ipsi
199 2810 254 2856 cet.
273 2803 310 2856 ad
328 2803 440 2857 milites
460 2813 601 2875 spectant,
622 2805 673 2874 qui
690 2823 707 2860 a
725 2803 866 2880 vigilibus
885 2803 975 2857 distin
998 2811 1117 2856 uuutur.
1139 2835 1170 2846 -
1189 2803 1241 2858 du-

41 2878 129 3000 tit
145 2822 1018 3016 sesterces,securesque¹·
1038 2877 1240 3000 33333

40 3011 126 3072 sittace
143 2963 331 3084 intendenldd,
359 3017 430 3070 Veri
456 2965 573 3072 melinum
594 3017 734 3072 Caecinae
761 3015 885 3070 iniicere
904 3016 1046 3082 conantis,
1063 3015 1108 3070 'ut
1131 3017 1241 3072 abstra-

41 3075 123 3149 heret;
141 3087 211 3142 Ere.
234 3087 279 3144 Cf.
299 3085 362 3142 lnd.
383 3087 422 3140 11.
442 3097 471 3142 et
489 3089 526 3142 ad
543 3106 623 3173 seqq.
644 3107 707 3158 cap·
726 3091 771 3146 63.
793 3088 942 3155 -coepta
960 3086 1021 3140 luce
1040 3089 1240 3152 sensuectivo

42 3167 57 3206 ³.
73 3155 223 3228 reciproco,
245 3176 302 3231 quo
320 3166 434 3228 coeptus
452 3160 507 3212 soli
526 3157 629 3214 Tacito
648 3159 769 3225 dicitur,
789 3159 840 3212 sed
858 3159 980 3228 saepius.
1001 3175 1029 3210 v.
1041 3157 1104 3214 lud.
1123 3160 1147 3213 1.
1167 3157 1239 3226 lau,

42 3230 65 3272 ut
83 3225 127 3284 Gr.
146 3231 216 3300 φῶς.
254 3231 397 3284 -locum
420 3231 578 3297 deseruere,
607 3249 694 3302 quem
711 3229 843 3286 obtinere
862 3231 972 3296 iussae,
994 3229 1067 3282 Erre.
1104 3263 1135 3274 -
1155 3237 1241 3300 utque

43 3294 82 3344 teli
97 3299 126 3352 ia
142 3307 277 3370 tempore,
296 3321 326 3356 r.
345 3302 381 3355 ad
397 3305 426 3365 4,
444 3305 490 3370 62,
509 3307 537 3359 2·
566 3333 599 3345 -
625 3301 683 3356 eiii
707 3301 824 3372 quiaque
839 3316 985 3369 procetur,
1011 3301 1135 3356 salutem
1159 3320 1254 3358 suum'

41 3363 93 3440 iuga
109 3373 272 3441 quaerebat.
294 3365 339 3428 Gi.
358 3375 394 3426 tt.
416 3375 504 3440 1,13.
525 3377 552 3438 4,
571 3376 617 3440 23,
637 3377 663 3430 4.
685 3401 717 3410 -
737 3373 780 3428 En
803 3373 898 3428 Vacua
916 3377 945 3426 el
962 3373 1120 3444 sedentque,
1140 3373 1240 3428 eodem
1279 3429 1283 3439 ,

42 3441 205 3569 iiiiii·
216 3443 285 3568 iii
287 3482 295 3513 ²
304 3443 470 3572 ilidii?
471 3452 535 3571 ‘ii
537 3446 631 3570 'fiiis‘
645 3445 1088 3572 litltti‘ndttt‘ltttt
1097 3443 1240 3570 iiiii·

41 3577 207 3650 tirrannum,
228 3605 302 3672 quiae
321 3589 455 3644 Beroaldi
472 3591 564 3643 fuisse
579 3534 659 3642 itaut
677 3589 799 3643 absurde
818 3586 959 3642 ereditur.
984 3587 1079 3642 eodem
1104 3595 1134 3642 et
1150 3589 1241 3642 uictae

43 3660 119 3706 omnes
138 3659 200 3711 edd.
220 3660 282 3712 nisi
300 3659 378 3730 quod
395 3661 513 3716 Herem.
533 3669 563 3718 et
581 3659 687 3714 Kiessl.
707 3659 812 3716 dedere
829 3660 874 3714 En
896 3659 999 3726 Varus,
1023 3675 1058 3712 en
1083 3660 1240 3729 eodemque,

42 3733 104 3806 (Μ.
113 3726 266 3804 ingeniosa
285 3739 328 3784 est
341 3731 504 3788 emendatio
522 3731 675 3788 Pichanae.
713 3731 854 3809 Legiones
873 3731 983 3784 cinclsu
1001 3732 1149 3798 dicunnu,
1170 3747 1242 3801 quse

85 3813 107 3846 ss
123 3809 188 3866 sunt
204 3802 238 3856 in
259 3802 387 3858 vinculis
406 3821 500 3874 neque
518 3812 641 3874 possunt
659 3803 799 3880 effugere.
826 3803 871 3858 ct.
892 3803 929 3856 H.
949 3807 976 3869 1,
995 3805 1039 3860 79.
1059 3811 1088 3857 et
1170 3805 1240 3857 di.

62 3865 155 3924 oederl.
188 3871 221 3923 iu
247 3871 329 3932 scae.
362 3873 476 3944 Archiv
504 3878 555 3930 seir
585 3875 691 3932 Philcl.
723 3895 748 3932 a.
773 3877 853 3932 1826.
879 3878 913 3942 l,
938 3878 965 3932 d·
994 3892 1025 3944 p·
1051 3877 1094 3933 te.
1166 3874 1242 3930 ictae
1273 3933 1275 3940 y

42 3937 96 4016 tipo
111 3937 240 4017 leg-iones
260 3947 387 4000 nendum
406 3953 506 4000 erant:
524 3955 661 4018 poterant
678 3955 775 4002 tamen
793 3946 885 4012 pictae
907 3945 941 4000 ab
966 3945 1100 4000 Arminio
1123 3961 1242 4020 praesu·

43 4017 188 4132 Φιεῃοοιοο
205 4013 299 4068 vtem
318 4017 439 4072 minime
457 4018 591 4090 ineptum
610 4017 768 4072 dixerim.“
789 4015 896 4072 Wclllt.
915 4017 951 4072 ed
968 4015 998 4074 h.
1015 4017 1037 4070 l.
1057 4026 1087 4070 et
1104 4017 1240 4070 iuPreel.

63 4237 67 4245 Ι
96 4173 120 4226 2·
138 4171 233 4226 Simul
250 4173 317 4231 doec
334 4195 375 4230 sc.
395 4179 482 4244 dixit,
501 4185 528 4232 el
548 4187 604 4233 cet.
643 4179 714 4247 „Sic
731 4175 790 4253 ἅμα
810 4212 842 4222 -
861 4179 909 4232 xci
933 4196 978 4248 ap.
998 4176 1129 4249 Thucyd.
1150 4181 1177 4244 Ι,
1196 4177 1246 4233 se:

43 4229 108 4292 bon.
130 4245 172 4310 5⁵,
191 4247 237 4302 rr.
267 4249 310 4303 ee.
345 4246 391 4302 cf.
416 4249 489 4304 sut,
514 4249 606 4304 ruet.
625 4253 653 4314 ν,
672 4253 733 4309 aas.
762 4259 791 4306 es
813 4249 959 4304 Buttman.
984 4249 1083 4305 cram.
1109 4247 1137 4316 §-
1158 4247 1242 4304 sas‘¹

44 4301 129 4364 Welti.
165 4315 312 4388 sincerique
335 4327 447 4390 coeptus
470 4322 532 4376 dies
556 4329 583 4374 et
612 4323 733 4378 aderaut
752 4326 778 4390 4,
797 4325 842 4378 46.
871 4330 904 4374 ut
922 4315 982 4393 ἅμα
999 4317 1055 4438 yiqp
1080 4322 1241 4380 πλουτοῦσι,
