2774 4784
285 185 347 249 ne
369 183 483 248 aaut
505 183 741 254 ostreata,
781 188 812 272 ς.
835 185 911 252 xv,
936 187 1028 252 xvr.
1175 191 1264 248 uxr

60 355 90 426 tt.
116 349 258 440 18488.)
288 353 417 428 Florsz
443 355 484 428 in
508 347 656 452 Euporia
688 357 836 452 sagrada
861 357 905 430 Τ.
933 355 991 434 35.
1026 383 1062 455 p.
1090 359 1260 440 82-ι-85.

60 455 234 550 Utriusque
260 457 587 550 argumentationis
613 479 760 528 surnma
784 466 839 527 est
864 457 939 528 sere
964 457 1072 532 haec:

141 555 170 627 l.
202 553 457 635 Quintilianus
482 557 627 650 scripsit
651 553 782 629 librum
814 551 861 628 de
897 558 1022 632 concie
1054 573 1262 662 corruptor

56 653 279 750 obquratiue,
317 655 417 750 quod
441 656 521 749 ipse
545 657 641 730 dixit
663 656 751 728 Inst.
785 677 837 726 or.
863 654 928 728 lib.
956 657 1002 732 V.
1041 683 1071 732 o.
1102 657 1160 752 12,
1193 660 1258 734 lib.

55 755 105 826 l'l.
128 756 166 826 in
190 755 397 849 prooemio,
422 753 486 826 lib.
514 755 621 830 VIII.
649 777 679 827 c.
707 753 741 829 3.
768 765 805 826 et
829 753 863 828 6.
899 776 1018 851 neque
1051 761 1261 854 negandum

52 865 104 942 ast,
128 851 319 946 dialogum
343 856 454 927 etiam
492 857 614 928 vocari
649 879 757 950 posse
790 851 923 928 tibrum
953 855 1137 954 illumque
1174 862 1259 934 titu-

17 967 20 1040 t
52 955 117 1026 lum
141 980 162 1026 a
185 953 424 1028 librariorum
449 957 573 1052 potius
598 957 828 1030 editorumve
854 979 966 1052 quam
990 959 1108 1054 ipsius
1137 969 1258 1034 aucto

16 1065 18 1110 ³
51 1058 91 1126 ris
124 1055 272 1150 ingenio
310 1056 516 1151 proiectum
562 1056 689 1128 videri.
742 1055 817 1130 Sed
865 1053 997 1130 librum
1039 1057 1260 1140 Quintiliani

49 1153 274 1230 hauddubie
308 1157 497 1228 diversum
533 1157 648 1230 tuisse
673 1181 694 1228 a
718 1152 875 1247 dialogo
908 1167 1044 1230 nosue.
1059 1157 1119 1232 vel
1144 1182 1189 1230 ex
1214 1185 1258 1232 eo

47 1266 145 1352 patet,
169 1257 272 1352 quod
296 1254 362 1328 ille
385 1259 426 1330 in
456 1255 552 1328 libro
593 1281 660 1330 suo
701 1255 748 1330 de
781 1257 987 1330 imitatione
1011 1259 1186 1349 veritatis,
1212 1260 1258 1332 de

47 1357 163 1452 tropis,
189 1357 237 1430 de
262 1355 465 1453 hyperbole
490 1357 596 1430 etde
627 1364 863 1457 κακοζηλὶᾳ
892 1357 1044 1432 uberius
1079 1369 1114 1430 et
1139 1358 1258 1432 Iusius

44 1457 247 1552 disputavit,
263 1457 313 1548 (v.
331 1457 411 1530 eius
428 1459 518 1532 Inst.
533 1457 598 1532 Or.
615 1458 679 1532 lib.
690 1460 736 1533 V.
764 1483 795 1530 a
813 1459 870 1534 12.
897 1457 961 1530 lib.
979 1459 1083 1532 VIII.
1111 1483 1140 1532 o.
1159 1457 1193 1534 3.
1221 1471 1257 1532 et

44 1557 91 1642 6.)
126 1569 253 1632 auctor
289 1583 376 1630 vero
413 1555 548 1655 dialogi
581 1583 701 1656 neque
726 1559 816 1632 haec
841 1583 961 1654 neque
995 1557 1065 1630 alia
1091 1561 1257 1632 tractavit

41 1669 226 1754 praecepta
251 1657 431 1732 rhetorica
454 1669 492 1733 et
516 1669 666 1734 uaotme
690 1659 818 1750 voluit,
852 1659 917 1732 sed
942 1681 1079 1748 causas,
1110 1683 1176 1732 our
1201 1683 1255 1730 re-

40 1759 204 1831 centioris
231 1761 312 1830 aevi
335 1769 495 1832 oratores
519 1761 564 1830 ab
591 1755 799 1856 eloquentia
821 1759 1073 1854 antiquiorum
1099 1783 1254 1832 recesse-

39 1861 116 1930 rint
183 1859 289 1940 Qnao
327 1861 506 1932 metentis
546 1861 761 1956 neutiquam
799 1859 1034 1932 labefactatur
1072 1883 1116 1932 eo
1155 1860 1255 1955 quod

38 1959 160 2031 sudem
190 1970 249 2031 est
283 1961 473 2054 inscriptio
507 1959 658 2054 dialogi:
709 1957 756 2032 de
790 1959 914 2032 causis
945 1969 1151 2060 corruptae
1182 1957 1255 2034 elo·

37 2061 203 2152 quentiae
211 2061 236 2140 ,·'
253 2081 341 2130 nam
366 2059 455 2130 haec
482 2061 660 2132 recentior
684 2069 750 2150 est,
776 2083 797 2130 a
822 2057 952 2153 Lipsio
978 2060 1146 2153 primum
1169 2061 1255 2132 imi·

36 2159 141 2231 tando
179 2157 303 2232 efficta
340 2170 377 2230 et
413 2159 460 2230 ad
498 2159 602 2230 illam
640 2155 730 2232 libri
769 2158 923 2232 Fabiani
965 2159 1253 2232 accommodata.
1341 2162 1345 2170 '

33 2257 154 2356 Neque
187 2259 342 2330 maioris
380 2260 560 2332 momenti
595 2267 650 2330 est
685 2259 921 2352 congruentia
958 2255 1081 2352 eliqua
1111 2281 1254 2349 eorum,

34 2383 121 2453 quae
155 2360 198 2430 in
233 2355 329 2431 Dial.
355 2383 386 2430 c.
413 2355 472 2434 ³5.
486 2359 545 2431 ue
578 2357 789 2432 scholarum
814 2357 1079 2430 rhetoricarum
1102 2359 1254 2452 ineptiis

30 2459 214 2554 augisque
239 2459 337 2532 diota
361 2469 447 2530 sunt
471 2469 508 2531 et
533 2483 554 2528 a
580 2457 809 2539 Quintiliano
842 2458 889 2532 de
924 2455 1253 2532 decimationibus

30 2559 69 2630 at
110 2556 302 2653 puerilem
349 2559 465 2652 magis
506 2559 548 2642 in
583 2559 695 2630 rebus
737 2557 918 2653 tingendis
953 2567 990 2629 et
1034 2559 1253 2630 exornandis

29 2657 326 2749 cantationem,
352 2681 464 2754 quem
490 2657 686 2732 adversm
712 2659 841 2732 orandi
872 2658 1073 2752 imaginem
1111 2668 1147 2730 et
1171 2681 1253 2732 cau·

27 2781 149 2830 aarum
175 2757 385 2830 forandum
418 2757 667 2830 imitationem
698 2759 925 2853 cumpositis.

124 2857 163 2932 2
195 2859 364 2931 Aetatem
391 2858 587 2932 convenire
612 2857 782 2932 nonnulli
807 2859 1039 2948 arbitrantur,
1066 2858 1181 2932 modo
1205 2881 1252 2930 ne

26 2959 134 3028 verba
160 2981 245 3053 cap.
275 2957 306 3030 l.
333 2952 601 3032 disertissimos.
621 2953 780 3031 hommes
805 2997 852 3010 -
885 2955 1024 3030 moenis
1063 2953 1253 3030 admodum

23 3055 157 3130 oudini
186 3059 552 3151 aucuparentur,
583 3055 645 3130 elii
670 3068 813 3152 negant.
865 3054 1116 3135 Quintilianus
1149 3066 1252 3128 sexto

24 3155 199 3228 flaviani
224 3156 374 3254 imperii
399 3181 506 3247 anno,
533 3181 606 3252 quo
632 3156 798 3252 dialogus
817 3165 940 3228 noster
964 3154 1110 3228 habitus
1136 3165 1191 3228 est
1216 3165 1253 3228 et
1380 3163 1381 3168 ’

21 3267 151 3329 auctor
180 3258 259 3332 eius
284 3253 474 3330 admodum
497 3256 640 3329 muenia
665 3257 746 3346 luit,
776 3257 826 3345 (v.
853 3279 930 3350 cap.
963 3255 992 3328 l.
1023 3255 1079 3328 17.
1113 3265 1150 3328 et
1173 3251 1251 3341 24.)

23 3357 261 3428 tricesimum
286 3358 437 3428 tertium
455 3355 514 3428 vel
530 3367 674 3430 sextum
690 3359 764 3451 egit
788 3379 938 3428 annum.
992 3355 1098 3428 Idem
1110 3354 1251 3430 Iulium

21 3453 259 3547 &undum
285 3480 396 3552 quem
423 3457 579 3551 scriptor
604 3455 739 3550 dialogi
764 3481 877 3552 aeque
909 3479 950 3528 eo
975 3455 1122 3550 Aprum
1147 3455 1251 3528 dorni

21 3563 53 3624 et
78 3557 124 3628 in
152 3556 306 3651 publico
332 3547 525 3630 meatui
554 3565 623 3646 est,
663 3557 714 3644 (v.
740 3581 816 3650 cap.
844 3555 895 3641 2.)
927 3553 1114 3651 aequalem
1152 3573 1252 3628 rum

21 3667 55 3724 et
89 3653 346 3748 familiariter
379 3681 404 3730 u
441 3679 482 3730 ae
517 3669 673 3728 unctum
712 3657 800 3728 dIcit
833 3657 923 3728 Inst.
950 3654 1015 3728 Or.
1046 3655 1102 3744 to,
1128 3653 1164 3742 3,
1196 3653 1250 3728 12.

20 3755 118 3848 Apri
137 3761 238 3828 ‘vero
263 3767 299 3828 et
332 3757 487 3831 Materni
512 3779 694 3850 nusquam
728 3758 956 3828 mentionem
981 3755 1073 3828 iacit.
1115 3752 1172 3826 ct.
1201 3761 1252 3825 ta

21 3877 112 3925 men
142 3858 180 3950 g.
206 3857 311 3928 XIV.

129 3951 166 4028 3.
194 3953 304 4028 Multi
329 3956 564 4030 manifestum
589 3955 662 4026 sibi
695 3955 878 4028 invenisse
905 3955 1075 4028 videntur
1101 3976 1251 4026 consen-

21 4077 112 4126 sum
143 4055 273 4126 iudicii
298 4079 547 4152 somnumque
564 4056 605 4126 in
620 4053 774 4149 Dialogo
790 4065 827 4126 ot
852 4055 997 4150 scriptis
1012 4051 1250 4136 Quintiliani:

22 4153 88 4222 sed
119 4151 320 4226 Sohulzius
345 4165 382 4226 et
405 4156 469 4227 alii
490 4165 614 4226 contra
639 4154 776 4245 dieunt,
803 4153 940 4226 similia
959 4151 1253 4250 quoqueindicia

23 4255 191 4344 reperiri
216 4255 255 4326 in
280 4249 470 4328 rhetoricis
484 4254 672 4328 Ciceronis
697 4253 815 4346 libris,
841 4255 1020 4328 contraria
1045 4255 1085 4324 in
1098 4249 1254 4344 Dialogo
