2762 4788
113 182 399 248 1101010111
420 180 589 250 ’1101Το
610 183 960 268 scelerosum.
985 183 1096 250 XXX.
1158 187 1246 242 cxlx

28 359 102 428 linis
126 355 292 438 restitnit
310 363 353 426 et
376 353 451 424 aori
484 354 623 426 iudicio
648 357 841 452 perpendit
874 357 1058 430 veriorem
1092 359 1245 454 seriptu-
1337 441 1343 448 ,

27 481 107 542 ram,
131 476 230 551 quae
256 477 346 524 mox
371 454 624 526 auctoritatem
649 453 816 548 volgatae
842 457 1002 530 obtinuit
1027 466 1065 528 et
1089 459 1131 530 in
1155 457 1246 532 alies

25 555 197 627 editiones
237 563 434 648 propagate
464 563 529 624 est
592 555 686 626 Istae
720 565 863 648 praeter
893 556 982 630 alias
1008 565 1095 630 suut
1118 556 1244 630 Aurel.

26 655 156 727 Allobr.
176 653 287 727 1609.
313 653 348 728 8.
367 661 404 723 01
426 650 531 726 1623.
558 651 621 724 fol.
649 655 703 740 (in
729 655 830 726 Petri
852 655 897 726 de
915 655 952 727 la
966 656 1123 730 Rouiere
1148 655 1246 730 Sori-

23 767 105 849 ptor.
131 754 200 826 lat.
227 753 314 824 hist
339 749 463 838 Rom.)
488 751 656 824 Francos.
688 749 792 828 1612.
820 752 923 840 (oum
949 779 1042 828 vers.
1068 755 1150 831 Ital.
1177 757 1243 830 Ge.

24 857 108 944 016,
134 851 285 928 Galliee
302 849 431 944 Steph.
459 852 506 922 de
531 851 566 922 la
591 851 753 924 Planehe
778 863 815 926 et
840 851 900 927 cl.
916 853 1091 946 Fsuohet,
1117 855 1244 930 Germ.

22 959 80 1026 lac.
105 952 275 1048 Micylli)
305 950 412 1027 1614.
438 961 475 1022 et
499 949 570 1022 ulie
594 951 673 1023 eine
697 962 784 1024 uota
808 951 880 1027 loci
909 953 1014 1030 1614.
1046 955 1101 1028 12
1129 955 1247 1032 Paris.

24 1054 121 1126 1612.
150 1076 244 1124 eura
269 1049 427 1141 Morelli,
461 1051 575 1122 Paris.
607 1050 713 1124 1622.
750 1063 897 1126 auctore
930 1051 1026 1126 Lud.
1054 1050 1246 1146 Dorleane,

23 1159 112 1239 (nnn
137 1151 255 1224 novis
287 1152 367 1224 eius
401 1152 557 1245 cogitant.
593 1153 633 1222 in
664 1149 844 1238 Annales)
879 1151 1101 1248 Mussipunt.
1140 1154 1244 1230 1622.

22 1255 49 1328 i.
73 1253 299 1346 Rothomag.
329 1247 436 1324 1623.
463 1251 577 1322 Paris.
609 1247 713 1324 1623.
740 1251 771 1322 F
772 1249 901 1324 lorent.
920 1250 1026 1327 1637.
1054 1251 1116 1328 rol.
1144 1254 1247 1345 (cum

21 1377 101 1424 rere.
145 1350 234 1426 Ital.
266 1349 405 1432 Bernh.
439 1349 662 1438 Davanzati)
694 1351 816 1422 Patav.
847 1352 953 1428 1755.
982 1351 1015 1428 4.
1051 1353 1248 1449 (quaeest
1341 1347 1348 1364 ’

21 1455 187 1548 repetitio
213 1449 326 1522 huius
351 1447 598 1538 Florentinae)
624 1449 745 1524 Amet.
777 1452 882 1525 1701.

109 1553 177 1628 22.
205 1551 288 1624 lani
315 1547 469 1624 Gruteri
493 1549 725 1622 Franooiurti
754 1549 859 1627 1607.
875 1553 911 1628 8.
938 1579 959 1624 e
985 1553 1139 1650 collegio
1167 1555 1247 1626 Pal-

21 1653 191 1726 theniano
218 1651 432 1746 sumptibus
458 1651 568 1724 lonae
589 1651 739 1742 Rhodii,
765 1653 870 1724 cuius
895 1653 983 1726 libri
1007 1653 1120 1727 altera
1143 1665 1247 1750 parte

19 1757 253 1826 continentur
278 1751 529 1826 annotationes
554 1751 703 1842 6101111,
741 1750 921 1848 Rhenani,
955 1753 1123 1846 Ferretti,
1158 1754 1247 1828 Ver-

21 1857 133 1948 tranii,
160 1851 308 1943 Ursini,
333 1850 480 1945 Donati,
505 1853 636 1944 Medii,
670 1852 836 1946 Merceri,
876 1853 1070 1948 Pichenae,
1110 1853 1247 1950 Celeri,

19 1957 176 2048 Gruteri,
228 1965 267 2026 et
299 1951 443 2050 plenior
479 1953 593 2028 index
625 1979 750 2028 rerum
790 1956 1139 2056 vocabulorumque.
1201 1958 1248 2032 ln

19 2057 78 2129 lne
101 2059 275 2132 editione
300 2056 467 2150 primum
491 2053 671 2128 hodierna
703 2056 888 2130 librorum
913 2058 1034 2133 Taciti
1064 2061 1104 2131 in
1129 2061 1249 2154 capita

19 2159 145 2232 divisio
172 2157 358 2253 reperitur
382 2166 419 2230 et
451 2155 639 2252 plerisque
668 2156 761 2232 loeis
786 2160 967 2254 scriptura
991 2185 1013 2230 a
1037 2159 1167 2254 Lipsio
1192 2161 1248 2232 in-

20 2258 181 2349 10110111,
211 2255 403 2330 nonnullis
428 2257 668 2348 emendatior,
695 2283 787 2355 quae
813 2258 967 2331 debetur
992 2257 1185 2331 Piehenae.

96 2357 172 2433 23.
202 2356 379 2428 Matthiae
396 2353 641 2451 Beraeggeri
667 2359 744 2429 sive
765 2355 993 2434 Berneeceri
1018 2368 1055 2430 et
1074 2353 1249 2432 Iohannis

18 2454 266 2532 Frontianis·
288 2458 412 2550 generi
428 2457 660 2550 Argentorati
689 2455 794 2536 1638.
821 2468 859 2530 01
887 2457 991 2532 1664.
1015 2457 1050 2534 8.
1078 2457 1247 2532 Francos.

17 2561 57 2630 ad
80 2559 216 2632 Viadr.
248 2553 351 2630 1737.
404 2555 475 2628 1110
507 2557 744 2652 repetendam
783 2559 923 2630 emovit
953 2559 1155 2632 editionem
1184 2558 1249 2630 Pi·

16 2661 174 2749 um,
201 2655 266 2728 hie
288 2680 364 2726 non
382 2657 496 2728 modo
521 2656 700 2730 nonnulla
715 2657 927 2730 emendavit
952 2669 989 2732 et
1009 2658 1142 2732 adiecit
1167 2668 1249 2730 tum

17 2759 90 2830 loes
117 2753 298 2854 parallela
322 2757 363 2828 in
378 2757 554 2850 margine,
581 2767 663 2828 tum
680 2767 785 2829 notus
810 2759 850 2830 in
875 2755 957 2830 loca
979 2759 1114 2830 intacta
1136 2759 1249 2830 inter·

16 2861 187 2954 pretibns
213 2857 398 2952 prioribus
422 2865 487 2928 aut
510 2879 614 2928 secus
639 2868 798 2952 accepta,
824 2858 889 2930 sed
914 2858 1026 2928 otiam
1051 2855 1249 2952 paraphra-

15 2963 67 3032 sin
108 2958 299 3030 librorum
337 2980 400 3028 sex
431 2955 599 3050 priorum
630 2955 836 3029 Annalium
870 2955 1074 3050 publicavit
1098 2956 1247 3050 Argent

18 3059 124 3134 1641.
188 3057 355 3130 Indidem
398 3055 553 3128 confecit
599 3054 779 3129 Melchior
819 3053 1100 3128 Freinshemius
1137 3053 1248 3126 huius

17 3161 137 3232 irater.

110 3257 178 3334 24.
206 3258 390 3332 Ludovici
405 3253 555 3330 Aurelii
581 3255 801 3346 (d'Orleans)
828 3257 943 3328 Paris.
966 3253 1072 3330 1622.
1099 3256 1134 3332 8.
1162 3279 1249 3328 eum

17 3359 286 3432 commentario
311 3359 352 3429 in
375 3356 551 3448 Annales,
577 3359 648 3453 qui'
669 3357 810 3431 nullius
835 3381 952 3453 paene
977 3355 1087 3452 pretii
1112 3365 1177 3427 est

109 3459 176 3534 25.
203 3459 255 3530 Μ.
283 3457 405 3530 Zuerii
430 3452 645 3530 Boudorair'
659 3455 815 3529 Amstel.
842 3481 887 3528 ex
913 3454 1060 3528 officina
1082 3457 1247 3528 lansson.

19 3558 174 3632 Arnstel
207 3555 312 3631 1643.
343 3556 447 3633 1649.
479 3554 584 3630 1650.
615 3555 722 3632 1653.
752 3555 858 3630 1664.
888 3555 995 3631 1678.
1027 3554 1082 3628 12.
1115 3554 1245 3628 Venet.

23 3659 125 3735 1645.
159 3656 267 3734 1672.
299 3655 402 3730 1676.
434 3651 489 3728 12.
539 3655 724 3749 Repetitio
744 3655 924 3728 editionis
948 3653 1124 3748 Bernegg.
1161 3676 1248 3726 eum

21 3759 217 3832 observati.
242 3757 284 3828 in
310 3757 444 3850 quibus
469 3753 689 3851 plerumque
714 3765 871 3850 nugatur
895 3753 1140 3826 Boxhornius.

113 3857 177 3934 26.
205 3854 286 3930 1011.
313 3855 420 3928 Fred
448 3851 628 3928 Gronovii
652 3879 709 3950 ap.
728 3855 821 3926 Dan.
848 3852 1075 3926 Elzevirium
1090 3851 1247 3926 Amstel.

26 3957 129 4034 1672.
170 3953 277 4031 1673.
312 3955 347 4030 8.
381 3953 478 4028 Voll
516 3955 565 4027 ll.
608 3956 802 4048 inscripta:
850 3950 895 4031 C.
925 3949 1095 4028 Cornelii
1124 3949 1250 4026 Taciti

72 4081 141 4132 eru
172 4077 270 4152 quoe
303 4065 467 4142 1111011,
505 4053 668 4150 integris
701 4051 841 4155 Lipsii,
881 4047 1062 4140 Rdeeom',
1106 4049 1249 4140 Ursini,

24 4079 176 4248 Xerses
216 4149 413 4242 Petere
459 4149 639 4244 Mereeri,
685 4151 852 4242 Gruteri,
890 4147 1073 4240 Aoidolii,
1110 4147 1249 4240 Grotii,

26 4253 279 4344 Freirultenii,
324 4266 362 4326 et
387 4249 535 4326 selectis
561 4252 761 4342 (Selinerii,
798 4252 916 4346 inepti
940 4249 1160 4345 interpretis,
1198 4247 1248 4334 et)
