2904 4798
172 203 235 270 512
563 197 808 262 ANNALIUM
830 195 914 260 LIB.
937 195 997 259 vl.

174 367 274 424 rubori
292 367 373 420 locus
390 363 468 436 apud
484 363 571 418 illum
587 363 718 418 fuisset-‘⁴
739 362 846 418 Wurn.
882 363 927 416 ltu
948 377 1018 416 vero
1045 363 1095 414 vir
1120 362 1221 418 doctus
1246 377 1309 415 reru
1332 377 1390 414 nou

174 459 227 494 acu
245 439 376 515 tetigisse
394 437 520 490 ridetur.
557 433 661 488 Caesar
685 433 763 490 baud
780 435 930 488 consultus
957 442 1010 500 est,
1037 452 1075 486 an
1099 434 1195 488 solitis
1220 431 1391 494 honoribus,

174 513 224 567 sed
248 529 285 564 an
312 508 432 564 omnino
457 506 578 560 Gallum
602 505 717 576 sepeliri
741 506 855 560 simet:
881 523 948 558 nam
977 505 1038 574 ipse
1065 503 1168 560 edictis
1187 513 1331 570 sanxerat,
1360 513 1392 556 ut

173 582 330 638 maiestatis
354 579 489 642 accusati,
515 577 644 632 convicti
670 586 699 632 et
731 576 860 630 damnati
884 575 1035 661 sepultura
1060 575 1305 648 prohiberentur,
1332 577 1393 628 nisi

174 653 420 724 anteperfectum
438 649 578 702 iudicium
597 649 702 720 seipsi
728 651 789 702 rita
829 650 1012 702 rivavrsseut.
1043 667 1071 702 r.
1089 649 1125 702 ad
1142 653 1171 714 4,
1189 649 1283 713 3⁰‚2
1308 656 1340 700 et
1366 649 1393 702 a

173 729 216 784 w.
245 721 400 778 Gomultus
417 729 514 774 autem
532 727 586 786 est,
604 739 641 774 an
660 719 779 790 sepeliri
798 668 917 774 dutum
936 722 1057 786 sineret,
1080 721 1148 790 quia
1165 721 1293 772 inserts·
1309 717 1393 770 habe-

175 799 264 862 botur,
283 803 381 847 utrum
399 799 492 860 sponte
509 807 545 843 on
562 793 721 844 necessitate
740 793 885 862 periisset.
922 791 984 845 Nos
1005 793 1108 846 mouit
1129 792 1284 858 permittere
1302 798 1333 846 et
1351 799 1394 842 ta·

174 873 232 922 cite
260 869 301 920 ita
325 863 469 934 confiteri,
500 862 619 916 Gallum
642 871 769 939 egestate
794 862 852 916 cibi
875 863 1006 934 dirisque
1030 861 1184 933 suppliciis
1207 862 1243 916 ad
1265 869 1393 918 mortem

174 937 368 996 voluntariam
384 933 573 1006 compulsum.
597 935 718 1002 ultroque
735 936 859 988 incusare
878 949 956 987 eorus
975 943 1047 999 cet,
1072 951 1162 1004 quum
1180 935 1289 1004 seipse
1309 937 1394 995 iucu-

174 1030 238 1066 sare
261 1008 417 1062 debuisset:
451 1024 519 1060 nam
545 1005 687 1058 iudicium
717 1007 797 1058 iussu
821 1004 949 1059 Caesaris
979 1005 1103 1060 dilatum
1127 1015 1198 1071 erat,
1225 1015 1258 1058 ut
1281 1007 1393 1059 diutius

174 1083 357 1138 cruciaretur
376 1077 488 1143 Gallus,
516 1087 546 1131 et
564 1079 622 1130 iam
640 1075 781 1134 triennium
799 1095 815 1130 a
833 1086 966 1148 tempore
984 1078 1175 1131 accusationis
1198 1077 1240 1142 (a.
1260 1077 1296 1130 U.
1317 1079 1393 1141 783.)

174 1151 539 1276 effluxeratduttroqueqv.
558 1148 594 1202 ad
611 1151 639 1214 3,
657 1151 702 1214 36,
721 1153 746 1204 l.
767 1181 800 1192 -
819 1149 955 1202 cunutus
972 1150 1044 1212 seui,
1071 1155 1109 1202 tot
1133 1150 1312 1202 romanum
1340 1166 1390 1216 po·

232 1225 244 1278 s'
276 1239 340 1278 ιι
378 1225 392 1278 l
423 1225 437 1276 l
505 1259 511 1271 .

172 1233 271 1352 remi.
292 1259 406 1358 ornem}
425 1257 593 1346 Gdrmaniei
610 1291 701 1354 filius,
719 1291 814 1344 deiude
832 1292 1016 1356 exstinguitur
1045 1319 1076 1328 -
1102 1291 1191 1344 dusera
1213 1293 1315 1361 populo
1343 1293 1391 1346 in·

171 1383 280 1436 ponere,
300 1367 337 1418 cf.
355 1361 411 1418 Dio
430 1365 473 1427 58,
495 1365 535 1418 13.
554 1366 598 1420 22.
619 1361 699 1416 Suet.
719 1361 782 1414 Tib.
803 1379 826 1418 c.
847 1367 890 1420 5⁴.
911 1365 954 1420 65.
976 1395 1006 1405 -
1027 1369 1147 1430 tomento,
1182 1365 1326 1418 stramine
1345 1383 1393 1418 seu

173 1435 350 1512 palustribus
368 1433 567 1499 arundinibus,
587 1434 690 1504 quibus
709 1433 831 1487 curleitae
849 1434 955 1487 vilium
973 1431 1124 1488 homiuum
1143 1435 1393 1500 inferciebantur;

172 1511 265 1568 Pici„
284 1505 479 1574 „Gnophulion
496 1505 550 1558 ulii
574 1505 767 1558 chananeus
791 1513 896 1564 mount,
924 1507 1000 1558 cuius
1023 1505 1102 1570 foliis
1123 1505 1196 1560 utun
1219 1509 1395 1575 mollibusque

171 1598 221 1651 pro
239 1585 383 1634 torrento
401 1583 519 1642 utuntur,
540 1577 614 1630 Plio.
634 1579 680 1641 27,
699 1581 741 1632 1⁰.
762 1595 784 1630 s.
797 1579 840 1634 ot.
870 1575 1017 1631 Similiter
1033 1575 1163 1634 Dioscor.
1182 1582 1210 1644 3,
1232 1582 1292 1636 133-
1314 1581 1394 1636 133.ιι

173 1652 258 1724 Ryci.
292 1649 336 1706 Cf.
361 1647 451 1704 Hard.
476 1647 513 1701 ad
536 1647 610 1700 Plin.
630 1647 651 1704 1.
666 1647 686 1700 1.
712 1647 800 1702 etad
824 1647 859 1702 ei.
880 1653 924 1714 m,
951 1651 993 1706 15.
1017 1667 1039 1702 s.
1059 1651 1103 1705 88.
1137 1681 1167 1692 -
1192 1653 1395 1718 praescriptam

172 1725 258 1790 fuisse
275 1719 416 1786 Macroni,
435 1719 470 1772 de
509 1735 545 1772 uo
568 1737 596 1776 v.
616 1719 651 1772 ad
669 1737 694 1772 c.
715 1720 758 1774 115.
783 1737 812 1772 n.
832 1721 860 1776 3.
885 1721 1080 1788 praescriptum
1099 1718 1157 1774 MS.
1183 1730 1212 1774 et
1237 1721 1303 1776 cod.
1329 1723 1393 1774 Urs.

173 1795 234 1852 edd.
253 1794 317 1848 Ber.
337 1791 428 1844 Rhen.
451 1794 473 1845 1.
521 1807 565 1846 rn.
586 1798 616 1844 et
634 1807 693 1845 rec.
713 1789 875 1857 descriptum
898 1791 959 1845 edd.
978 1791 1069 1846 Rhen-
1096 1794 1122 1848 2.
1141 1796 1167 1848 3.
1195 1792 1261 1846 Ald.
1288 1803 1320 1846 et
1340 1803 1392 1848 cet

173 1865 358 1934 „Describere
376 1861 521 1932 exquisite
539 1861 650 1914 dicitur
666 1877 720 1932 pro
740 1861 893 1986 imperare,
913 1863 1049 1917 mandare
1067 1871 1118 1916 sut
1134 1863 1268 1934 pluribus
1287 1882 1324 1919 ac
1342 1885 1395 1937 per

173 1945 280 2010 partes,
305 1942 354 1990 aut
380 1933 467 2004 plura
491 1931 586 1988 simul.
618 1931 663 1984 cf.
688 1932 760 1986 Hor.
804 1933 860 1990 ΖΡ.
879 1953 907 1988 v.
927 1937 970 1990 86.
991 1943 1021 1988 et
1039 1934 1120 1988 Glav.
1140 1933 1220 1990 050ss
1244 1935 1314 1992 Era.
1343 1940 1394 2008 qui

173 2003 469 2156 tmemaeierebat
484 2004 689 2086 praescriptum.
709 2035 742 2046 -
762 2012 908 2060 retractum
927 2007 1066 2060 eulodius
1084 2003 1142 2059 MS.
1162 2015 1192 2060 et
1209 2007 1254 2061 ed.
1265 2006 1393 2066 Bekkt.

173 2097 256 2210 tte
275 2154 301 2216 ι,
319 2075 1395 2225 e:1uiues-ruemssesuunustetes

173 2225 239 2278 Ber.
264 2219 355 2276 Rheo.
381 2217 446 2272 Ald.
471 2217 586 2280 Waltiu.
619 2218 699 2270 nurui
725 2219 787 2272 edd.
814 2227 869 2272 cet.
900 2217 945 2276 Cf.
970 2219 1006 2273 ad
1022 2223 1049 2286 3,
1067 2223 1113 2286 30,
1131 2223 1158 2278 2.
1186 2249 1219 2259 -
1250 2223 1395 2278 saeuitiam

173 2311 249 2364 ςιαιιι
265 2291 455 2362 poenitentium
473 2291 576 2356 naluit,
596 2287 744 2344 crudelior
762 2293 866 2356 factus,
884 2307 922 2344 ue
940 2292 1043 2346 mitior
1062 2289 1236 2358 haberetur3
1257 2295 1340 2350 Brut.

589 2461 781 2519 CAPUT
839 2463 971 2522 xxw.

258 2593 345 2658 Quin
377 2599 412 2654 et
438 2593 589 2654 invectus
618 2592 653 2654 in
674 2590 865 2653 defunctum
893 2592 1017 2674 probra
1044 2596 1210 2676 corporis,
1239 2597 1395 2659 exitiabi-

175 2677 240 2739 lem
261 2677 295 2736 in
318 2695 406 2752 suos,
428 2675 592 2737 infensum
614 2675 665 2736 rei
686 2675 836 2757 publicae
857 2677 1001 2735 animum
1025 2675 1161 2756 obiecit,
1190 2678 1395 2762 recitarique

175 2761 338 2820 iacturum
361 2757 593 2840 dictorumque
608 2756 696 2820 ¹eius
724 2756 889 2838 descripta
915 2755 1067 2839 perdice
1096 2761 1207 2840 iussit,
1238 2781 1305 2842 qno
1328 2783 1395 2824 non

145 2877 147 2882 ·
174 2840 266 2904 alind
297 2841 444 2903 atrocius
471 2843 590 2902 uisum.
634 2839 810 2904 Adstitisse
842 2848 893 2902 tot
923 2861 983 2923 per
1009 2861 1126 2921 anuos,
1163 2845 1220 2926 qui
1249 2846 1395 2916 voltum,

174 2925 329 3012 gemitus,
351 2925 518 2986 occuitum
539 2925 638 2985 etiam
659 2941 815 2986 murmur
835 2924 1038 3005 exciperent,
1069 2935 1104 2988 et
1124 2929 1273 3007 potuisse
1294 2949 1394 2990 arum

175 3007 304 3086 audire,
326 3008 448 3092 legere,
470 3008 505 3067 in
527 3006 696 3089 publicum
718 3025 885 3088 promere,
907 3009 963 3068 vix
984 3007 1074 3085 fides,
1102 3011 1168 3070 nisi
1196 3011 1286 3091 quud
1305 3011 1395 3072 Actii

175 3093 382 3153 centurionis
404 3098 438 3151 et
459 3089 595 3169 Didymi
617 3089 728 3150 liberti
749 3090 909 3172 epistolae
930 3109 1106 3152 servorum
1135 3093 1268 3154 nomina
1298 3113 1395 3176 prae-

175 3174 338 3251 ferebant,
359 3181 399 3234 ut
419 3175 491 3256 quis
513 3171 736 3258 egredientem
758 3173 911 3234 cubiculo
934 3173 1082 3235 Drusum
1103 3176 1305 3256 pulsaverat,
1343 3199 1396 3239 ex-

176 3266 355 3320 terruerat.
398 3255 507 3316 Etiam
529 3276 587 3317 sua
607 3257 709 3318 verbe
732 3259 886 3318 centurio
914 3259 1071 3318 saevitiae
1101 3259 1206 3339 plena,
1238 3268 1395 3344 tauquam

176 3341 360 3426 egregium,
382 3357 545 3420 vocesque
573 3337 757 3402 deficientis
778 3337 956 3416 adiecerat,
984 3342 1057 3422 quis
1084 3345 1192 3422 primo
1221 3343 1395 3406 alienatio-

177 3443 252 3486 nem
280 3423 399 3484 mentis
428 3423 587 3484 simulans
625 3425 718 3505 quasi
746 3443 807 3504 per
844 3419 1042 3486 dementiam
1081 3428 1210 3486 funesta
1239 3425 1395 3504 Tiberio,

177 3527 265 3585 mox,
291 3506 349 3568 ubi
371 3525 485 3587 exspes
514 3507 603 3568 uitae
625 3506 697 3577 fuit,
727 3503 900 3568 meditatas
922 3509 1184 3591 compositasque
1211 3507 1302 3570 diras
1334 3514 1395 3571 im-

177 3589 390 3674 precabatur,
413 3597 461 3660 ut,
495 3587 769 3670 quemadmodum
791 3607 914 3649 nurum
935 3589 1103 3672 filiumque
1131 3593 1246 3653 fratris
1276 3603 1312 3655 et
1342 3613 1396 3654 ne

178 3679 271 3756 potes
292 3671 489 3754 domumque
510 3691 639 3732 omnem
662 3671 817 3732 caedibus
838 3672 1080 3753 complevisset,
1107 3675 1153 3735 ite
1181 3693 1305 3756 poenas
1341 3698 1396 3738 no-

178 3757 261 3819 mini
293 3757 472 3841 generique
499 3757 661 3816 maiorum
695 3763 728 3816 et
749 3755 892 3836 posteris
925 3757 1121 3819 exsolueret.
1164 3757 1395 3820 Obturbabant

179 3837 311 3922 quidem
333 3839 445 3898 Patres
468 3839 578 3919 specie
599 3835 801 3900 detestandi:
831 3837 888 3898 sed
916 3839 1112 3920 penetrabat
1142 3860 1248 3922 pavor
1278 3851 1313 3902 et
1341 3843 1396 3904 ad-

179 3923 332 3998 miratio,
371 3919 526 3982 callidum
558 3921 638 3983 olim
666 3929 700 3984 ct
728 3919 877 4006 tegendis
904 3921 1086 3983 sceleribus
1123 3923 1304 3986 obscurum
1334 3927 1397 3986 huc

179 4003 397 4066 confidentiae
428 4006 569 4077 venisse,
601 4012 641 4065 ut
661 4011 815 4086 tanquam
836 4003 970 4064 dimotis
991 4005 1175 4086 parietibus
1205 4007 1398 4070 ostenderet

180 4095 334 4169 nepotem
356 4087 416 4146 sub
439 4087 579 4148 verbere
601 4087 818 4164 centurionis,
840 4089 929 4148 inter
950 4105 1125 4150 servorum
1154 4091 1251 4168 ictus,
1286 4101 1397 4152 extre-

179 4189 233 4230 ma
256 4172 343 4230 vitae
364 4170 520 4231 alimenta
539 4173 666 4234 frustra
686 4179 846 4230 orantem.
1096 4171 1097 4174 ’
1430 4197 1431 4205 ¹

252 4291 276 4340 1.
300 4285 478 4338 innotus-in
504 4287 664 4354 defunctum
681 4285 818 4342 Drusum.
844 4285 888 4340 Gi.
909 4287 974 4340 ind.
995 4287 1046 4340 111.
1077 4307 1104 4341 r.
1129 4287 1293 4360 Partiripio
1322 4291 1395 4358 Pers.
