2904 4798
185 193 331 260 CAPUT
351 193 493 262 LXXII.
516 190 672 260 LXXIII.
695 193 750 270 (A.
772 192 812 260 U.
832 192 906 262 ⁷81.
927 193 968 256 Δ.
991 189 1029 258 G.
1051 193 1119 271 28.)
1209 191 1272 260 tes

55 363 242 436 immissum
275 363 355 425 satis
376 361 495 442 validi,
527 366 556 426 si
577 361 677 426 simul
697 361 944 426 incubuissent:
976 361 1038 444 pier
1058 357 1274 422 intervallum

54 445 269 508 adventantes
290 465 397 529 neque
424 448 644 510 consuntiam
672 445 871 509 addiderant
895 445 1052 520 turbatis,
1085 453 1120 505 et
1148 459 1277 523 pauore,

53 532 254 616 fugientium
275 530 524 592 auferebantur.
578 529 726 618 Cethego
755 529 904 593 Labeoni
934 531 1044 616 legato
1070 528 1208 607 quintae
1225 524 1274 586 le-

53 615 173 700 gionis,
206 611 295 698 quod
323 615 490 696 reliquum
525 613 747 693 auxiliorum,
779 611 901 690 tradit3
938 621 1043 694 atquc
1075 609 1134 672 ille
1173 607 1274 670 dubia

53 715 191 758 suorum
224 716 263 760 re
294 699 329 760 in
356 717 476 780 anceps
508 706 653 774 tractus,
686 697 795 760 missis
830 697 973 776 annuis,
1005 697 1076 776 uim
1104 693 1273 781 legionum

53 779 264 862 implorabat.
317 781 546 863 Prorumpunt
574 782 727 863 quintani
755 789 833 846 ante
857 781 942 844 alios
969 786 1021 854 et,
1054 779 1125 842 acri
1161 793 1275 860 pugna

53 865 149 926 hoste
177 865 285 948 pulso,
318 866 488 946 recipiunt
507 864 656 926 cohortis
678 865 811 948 alasque
831 868 934 927 fessas
956 861 1161 926 vulneribus.
1204 857 1274 922 Ne·

55 967 120 1029 que
151 946 219 1009 dux
242 949 408 1010 Romanus
436 949 546 1009 ultum
576 949 617 1009 iit
645 956 705 1012 aut
725 965 870 1032 corpora
889 946 1053 1020 humavit,
1087 961 1275 1028 quanquam

54 1031 153 1092 multi
186 1032 404 1094 tribunorum
441 1035 757 1114 praefectorumque
800 1039 834 1094 et
875 1032 1023 1118 insignes
1060 1029 1274 1092 centuriones

55 1113 260 1178 cecidissem.
304 1113 387 1175 Mox
409 1121 617 1195 compertum
639 1133 659 1176 a
680 1116 874 1204 transfugis,
902 1119 1087 1200 nongentos
1109 1111 1275 1173 Romano-

54 1220 129 1260 rum
150 1197 240 1280 apud
259 1199 383 1278 lucum,
406 1217 501 1280 quem
523 1197 744 1264 Baduhennae
765 1205 897 1278 uocant,
919 1216 1030 1284 pugna
1051 1197 1275 1279 inposterum

54 1289 201 1344 extracta
222 1284 402 1359 confectos,
425 1289 460 1344 et
481 1283 579 1346 alium
600 1279 924 1368 quadringentorum
944 1300 1091 1356 manum,
1115 1281 1275 1360 occupata

53 1363 266 1447 Cruptoricis
312 1365 478 1446 quondam
513 1364 727 1448 stipendiarii
765 1368 869 1444 villa,
913 1374 1088 1448 postquam
1123 1361 1274 1446 proditio

53 1447 274 1524 metuebatur,
296 1451 423 1510 mutuis
444 1448 567 1510 ictibus
587 1449 816 1532 procubuisse.

124 1587 146 1638 1.
168 1581 336 1637 Germaniae
352 1583 539 1653 propraetori
558 1583 621 1640 edd.
639 1583 733 1640 liban.
753 1589 780 1643 3.
799 1584 865 1643 Ald.
886 1591 915 1639 et
937 1601 996 1638 rec.
1013 1589 1200 1652 renectere
1215 1580 1274 1636 MS.

51 1654 116 1710 edd.
142 1655 206 1709 Ber.
231 1654 323 1710 liban.
347 1660 373 1711 l.
393 1659 418 1713 2
438 1675 465 1710 r.
485 1656 522 1710 ad
542 1662 566 1721 l,
592 1661 636 1724 ⁷4,
658 1663 683 1714 1.
709 1665 739 1712 et
756 1661 784 1723 2,
809 1661 854 1724 ω,
878 1660 904 1714 2.
931 1687 964 1700 -
991 1655 1097 1710 maille
1119 1655 1274 1726 legionum,

51 1747 81 1780 v.
102 1726 139 1781 ad
218 1730 288 1784 .18.
307 1746 340 1780 ιι.
358 1731 384 1783 3.
405 1755 438 1768 -·-
458 1745 473 1782 e
491 1729 637 1797 superiore
653 1730 815 1798 mordacia,
843 1747 872 1784 r.
897 1727 933 1782 ad
957 1727 993 1784 G.
1014 1731 1038 1782 l.
1065 1745 1094 1780 n.
1114 1731 1140 1782 l.
1166 1759 1200 1772 -
1227 1743 1276 1779 ca·

51 1799 130 1852 stetti
148 1799 184 1862 (F
199 1800 257 1864 evi,
276 1815 302 1852 ο.
322 1799 383 1866 ⁷2.)
402 1799 464 1854 edd.
483 1817 544 1854 rec.
564 1818 601 1855 ex
619 1801 731 1856 emend.
751 1801 845 1856 llben.
865 1801 985 1856 sueretu
1002 1799 1066 1856 edd.
1086 1807 1144 1854 ret.
1179 1831 1212 1842 -
1236 1799 1276 1852 ad

50 1887 104 1924 saa
122 1871 254 1937 tutanda,
271 1889 300 1928 r.
321 1870 357 1924 ad
374 1871 446 1948 Agr.
466 1873 511 1928 28.
539 1891 569 1924 n.
587 1877 613 1930 3.
646 1903 680 1916 -
704 1873 781 1927 atam
805 1873 1024 1939 Canninefatem
1042 1870 1099 1926 MS.
1121 1869 1184 1924 edd.
1208 1869 1275 1925 Ber.

49 1942 143 1998 Rheu.
162 1942 228 1998 Ald.
247 1949 277 1996 et
294 1957 355 1996 rec.
374 1943 572 2009 caninefatem
590 1942 651 1998 edd
672 1944 708 1996 Li
730 1961 752 1997 s.
779 1951 809 1998 et
827 1945 902 2000 aliae
920 1951 987 1998 aute
1005 1943 1078 1998 Eru.
1098 1943 1176 1994 alam
1199 1942 1276 1996 Gan·

50 2015 219 2079 nanefatum
248 2013 293 2080 (ut
319 2031 365 2134 Bp.
394 2015 514 2069 Gruter.
541 2032 571 2083 p.
595 2016 659 2078 386,
683 1961 728 2081 ld
755 2015 806 2069 vel
839 2014 1062 2081 Ganssinefaturn
1088 2013 1275 2068 scribendum

47 2085 182 2150 videtum
199 2085 284 2140 Brut.
347 2082 438 2136 eboc
454 2084 564 2154 populo
584 2093 614 2138 at
631 2085 667 2138 de
686 2087 835 2155 scriptura
852 2086 980 2140 neminie
1000 2103 1027 2136 v.
1047 2084 1083 2138 ad
1101 2084 1138 2136 ll.
1146 2087 1174 2146 ⁴,
1191 2087 1237 2148 16,
1247 2089 1274 2141 i.

48 2191 85 2201 -
110 2157 220 2224 peliunt
245 2155 276 2208 ci
297 2152 355 2208 MS.
385 2155 428 2210 ed.
457 2155 516 2208 lac.
543 2154 635 2211 Grau.
657 2156 806 2230 pelluntur
830 2155 892 2212 edd
912 2155 978 2210 Bnr.
996 2153 1088 2209 liban·
1110 2159 1134 2210 1.
1154 2157 1182 2210 2.
1201 2171 1276 2224 quae

47 2229 140 2282 lectio
165 2234 230 2282 crta
257 2245 293 2282 ex
316 2226 370 2280 illa
396 2223 479 2280 usti.
508 2227 619 2295 pellunt
643 2227 704 2282 edd.
725 2226 817 2283 Rhen.
838 2231 865 2283 3.
891 2227 959 2282 Ale.
983 2236 1012 2282 et
1030 2242 1089 2280 rec.
1110 2227 1218 2280 omisso
1235 2225 1274 2294 ui,

46 2299 128 2371 quod
151 2300 239 2353 etiam
268 2297 375 2352 inutile
401 2297 631 2358 additamentum
659 2299 755 2352 rideri
781 2305 885 2370 potest.
924 2331 958 2342 -
996 2307 1106 2354 furnius
1138 2295 1274 2353 sodales:

46 2371 192 2440 „equites
213 2387 249 2423 ex
266 2369 322 2424 alis
341 2369 496 2426 sociorum.
534 2371 632 2424 Primo
659 2387 727 2442 pars
755 2371 900 2442 equitatus
919 2370 1006 2426 alarii
1024 2372 1170 2440 impetum
1192 2371 1275 2436 fecit,

48 2459 119 2566 suo}
131 2441 250 2566 {qsexttlelsl
263 2441 418 2566 iegiqpum,
438 2439 893 2580 tasqqlemtuqiqusussequptattus
910 2441 1057 2568 aiaqiua.“
1077 2443 1148 2565 lirq.
1171 2441 1276 2496 Turma

48 2533 99 2570 era
270 2531 285 2568 e
352 2531 408 2566 um.
430 2531 459 2566 v.
505 2531 578 2570 ee.
681 2550 688 2564 .
747 2529 775 2566 ιο
813 2531 870 2568 sca
909 2531 942 2570 ro
975 2531 1107 2568 erana:
1139 2529 1218 2570 erna.
1245 2531 1273 2572 v.

47 2589 136 2638 Varr.
155 2585 187 2636 L.
206 2583 239 2638 1..
258 2531 350 2650 effi.
380 2615 413 2626 -
439 2532 552 2640 alariis
570 2601 652 2656 eques
672 2583 736 2640 edd.
755 2602 814 2640 rec.
840 2604 875 2640 ex
887 2533 1006 2644 1ismend.
1021 2584 1157 2640 Freinsb.
1177 2584 1276 2640 acrius

48 2673 133 2727 eques
157 2655 302 2710 immissus
329 2655 392 2710 edd.
417 2663 475 2712 ret.
513 2657 603 2724 „Hoc
631 2657 761 2712 defendit
788 2657 998 2713 Woltsnannus
1022 2658 1205 2735 argumentis
1232 2664 1276 2710 ta-

47 2747 119 2782 men
138 2728 275 2782 infirmis.
313 2727 457 2799 Loquitur
481 2729 590 2784 Noster
616 2729 652 2784 de
679 2745 786 2806 genere
804 2730 963 2798 copiarum,
991 2747 1065 2800 quae
1091 2728 1276 2782 immitteren-

47 2807 108 2864 tur,
128 2799 182 2864 (ef.
202 2798 239 2854 ad
256 2799 283 2867 6,
297 2799 394 2866 tut.)
413 2817 428 2853 a
448 2817 505 2870 qua
522 2801 693 2856 recensione
713 2799 789 2854 illud
807 2799 903 2854 aetas
921 2801 1025 2857 saltem
1041 2799 1171 2856 alienum
1182 2799 1276 2854 erat.“

50 2869 165 2924 Waltb.
203 2869 267 2938 „ln
291 2887 324 2925 eo
349 2872 447 2925 nescio
471 2889 508 2924 an
534 2873 750 2928 assentiendum
775 2871 814 2924 sit
833 2871 1045 2936 Freinshemim
1071 2872 1149 2942 quod
1167 2873 1276 2941 equites

47 2944 194 3012 legionum
220 2949 250 2998 et
280 2943 390 2996 alarios
415 2943 457 2996 sic
482 2943 650 3020 distinguit,
680 2951 714 2996 ut
740 2941 808 2996 illos
836 2961 852 2996 e
875 2943 1022 3010 Romanis,
1051 2942 1105 2998 hos
1128 2963 1165 2999 ex
1188 2943 1276 2998 sociis

46 3022 181 3086 sumptos
200 3013 285 3068 dicat.
323 3013 398 3068 Nam
423 3013 489 3068 istis
514 3017 695 3088 temporibus
725 3014 871 3083 equitatus
899 3015 994 3069 omnis
1013 3013 1132 3070 videtur
1149 3015 1275 3070 fuisses

46 3089 147 3150 sociis,
167 3086 199 3138 iu
218 3102 290 3156 quos
308 3085 431 3140 Romani
450 3088 657 3142 onerosissima
675 3085 800 3140 militiae
813 3087 1004 3141 transtulere:
1024 3085 1074 3140 sed
1091 3085 1277 3140 dividebatur

46 3161 101 3226 sio,
121 3165 156 3212 ut
195 3175 242 3210 ars
260 3157 348 3212 adiuu
371 3165 470 3212 eretur
488 3157 661 3236 legionibus,
681 3175 805 3228 quarum
824 3156 895 3212 olim
920 3175 1048 3230 quaeque
1076 3159 1189 3230 equites
1214 3163 1277 3210 tre·

46 3237 151 3286 centos
207 3227 309 3282 buerat
327 3177 391 3282 adse
408 3230 536 3294 n'omiue,
559 3239 627 3301 post
650 3231 825 3307 quingentos
853 3229 928 3297 iere,
952 3247 1020 3302 pars
1044 3227 1212 3284 cohortibus
1230 3245 1276 3284 so·

45 3306 183 3367 ciorum;
203 3301 254 3372 qui
273 3302 382 3371 equites
400 3301 494 3354 alarii
512 3301 595 3354 dicti.
633 3301 710 3354 Olim
728 3301 816 3354 aliter
833 3301 957 3356 fortasse
981 3301 1054 3356 iuit:
1080 3319 1147 3354 nam
1171 3301 1274 3355 Livius

45 3376 95 3440 35,
116 3375 145 3429 6.
166 3377 195 3425 et
213 3375 258 3438 tc,
277 3375 321 3428 tc.
346 3372 454 3444 equites
481 3373 659 3442 legionarios
685 3381 714 3426 et
732 3370 843 3424 alarice
870 3371 949 3427 clare
974 3368 1131 3449 distinguit
1155 3379 1184 3427 et
1207 3371 1276 3427 illos

45 3453 137 3500 vocat
153 3441 306 3498 Romanos.
344 3443 400 3500 Sed
416 3445 540 3499 fortasse
558 3443 681 3498 ltonsani
699 3443 807 3514 equites
825 3441 866 3496 ibi
884 3443 1032 3510 dicuntur,
1056 3445 1108 3516 qui
1133 3461 1199 3498 cum
1217 3443 1277 3498 uo-

45 3517 146 3571 rnanis
165 3523 257 3580 eraut,
276 3525 310 3568 ut
329 3515 422 3570 alarii
440 3519 529 3570 etiam
547 3517 660 3602 equites
680 3517 836 3580 sociorum,
861 3531 920 3570 uon
947 3517 1015 3588 quia
1042 3515 1164 3572 esociis
1191 3515 1275 3582 lecti,

44 3605 224 3730 stitit.
235 3585 507 3718 hi⁰1i⁰⁰si¹iiti⁹d
518 3585 965 3730 attestarentur·
974 3587 1276 3716 ..titii-tit*

45 3733 193 3785 Ceterum
212 3695 346 3786 Sch'etius
365 3729 401 3786 ad
419 3731 528 3807 Hygia.
546 3679 637 3804 pili&
657 3739 760 3784 contra
779 3677 1132 3802 Salmasiumpdisputans,
1157 3731 1209 3801 qui
1233 3727 1277 3782 le·

42 3801 134 3880 gicni
153 3803 242 3856 etiam
261 3803 312 3856 sub
338 3803 567 3874 imperatoribus
595 3803 708 3874 equites
728 3809 875 3858 trecentos
899 3811 979 3858 recte
1003 3803 1149 3866 attribuit,
1172 3817 1277 3874 perpe-

43 3892 113 3928 rarn
133 3881 232 3950 negat,
252 3871 388 3928 Tacitum
406 3882 456 3928 aut
473 3873 565 3928 alituu
583 3877 686 3936 aetatis
705 3877 767 3928 eius
786 3875 962 3946 scriptorem
978 3875 1094 3946 uspiam
1117 3871 1277 3942 legionarii

43 3945 158 4015 equitis
176 3945 358 4000 mentionem
375 3947 490 4012 fecisse,
509 3945 718 4017 contenditque
736 3945 834 4000 nullos
853 3945 928 3998 alios
954 3945 1012 3998 nisi
1036 3947 1151 3998 alarum
1169 3945 1277 4015 equites

44 4017 113 4070 illis
133 4015 313 4087 temporibus
330 4018 436 4071 fuisse:
456 4017 534 4088 quod
552 4017 701 4072 refellitur
718 4016 775 4071 hoc
793 4015 890 4070 Taciti
909 4015 983 4084 loco,
1002 4017 1052 4070 ubi
1071 4017 1179 4071 diserte
1196 4015 1276 4086 equi-

44 4095 93 4140 tes
112 4087 259 4156 legionum
277 4095 307 4142 et
324 4087 415 4142 alanni
433 4087 666 4165 distinguuntur,
686 4097 716 4143 et
733 4087 787 4142 illo
805 4087 840 4142 H.
861 4092 887 4154 1,
913 4089 956 4142 57.
980 4087 1029 4140 ubi
1052 4089 1159 4159 equites
1183 4087 1276 4155 legia·

44 4157 1057 4302 tlttitubabit,tt‘tttf'ft‘ttttttttttt
1070 4161 1276 4285 3ζάῗῖἰέἕὲἕὲ

43 4304 83 4359 li.
105 4305 135 4370 3,
154 4303 180 4358 2
202 4301 403 4378 intelligitis
422 4249 726 4380 equutsitegionum
750 4302 931 4358 Pannonicae
955 4319 989 4358 ιο
1013 4304 1168 4360 Moesicae:
1198 4305 1276 4376 qoud
