2762 4788
233 187 374 256 CAPUT
393 187 503 253 xvu.
546 186 744 288 (1117117.
767 188 857 259 Ac,
874 191 940 269 14.)
1160 193 1203 262 17

27 353 122 410 tosti
140 357 223 416 1e‚e
247 357 325 428 lips.
352 355 388 410 de
405 355 468 413 mil.
485 355 567 416 Rom.
586 360 614 425 2,
632 357 728 416 5-8.
753 387 787 402 -
819 356 925 412 isicem
951 363 999 411 out
1025 357 1203 426 quadragesis

27 425 144 492 umis:
161 427 232 480 olim
249 428 321 482 dene
340 429 479 498 equitum
506 430 647 484 semem·
665 437 699 488 et
721 430 826 484 visens
843 428 975 501 peditum
995 429 1132 497 stipendio
1157 431 1202 496 (h.

26 499 111 550 sunni
125 497 260 567 militine)
278 499 410 576 legitime
427 499 477 553 vel
494 501 571 554 iuste
589 509 681 567 erunt,
708 501 816 572 quique
842 501 878 554 sb
902 517 977 555 suno
1004 503 1107 557 aetatis
1124 502 1203 558 xvu

25 569 143 633 sinivi,
159 569 261 624 saltem
279 571 303 624 L
320 588 427 624 sunum
445 578 490 624 tot
507 580 664 635 meruerat,
688 573 813 626 emeritus
839 572 988 626 dicebatur
1005 581 1035 628 et
1053 580 1202 631 ostensus.
1254 575 1258 584 '
1285 612 1287 618 s

25 658 44 692 v.
57 641 108 692 liv.
122 645 151 704 3,
167 643 210 696 t1.
228 643 272 707 77,
292 647 334 698 11.
351 645 397 708 11,
414 645 459 699 11.
477 645 523 699 33.
542 647 584 700 31.
610 643 710 715 Polyb.
735 645 765 707 6,
783 647 826 699 17.
847 645 890 700 19.
919 643 1017 714 ibique
1034 643 1222 724 Schweigh-

25 711 64 763 Sed
76 712 105 764 sb
120 712 142 765 A
261 731 287 770 e.
305 713 340 768 U.
360 717 422 770 711.
441 713 554 768 definiti
571 715 766 786 praetorianis
784 715 838 769 x11
855 715 925 768 enni
942 717 1078 782 militias,
1097 719 1204 772 ceteris

25 782 135 836 militibus
214 793 273 847 ‚et
290 785 393 838 deiude
410 803 435 838 ι.
454 785 490 842 U.
509 787 571 844 768.
589 785 653 839 illis
670 787 743 842 m.
762 785 857 840 ethis
875 785 932 840 XX.
952 806 980 844 v.
1001 795 1130 842 extreme
1147 787 1205 842 hu·
1250 839 1255 848 ,

24 853 56 904 ius
68 871 118 925 esp.
135 855 221 909 serbe
240 863 270 908 et
285 856 405 921 111051,
421 858 466 912 75.
485 860 531 922 5⁵,
548 860 590 914 13.
618 856 696 912 Suet.
722 858 796 935 Aug·
815 875 841 915 o.
860 860 903 916 49.
942 857 1025 913 Unde
1052 859 1146 935 igitur
1171 859 1203 916 h.

24 923 136 978 ltsiteeo
151 933 197 978 ost
214 927 390 994 quadragesi
406 927 560 994 stipendio!
578 931 647 1000 quie
663 931 804 998 veterani,
832 936 866 982 ut
884 944 953 982 mox
978 929 1104 994 dicetur,
1137 931 1205 986 inde

24 994 47 1044 sb
59 998 162 1074 Augusti
179 998 358 1069 temporibus
375 998 483 1053 multos
501 1017 584 1071 saepe
601 1017 656 1070 per
673 1017 763 1054 eunus
781 1000 857 1072 apud
875 999 984 1054 vexilla
1003 1001 1206 1056 retinebantur

25 1074 100 1122 ttres
125 1069 268 1124 invidiose
298 1088 315 1124 e
341 1071 500 1126 Pescennio
533 1079 664 1148 augetur.
711 1071 792 1138 Quod
825 1071 861 1125 sd
893 1071 1071 1142 stipendium
1099 1073 1205 1128 militis

25 1134 116 1207 (Soli)
134 1149 161 1194 et
177 1141 309 1212 praemis
325 1142 430 1195 militis
448 1143 564 1206 attinet,
596 1143 701 1213 primis
726 1144 772 1197 rei
792 1141 874 1213 publ.
899 1143 1079 1212 temporibus
1099 1145 1134 1198 de
1153 1161 1205 1200 suo

24 1209 115 1280 quisque
202 1213 305 1267 ebetur
321 1229 443 1268 munere
461 1214 596 1280 militine,
615 1214 665 1267 sed
682 1233 706 1270 a.
725 1214 760 1267 U.
779 1217 840 1270 347.
858 1214 1008 1268 decretum
1028 1223 1080 1280 est,
1105 1225 1139 1268 ut
1153 1218 1206 1270 sti-

23 1281 126 1346 pendium
147 1301 188 1337 mr
202 1301 232 1338 es
258 1283 293 1336 ds
310 1283 442 1408 publico·
458 1285 612 1356 eooiperet.
636 1285 701 1340 Liv-
720 1289 749 1349 l,
767 1289 811 1342 59.
849 1283 995 1356 stipendii
1018 1287 1137 1362 nomine
1154 1305 1206 1358 pe·

23 1349 101 1406 ditibus
116 1357 242 1425 primum
261 1356 294 1408 in
332 1357 388 1408 'em
406 1355 495 1410 soluti
518 1373 596 1410 esses
622 1357 752 1410 unciales
770 1357 844 1420 bini,
868 1363 969 1426 postes
991 1359 1075 1427 qiiint
1100 1376 1121 1411 s.
1142 1359 1205 1412 bini

23 1423 91 1489 otum
106 1425 321 1480 centurionibus
339 1426 476 1498 duplum
495 1427 642 1498 equitibus
660 1427 807 1484 drachma.
826 1445 854 1481 v.
874 1427 926 1480 Pol
947 1427 974 1480 b.
995 1431 1023 1491 6,
1042 1431 1086 1484 37.
1107 1431 1206 1500 ibique

23 1493 152 1574 belreigln
171 1497 267 1552 lulius
276 1497 382 1552 Geeser
396 1498 574 1568 stipendium
592 1497 698 1554 deinde
714 1498 888 1570 duplicavit,
907 1498 918 1564 (
941 1507 999 1556 uet.
1011 1499 1091 1556 Caes.
1111 1499 1206 1568 ooo)

23 1565 51 1617 iu
67 1575 93 1618 ut
112 1586 183 1622 usses
201 1569 304 1622 diurni
330 1585 351 1624 s.
378 1569 423 1622 sin
481 1569 621 1624 'denarii
648 1569 697 1624 vel
719 1571 808 1625 annui
826 1585 933 1624 novem
958 1571 1041 1624 aurei
1058 1571 1205 1641 peditibus

23 1635 170 1694 solverentur
186 1640 284 1694 tribus
301 1640 435 1710 pensioni
454 1659 488 1694 us
507 1657 528 1696 s.
549 1641 715 1712 stipendiis,
742 1641 847 1712 quibus
906 1649 1012 1704 ertum,
1036 1638 1067 1694 h.
1088 1643 1205 1700 eslius

22 1715 64 1759 tres
76 1727 164 1764 aureos
181 1711 368 1766 Domitianus
386 1712 509 1778 adiecit3
527 1711 604 1765 unde
621 1729 749 1766 annuum
768 1714 806 1766 sti
829 1731 864 1768 en
887 1714 946 1766 'um
970 1730 1005 1766 ex
1023 1727 1056 1767 eo
1075 1721 1206 1786 tempore

22 1779 63 1829 luit
76 1780 119 1832 111
134 1799 300 1838 aureorum.
327 1801 356 1838 v.
374 1781 445 1837 Ern.
466 1791 496 1836 et
514 1783 640 1839 Oudend.
660 1783 696 1836 sd
714 1783 792 1838 Suet.
839 1799 895 1838 om.
915 1785 941 1840 7.
961 1782 1058 1841 Schel.
1086 1785 1122 1840 de
1141 1785 1205 1840 mil.
1301 1779 1306 1786 “
1334 1853 1337 1862 1

22 1849 79 1902 luni
94 1869 114 1908 u
130 1857 155 1910 3.
173 1854 268 1928 Grpn.
286 1854 324 1908 de
340 1871 402 1924 peu.
421 1863 478 1910 vet.
499 1857 525 1920 3,
543 1855 569 1910 1.
588 1855 686 1908 Burin.
706 1855 742 1908 de
760 1857 867 1932 vestig.
897 1871 922 1908 o.
941 1857 967 1912 9.
1004 1855 1048 1910 Ab
1074 1855 1206 1934 Augusto

22 1919 61 1970 tin·
74 1923 169 1976 taurii
184 1925 289 1978 diurni
306 1925 499 1994 praetorianis
523 1925 633 1980 decreti
656 1925 705 1980 vel
728 1926 778 1978 XX
795 1945 879 1982 asses.
906 1945 933 1980 v.
953 1945 1013 2000 esp.
1033 1931 1076 1984 17.
1103 1937 1133 1982 et
1149 1927 1206 1982 Dio

21 1993 92 2054 itu.
112 1993 362 2049 Denariusiantem
377 1997 509 2067 primum
527 1997 634 2062 decem,
654 1997 756 2052 deinde
776 1995 863 2062 (belli
881 1998 984 2052 Punici
1002 1999 1040 2054 11.
1059 1997 1205 2070 tempore)

22 2064 122 2130 stein,
140 2067 259 2122 undem
277 2067 559 2138 tindeuprincipetu
567 2067 708 2144 Augusti)
727 2068 877 2122 duodecim
894 2069 1005 2124 assibus
1022 2070 1207 2140 permutabu-

21 2141 61 2188 tur.
81 2156 104 2192 s.
121 2138 193 2196 Plin.
212 2141 260 2204 33,
278 2139 305 2194 3.
324 2139 438 2200 vitruv.
457 2143 484 2206 3,
503 2143 528 2195 1.
564 2139 642 2194 Hinc
659 2140 820 2194 Pescennio
839 2147 956 2194 auctore
974 2156 1029 2212 pro
1045 2141 1144 2196 decem
1162 2159 1207 2196 es-

22 2204 75 2258 stru
90 2218 283 2280 exposcuntur
300 2209 411 2285 singuli
430 2209 551 2266 denarii.
579 2227 606 2264 v.
627 2228 690 2282 cap.
709 2212 753 2268 26·
781 2210 918 2279 „Plinius
936 2211 1036 2274 tradit,
1055 2211 1207 2266 denarium

22 2277 160 2334 unitim-i
177 2279 326 2352 stipendio
345 2297 443 2348 smper
459 2297 508 2349 pro
527 2282 556 2336 X
573 2281 679 2335 aestus
697 2282 801 2347 dutum
829 2282 884 2334 Dio
903 2281 948 2348 53,
967 2287 1028 2346 11.‚
1045 2283 1208 2353 praetorie-

22 2347 53 2398 iii
65 2348 95 2401 tlu
113 2351 170 2405 lum
189 2349 333 2422 stipendii
351 2349 458 2406 dutum.
493 2353 636 2408 Videntur
655 2354 751 2423 itaque
768 2352 947 2424 praetoriani
964 2355 1066 2408 favore
1080 2353 1207 2430 Augusti

21 2369 129 2488 eipndi
145 2423 274 2478 meliore
291 2438 380 2476 numo
397 2421 427 2476 h.
448 2441 472 2478 e.
492 2423 529 2478 ud
545 2427 661 2500 argenti
679 2425 810 2478 valorem
828 2432 963 2478 revocata
985 2425 1036 2480 vel
1053 2425 1102 2477 XX
1129 2441 1206 2480 usses

21 2505 66 2542 tun
80 2493 196 2564 collybo,
218 2493 379 2570 legionarii
396 2495 540 2566 stipendia
557 2515 608 2550 sus
625 2495 662 2550 ad
680 2495 817 2549 viliorem
835 2513 956 2550 numum
972 2495 1003 2548 b.
1023 2515 1046 2551 e·
1077 2496 1113 2550 ad
1130 2512 1206 2550 asses

21 2563 116 2618 unciales
132 2568 208 2620 iactu
226 2565 341 2618 ratione
358 2563 407 2620 vel
425 2565 524 2621 decem
542 2583 619 2622 esses
637 2565 700 2620 sine
719 2565 837 2636 collybo
855 2567 1008 2637 accepisse.
1042 2567 1116 2622 Nam
1130 2565 1207 2638 quod

21 2631 102 2687 Plinius
117 2635 201 2700 dicit,
221 2636 374 2691 denarium
390 2637 454 2690 xv!
471 2637 581 2693 assibus
598 2637 774 2708 permutari,
792 2655 842 2692 sex
860 2655 936 2692 esses
956 2647 1024 2692 sunt
1041 2654 1097 2712 pro
1112 2639 1207 2708 colly-

22 2701 52 2766 bo,
66 2715 89 2757 et
103 2706 236 2762 denarius
254 2707 372 2762 nomine
391 2725 442 2762 suo
460 2725 575 2782 semper
592 2727 646 2779 par
662 2707 809 2765 habendus
829 2716 873 2762 est
889 2709 915 2763 X
933 2711 1054 2773 essibus,
1083 2726 1142 2764 non
1160 2726 1207 2764 ee-

21 2777 70 2840 uris,
86 2779 137 2842 sed,
154 2780 180 2832 si
198 2779 350 2844 durentur,
369 2781 525 2856 argenteis.
561 2779 666 2834 Aeneis
685 2781 711 2832 si
727 2788 885 2852 permutes,
930 2797 964 2834 ro
990 2781 1106 2852 collybo
1125 2797 1207 2836 ecce-

21 2845 57 2912 dit,
71 2849 136 2918 quod
152 2849 245 2918 deest,
264 2859 298 2904 ut
315 2853 430 2928 argenti
448 2851 532 2905 valor
551 2849 756 2938 exsequetur-,ff
777 2851 884 2905 Waltls.
909 2799 958 2908 di.
977 2853 1056 2925 Lips.
1075 2853 1147 2908 Exc.
1167 2851 1207 2906 Vl

21 2923 41 2965 et
52 2919 101 2974 vll.
133 2921 239 2978 d'l'ac.
258 2922 333 2976 Ann.
353 2929 378 2978 l.
399 2929 427 2976 et
445 2923 536 2978 Gron.
555 2922 591 2976 sd
607 2920 637 2974 h.
654 2921 674 2975 l.
718 2923 748 2976 br
771 2919 843 2976 liaeo
866 2926 1034 2978 annotavit:
1069 2923 1206 2998 „Lipsius

21 2998 93 3043 conus
109 2991 278 3048 Ferrettum
302 2991 430 3066 disputat
456 2991 704 3066 reprehenditque
723 2993 821 3056 etiam,
849 2993 926 3064 quod
945 2993 970 3046 is
990 3012 1026 3048 ex
1043 2995 1121 3048 Suet.
1141 2991 1205 3048 Tib.

21 3060 49 3112 bi
63 3075 192 3130 posuerat,
214 3065 364 3118 seditiosos
382 3067 499 3136 aequari
519 3063 647 3120 voluisse
663 3065 872 3136 Pmetorianis3
891 3065 927 3118 de
937 3065 1113 3120 Germanico
1127 3065 1206 3118 enim

23 3127 109 3196 illici,
124 3151 181 3188 uon
200 3135 237 3190 de
256 3135 418 3190 Pannonico
437 3135 577 3190 exercitu.
616 3135 673 3189 Sed
690 3136 752 3206 ipse
770 3133 906 3205 deceptus
925 3145 969 3189 est
995 3153 1085 3206 prere
1103 3135 1206 3189 verbo·
1319 3193 1327 3200 ⁶

22 3217 66 3254 un
86 3204 157 3262 Suet.
185 3207 249 3260 inte
328 3207 433 3263 ctione.
478 3207 579 3279 Neque
597 3209 685 3261 etiem
710 3223 826 3260 neeesse
846 3213 898 3272 est,
925 3203 1060 3260 Tacitum
1079 3216 1108 3260 et
1127 3203 1205 3258 Suet.

23 3269 75 3326 ilem
89 3294 137 3346 per
154 3279 252 3332 omnis
292 3279 382 3346 'oere3
409 3277 530 3332 tradidit
548 3277 627 3332 enim
649 3285 782 3348 uterque,
811 3275 887 3350 quod
910 3296 927 3332 a
953 3278 1012 3331 suis
1037 3276 1205 3331 auctoribus

22 3349 111 3416 strepit,
143 3349 183 3404 Et
203 3351 326 3404 fortusse
343 3351 463 3403 fuerunt
480 3347 573 3473 111Ἱυί
590 3348 687 3420 primo
704 3351 824 3403 fervore
842 3349 994 3412 tumultus,
1023 3349 1075 3420 qui
1099 3347 1206 3402 oleme-

23 3425 75 3480 ttut,
90 3421 203 3490 aequam
221 3437 320 3474 omnes
339 3427 489 3491 oportere:
508 3439 527 3492 p
542 3437 609 3474 ures
627 3419 663 3474 ad
680 3437 760 3490 spem
778 3419 883 3491 profici
900 3424 1040 3492 putarunt
1075 3421 1100 3473 si
1119 3419 1207 3472 dimi·

23 3481 54 3536 liu
68 3493 185 3545 contenti
205 3500 311 3554 essent,
335 3499 364 3545 et
391 3492 434 3544 sio
457 3493 588 3544 omnium
612 3490 731 3544 nomine
755 3491 787 3544 in
804 3491 958 3562 postulatis
986 3491 1022 3545 ud
1039 3457 1205 3562 l'rincipem
1258 3535 1261 3542 .

24 3554 111 3616 edium,
145 3563 210 3616 lloe
227 3571 341 3616 secutus
360 3569 404 3617 est
421 3559 538 3617 Tacitus
557 3563 684 3615 curatius
711 3579 775 3616 rem
797 3579 928 3628 narrans,
956 3561 1032 3614 illud
1050 3562 1205 3617 Suetonius

24 3628 86 3682 urbo
99 3635 262 3702 periurium
283 3651 319 3687 es
345 3634 502 3688 insolentis
525 3633 653 3686 militum
679 3633 915 3709 perstringens.“
951 3633 1088 3688 Ceterum
1106 3633 1207 3712 Augu·

25 3705 66 3776 stus
83 3715 192 3772 praeter
215 3705 275 3760 siis
299 3713 328 3760 et
350 3703 422 3759 bueo
439 3706 472 3758 in
496 3723 530 3759 re
553 3703 678 3757 militari
705 3705 901 3776 eommutavit.
939 3705 1086 3782 Abrogsto
1110 3705 1206 3760 veteri

25 3771 137 3850 ustum,
163 3793 199 3830 ex
222 3791 279 3848 quo
297 3777 407 3830 milites
425 3793 484 3830 non
502 3769 561 3830 nisi
586 3791 602 3828 e
618 3775 724 3846 primis
743 3775 853 3830 civium
878 3775 1016 3831 elassibus
1035 3777 1108 3830 leeti
1125 3778 1205 3830 viee·

26 3854 99 3910 usque
116 3847 270 3918 stipendiis¹
284 3848 425 3902 oonfeotis
443 3847 551 3902 militis
568 3854 598 3900 et
615 3856 795 3901 sacramento
815 3845 904 3901 soluti
924 3856 1029 3914 essent,
1051 3847 1117 3900 duta
1135 3847 1206 3900 mis·

26 3911 82 3966 sione
95 3913 209 3973 bonesti
226 3936 260 3972 sc
278 3919 363 3984 iusta,
380 3919 491 3973 milites
509 3917 563 3972 ille
582 3925 612 3972 et
628 3927 784 3990 perpetuos
803 3927 832 3972 et
847 3917 1040 3984 voluntarios,
1059 3935 1110 3988 epe
1121 3935 1205 3988 pree-

26 3983 120 4039 miorum
135 3990 265 4057 illectos,
284 4006 321 4044 ex
338 3990 480 4057 omnibus,
499 3991 588 4044 etism
605 3989 725 4056 infimis,
744 3991 856 4044 civium
874 3989 1014 4043 classibus
1029 3989 1205 4059 conseripsit

26 4059 156 4133 tflpnetee
172 4063 321 4120 suum
338 4059 603 4136 (Entlussung,
622 4061 771 4136 stillige
788 4057 1140 4135 Verebsobiedung)
1159 4059 1205 4111 in·

26 4129 98 4204 sumit
111 4131 347 4188 emansores·
364 4131 571 4199 (Enteidun
603 4131 630 4199 ).
667 4132 729 4186 Usu
746 4133 836 4204 periti
853 4132 964 4186 milites
984 4139 1013 4184 et
1031 4131 1100 4184 setis
1118 4129 1205 4184 robu-

27 4197 166 4280 ecquem
184 4206 263 4260 enim
281 4205 418 4258 continue
436 4213 530 4258 essent
547 4151 634 4271 bellu,
668 4203 756 4258 multi
784 4205 841 4258 ism
858 4218 934 4258 inno
958 4203 1059 4256 aetatis
1078 4201 1205 4256 mvii

28 4261 130 4338 ltsititur
145 4277 332 4348 upleversnt
350 4275 507 4347 stipendis)
525 4276 777 4346 aestimabantur,
796 4273 825 4334 lt.
837 4293 862 4334 e.
881 4281 1060 4332 seoromento
1074 4290 1109 4328 ex
1121 4279 1204 4348 purte

363 4557 379 4590 δ
