2890 4790
186 233 249 302 tte
579 229 824 298 ANNALIUM
844 229 929 297 LIB.
952 229 1013 296 tv.

188 399 263 464 dem
318 419 415 464 arere
449 401 519 463 nisi
548 419 589 463 ex
617 397 756 464 libidine
790 399 883 462 soliti
914 405 985 476 ant,
1011 397 1041 460 si
1069 395 1244 460 mitterent
1276 392 1417 470 auxilia,

187 505 266 548 suos
289 419 446 547 ductores
468 485 662 566 praeficere,
683 503 745 548 nee
766 483 831 544 nisi
851 479 1028 544 adversum
1049 479 1179 541 accolas
1198 477 1415 564 belligerare.

188 569 237 630 Ac
257 577 329 630 tum
354 587 471 630 rumor
498 569 693 645 incesserat,
722 570 795 629 iore
824 573 863 628 ut
891 563 1022 626 disiecti
1049 563 1191 644 aliisque
1218 559 1414 623 nationibus

188 653 347 734 permixti
368 649 518 714 diversas
539 653 575 712 in
597 659 707 712 terres
728 647 957 713 traherentur.
1000 643 1067 708 Sed
1087 653 1167 710 ante
1193 664 1293 728 quam
1321 662 1415 704 arma

188 736 388 816 inciperent,
410 737 532 796 misero
553 735 682 820 legatos
709 733 889 794 amicitiam
917 729 1179 810 obsequiumque
1206 734 1414 789 memoratu-

188 837 257 894 ros,
278 826 314 881 et
334 837 491 880 mansura
511 815 603 894 haec,
624 819 654 878 si
675 816 769 878 nullo
790 831 877 876 novo
899 831 1002 876 onere
1029 819 1262 876 tentarentur:
1292 811 1350 870 sin
1379 815 1414 868 ut

188 901 286 961 victis
318 902 495 964 servitium
530 898 750 976 indiceretur,
789 917 860 960 esse
888 896 954 959 sibi
981 899 1111 958 ferrum
1138 901 1172 958 ct
1200 895 1413 956 iuventutem

188 989 223 1044 et
243 991 436 1066 promptum
458 983 606 1046 libertati
627 979 748 1044 autad
769 989 912 1043 mortem
940 979 1099 1042 animum.
1142 975 1250 1054 Simul
1277 975 1413 1036 castella

189 1067 329 1148 rupibus
357 1063 465 1128 indita
491 1067 695 1149 collatosque
722 1064 803 1126 illuc
831 1069 986 1146 parentes
1017 1069 1050 1125 et
1078 1061 1237 1146 coniuges
1267 1067 1411 1120 ostenta·

187 1149 268 1212 bant
289 1147 477 1231 bellumque
498 1148 706 1232 inpeditum,
729 1145 884 1226 arduum,
905 1153 1082 1210 cruentum
1102 1141 1364 1206 minitabantur.

258 1271 284 1322 l.
307 1265 360 1321 Gn.
379 1265 500 1322 Lentulo
518 1267 677 1334 Gaetulico,
694 1283 724 1320 v.
735 1265 770 1320 ad
788 1281 813 1320 c.
825 1267 871 1322 li·
890 1281 921 1318 n.
941 1267 966 1320 l.
986 1263 1110 1318 Getulito
1129 1261 1173 1318 ed
1191 1261 1259 1316 Ber.
1280 1259 1413 1314 Getuticc

187 1337 251 1391 edd.
271 1335 362 1393 Rhea,
389 1347 419 1393 et
437 1347 495 1393 cet.
522 1347 590 1394 ante
611 1337 668 1396 lac.
689 1337 781 1396 Grou.
810 1337 857 1392 (ii.
885 1335 921 1390 ad
945 1354 972 1390 c.
991 1337 1036 1392 ii.
1061 1353 1091 1388 n·
1110 1335 1137 1390 i.
1160 1360 1193 1372 -·
1229 1332 1262 1388 G.
1284 1333 1414 1386 Gdsnsio

187 1407 302 1477 Sabino,
322 1411 404 1464 cuius
422 1417 508 1492 pater
525 1411 654 1466 eiusdem
672 1410 799 1465 nominis
823 1407 927 1464 consul
949 1407 1009 1462 fuit
1032 1425 1057 1462 ιι.
1077 1405 1112 1462 U.
1131 1407 1194 1462 tto.
1214 1431 1248 1443 -
1286 1403 1414 1458 comesis

191 1477 491 1550 Thracumgenttbus,
510 1483 609 1553 quiin
627 1482 765 1536 montium
792 1479 911 1548 (Haemi
928 1477 1127 1550 potissimum)
1154 1473 1244 1531 editis
1269 1475 1349 1530 locis
1373 1475 1415 1527 in·

187 1551 260 1606 cutte·
278 1551 441 1624 agitabant,
459 1573 489 1608 v.
508 1555 544 1608 ad
563 1559 589 1622 1,
608 1557 653 1620 es,
673 1559 700 1610 1.
736 1553 775 1607 ili
794 1559 873 1619 sunt,
893 1566 964 1622 quos
979 1547 1166 1620 'lhucydides
1184 1548 1270 1612 296.
1293 1543 1415 1617 ὀρεινοὺς

190 1623 300 1694 Opinoi
318 1631 347 1679 et
365 1621 535 1698 αὐτονόμους
552 1625 681 1698 appellat
698 1625 909 1696 describitque,
928 1621 1008 1692 Lipe.
1036 1621 1146 1674 incultu
1164 1617 1224 1674 ms.
1246 1647 1284 1658 -
1320 1636 1416 1672 rumor

186 1693 354 1764 incesserat,
372 1715 402 1752 v.
422 1697 458 1752 ad
476 1702 503 1765 1,
522 1699 550 1763 ὅ,
569 1703 595 1754 l.
616 1725 650 1737 -
687 1697 811 1765 disiecti,
830 1713 858 1754 v.
877 1695 913 1752 ad
930 1699 958 1763 1,
977 1697 1023 1761 et,
1041 1696 1069 1750 i.
1089 1725 1120 1736 -
1154 1691 1287 1746 diuersos
1305 1691 1340 1747 in
1359 1701 1415 1746 ter-

186 1781 238 1822 ras
256 1766 450 1837 traherentur,
468 1789 498 1825 v.
518 1770 555 1824 nd
572 1775 599 1836 1,
617 1772 662 1838 l'l,
680 1774 706 1828 2.
727 1774 802 1837 att,
820 1771 867 1838 ie,
886 1773 911 1828 1.

257 1844 283 1898 i.
303 1858 386 1898 annu
403 1843 570 1914 inciperent,
591 1863 619 1902 v.
639 1843 676 1898 ad
693 1847 720 1910 1,
739 1847 768 1911 2,
788 1848 813 1900 1.
835 1871 867 1882 -
904 1840 1066 1898 osnicitimn
1082 1839 1299 1911 obsequiumque
1316 1857 1416 1894 mo-

188 1919 315 1980 raturos,
335 1915 367 1968 in
385 1916 557 1970 memoriam
576 1924 773 1974 revocaturos.
811 1915 879 1984 „Sic
897 1917 926 1980 i,
942 1917 978 1972 68
995 1931 1041 1986 pr.
1072 1914 1198 1968 Verbum
1217 1913 1371 1990 signatum
1390 1923 1416 1966 et

186 1987 349 2114 iiiiii.
362 1987 394 2042 ³¹¹
413 1985 659 2114 haifstei?
673 1987 764 2112 slidis
805 1985 1371 2125 ‘34¹⁰ttmuttimthittni’
1391 1992 1416 2048 ¹¹

184 2137 347 2198 promptum
364 2131 495 2186 libertati
513 2139 564 2186 ant
583 2133 622 2186 ad
639 2138 759 2186 mortem
776 2131 911 2197 animum,
939 2146 999 2183 non
1021 2129 1119 2182 minus
1146 2128 1182 2182 ad
1208 2128 1295 2182 illam
1313 2129 1415 2182 defen-

186 2199 318 2269 dendam,
338 2220 425 2273 quam
443 2204 480 2258 sd
497 2202 574 2258 hano
591 2201 767 2258 subeundam
784 2210 926 2274 paratum.
954 2200 1155 2256 cs.ln‹1.111.
1182 2218 1213 2253 v.
1232 2200 1415 2256 Constructio

186 2273 335 2328 uerborum
352 2274 476 2330 comata.
499 2303 532 2313 -
569 2275 688 2329 castello
706 2273 824 2343 rupibus
842 2273 947 2342 indito,
971 2291 999 2328 v.
1018 2271 1055 2328 ad
1071 2275 1101 2340 3,
1118 2274 1163 2336 28,
1181 2275 1209 2330 3.

572 2391 803 2476 “ossus
843 2415 990 2472 xuvsr.

265 2525 311 2588 At
339 2523 493 2606 Sabinus,
525 2525 631 2590 donec
668 2526 836 2590 exercitus
870 2525 905 2586 in
934 2544 1040 2586 unum
1073 2523 1287 2597 conduceret,
1313 2522 1415 2586 'datis

186 2607 323 2671 mitibus
353 2611 535 2694 responsis,
564 2618 739 2694 postquam
766 2610 969 2691 Pomponius
995 2607 1110 2670 Labeo
1139 2607 1312 2670 eMoesia
1340 2627 1417 2669 cum

187 2691 330 2777 legione,
353 2711 414 2754 rex
436 2692 686 2758 Rhoemetalces
707 2711 784 2754 cum
810 2691 946 2753 auxiliis
975 2691 1202 2774 popularium,
1230 2693 1287 2774 qni
1316 2689 1416 2752 iidem

186 2793 255 2836 non
275 2781 498 2855 mutaverant,
519 2795 654 2855 venere,
683 2773 796 2838 addita
816 2775 988 2858 praesenti
1008 2777 1104 2858 copia
1125 2772 1168 2836 sd
1184 2773 1316 2836 hostem
1339 2793 1417 2856 per-

187 2857 238 2941 git
258 2860 480 2939 compositum
501 2861 568 2920 iam
590 2879 651 2942 per
671 2860 842 2944 angustias
874 2859 1030 2920 saltuum.
1074 2856 1216 2923 Quidam
1236 2855 1415 2918 audentius

186 2943 312 3022 apertis
334 2943 369 3002 in
391 2943 533 3005 collibus
554 2943 760 3020 visebantur,
784 2960 871 3024 quos,
888 2939 956 3004 dux
975 2940 1143 3002 Romanus
1165 2941 1235 3003 acie
1259 2959 1415 3028 suggres-

186 3043 243 3086 sus
272 3023 361 3086 haud
389 3045 489 3110 aegra
511 3027 649 3109 pepulit,
672 3027 835 3112 sanguiue
858 3025 1078 3086 barbarorum
1105 3021 1236 3086 modico
1266 3024 1310 3086 ob
1337 3043 1415 3106 pro·

189 3107 313 3190 pinqua
334 3111 486 3196 suffugia.
531 3107 613 3170 Mox
634 3111 752 3171 castris
772 3109 809 3170 in
829 3107 906 3170 loco
927 3107 1145 3170 communitis
1174 3105 1287 3168 valida
1315 3127 1415 3168 manu

124 3250 127 3260 ,
187 3200 333 3254 montem
361 3203 503 3276 occupat
530 3199 710 3278 angustum
738 3198 773 3256 et
800 3191 929 3274 aequali
956 3189 1057 3254 dorso
1085 3193 1283 3254 continuum
1311 3209 1416 3272 usque

189 3271 232 3334 ad
252 3276 444 3354 proximum
466 3276 653 3353 castellum,
675 3271 763 3356 quod
784 3293 905 3362 magna
925 3274 978 3336 vis
997 3282 1127 3336 umato
1155 3280 1215 3335 aut
1241 3273 1416 3336 incondita

188 3356 362 3422 tuebaturs
391 3359 491 3420 simul
512 3359 549 3419 in
570 3359 807 3430 ferocissimos,
837 3359 897 3438 qui
924 3363 1002 3420 ante
1030 3357 1156 3420 vallum
1184 3375 1279 3418 mors
1309 3357 1416 3444 gentis

188 3457 264 3498 cum
286 3441 489 3503 carminibus
512 3449 546 3504 et
566 3439 726 3523 tripudiis
747 3439 991 3522 persultabant,
1019 3441 1125 3504 mittit
1145 3437 1292 3502 delectos
1316 3441 1415 3525 sagit·

188 3521 366 3584 tariornm.
411 3523 442 3585 Ii
463 3521 544 3586 dum
565 3527 697 3586 eminus
719 3523 970 3609 grassabantur,
1001 3523 1122 3586 crebra
1143 3531 1178 3585 et
1204 3523 1316 3584 inulta
1343 3521 1415 3584 sul-

189 3623 271 3665 nera
292 3607 420 3681 iecere3
474 3609 588 3690 ropius
615 3605 806 3670 incedentes
834 3608 1012 3690 eruptione
1041 3607 1152 3668 subita
1181 3605 1312 3668 turbati
1341 3613 1414 3668 sunt

190 3691 387 3770 receptique
408 3626 555 3752 sudsidio
572 3687 780 3775 Sugambrae
805 3689 976 3769 cohortis,
998 3709 1096 3772 quam
1110 3687 1281 3752 Romanus
1304 3709 1413 3772 prom-

189 3778 280 3852 ptam
311 3769 354 3832 ad
386 3773 535 3854 pericula
575 3791 637 3834 nec
672 3775 783 3834 minus
814 3781 972 3836 cantuum
998 3780 1033 3834 et
1063 3791 1236 3835 armorum
1270 3773 1415 3835 tumultu

189 3861 318 3916 trucem
340 3851 427 3916 haud
449 3855 567 3936 procul
588 3857 804 3918 instruxerat.
1437 3867 1438 3876 ’

143 4015 146 4022 .
261 3977 286 4028 l.
315 3971 402 4026 donec
425 3973 569 4027 ennecus
592 3973 624 4026 in
649 3989 735 4026 unum
760 3973 858 4026 locum
883 3973 1060 4040 condnoerel,
1089 3974 1179 4026 immo
1198 3972 1413 4030 conducentem

190 4041 266 4096 Pici.
287 4051 316 4096 et
334 4044 438 4098 Kiesst.
461 4073 492 4082 -
527 4051 591 4112 post
613 4059 677 4097 nom
704 4043 876 4113 Pomponius
894 4077 927 4088 -
955 4059 1056 4099 uenere
1083 4045 1225 4097 dederunt
1247 4043 1305 4096 lac.
1326 4043 1412 4096 Gron.

189 4115 268 4168 Brot.
288 4113 378 4170 Bekis.
405 4117 437 4170 in
460 4115 504 4170 ed.
524 4115 587 4189 ss.-
620 4115 698 4169 essi.
719 4113 835 4171 Walth.
875 4131 959 4186 quom
979 4149 1011 4160 -
1031 4091 1211 4170 echireus.
1250 4115 1414 4179 „Vitiume

190 4187 361 4254 compendio
384 4188 548 4258 scripturae
569 4202 673 4258 pquam
699 4187 775 4241 oriri
829 4189 915 4240 oluit.
953 4187 1019 4242 dum
1039 4219 1072 4230 -
1091 4187 1199 4240 ueniret
1220 4183 1285 4239 edd.
1306 4185 1372 4239 Ber.
1390 4195 1415 4236 et

190 4263 245 4310 oet.
258 4257 428 4313 anteGron.
442 4265 475 4312 ut
493 4265 523 4311 et
541 4257 585 4316 od.
602 4257 694 4312 Bskk.
713 4263 739 4314 1.
759 4265 789 4312 et
834 4257 941 4316 audeti.
967 4257 1024 4314 Sed
1041 4260 1174 4314 donec-
1200 4257 1371 4310 condumet
1389 4263 1415 4308 et

192 4325 258 4378 dnn
276 4357 309 4368 -
327 4327 436 4382 ueniret
454 4343 514 4382 non
533 4337 656 4399 possunt
675 4330 716 4386 ite
734 4347 764 4384 se
783 4329 929 4400 excipere,
959 4339 991 4386 et
1013 4331 1069 4386 duo
1094 4331 1223 4384 subiecta
1247 4327 1416 4397 Pmsponim
1437 4369 1438 4372 ,
