2774 4784
198 181 251 238 1211
461 183 673 250 INTERIOR
695 187 753 252 ET
773 187 936 254 ΕΧΙΜΙΛ
957 183 1150 258 INDOLES

199 347 349 424 obtendi
372 347 419 424 ab
443 352 491 424 iis
516 353 582 448 qui
596 353 777 448 'priuatim
801 351 1025 456 degeneres,
1063 359 1103 432 in
1124 357 1315 456 publicum
1338 383 1379 434 es

199 455 288 524 tiosi
316 453 411 524 nibil
440 457 522 550 spei
545 455 622 526 ruisi
647 475 720 551 per
753 452 966 530 ducordios
998 457 1174 548 babeant,
1223 463 1271 536 H.
1304 465 1376 554 1,1

198 553 388 638 Libertas,
415 555 577 626 anuntio
602 560 642 627 ct
659 553 755 655 fides
777 560 987 655 praecipua
1010 559 1291 636 bonsonianimi
1309 561 1379 634 bon.

198 657 234 748 4,
263 659 318 732 17.
346 653 573 730 Libertatem
596 663 738 730 neaera
759 662 869 730 ctiam
892 660 1002 732 muns
1022 660 1242 734 moues
1268 659 1379 734 datan

197 758 370 828 uirtutem
396 758 594 852 proprium
625 757 811 832 bunionem
842 759 990 848 borntrn,
1026 763 1061 856 4,
1087 763 1147 840 64.
1185 759 1358 838 Libertas

198 853 338 928 domini
366 855 471 928 leand
500 857 617 953 focile
650 862 867 950 miscentur,
908 863 954 936 0.
980 865 1038 940 40.
1090 861 1274 952 Iicentic,
1312 885 1379 962 ouo

197 957 306 1030 stulti
328 956 603 1030 libertatem
627 967 787 1050 uocant,·
812 966 911 1036 Ann.
943 964 998 1055 12,
1020 963 1078 1038 67.
1107 962 1379 1040 Summcscelu

180 1061 311 1155 incipi
334 1077 418 1132 cum
438 1058 626 1156 periculo,
649 1064 792 1159 peragi
815 1083 899 1134 cuin
916 1065 1105 1158 ,praesnio,
1134 1067 1192 1156 14,
1222 1069 1275 1141 10.
1332 1062 1379 1138 Sc

197 1161 318 1232 lerum
340 1157 561 1259 magnitudo
586 1161 811 1260 intelligitur
836 1159 981 1236 &mem
995 1162 1073 1234 illis
1090 1165 1287 1258 perfectos,
1318 1169 1365 1242 H.

198 1264 258 1340 32.
288 1261 447 1338 Scelere
468 1263 621 1358 impetu,
648 1261 747 1336 bona
771 1264 931 1336 consilia
949 1283 1058 1336 mora
1074 1263 1279 1354 valescere,
1309 1267 1379 1357 3,3

197 1361 357 1442 scelera
380 1364 502 1434 incola
527 1365 637 1434 etiam
661 1363 793 1460 abibon
807 1369 984 1460 prosum,
1010 1366 1046 1456 4,
1061 1366 1119 1442 42.
1147 1365 1298 1440 Ineunt
1313 1367 1379 1436 etio

197 1463 366 1534 aemulos
390 1463 528 1560 infelice
551 1466 740 1561 nequitia.-
774 1461 864 1562 quid
893 1467 930 1538 si
958 1463 1099 1560 floreat
1121 1463 1353 1566 vigeatque?

142 1635 144 1642 .
196 1567 256 1644 56.
284 1568 342 1642 70.
369 1567 456 1662 Agr.
483 1567 543 1644 31.
580 1565 724 1644 Venice
748 1563 992 1662 spe-sutton
1008 1561 1226 1640 accenditur
1248 1569 1379 1664 pertin.

197 1668 273 1752 cia,
307 1667 445 1736 crescit
476 1665 663 1740 oiumclum
695 1665 852 1741 sceleris
891 1671 1113 1762 sunmtoow
1145 1670 1309 1741 anisnum
1350 1674 1379 1738 to

197 1765 328 1866 acibus
361 1766 468 1839 satu
499 1788 608 1864 quum
639 1765 770 1864 quibus
803 1766 933 1866 gloria
964 1767 1161 1840 carissima
1198 1775 1268 1858 est,
1310 1772 1360 1846 H.

197 1871 255 1946 74.
290 1868 394 1946 Vilia
420 1875 531 1940 eruin
549 1861 675 1942 'donec
700 1867 891 1958 tomtues3
922 1865 993 1940 sed
1021 1889 1141 1964 neque
1173 1867 1267 1942 boec
1302 1891 1379 1942 con.

195 1988 288 2056 nuo,
326 1973 366 2040 et
399 1969 594 2042 meliorum
627 1971 834 2044 nomento
863 1973 1098 2066 pensando,-
1136 1975 1233 2046 Ann.
1265 1973 1326 2064 14,
1364 1973 1379 2046 4

195 2069 325 2146 Habet
348 2067 492 2167 aliqots'd
515 2093 567 2144 eo>
591 2073 717 2168 nuqua
745 2091 851 2142 cuneo
887 2089 1066 2168 magnum
1091 2072 1260 2168 (poenae)
1299 2091 1379 2142 ene:

192 2170 312 2268 plum,
339 2168 442 2267 quod
466 2178 601 2246 contra
625 2170 801 2270 siegeclos
820 2169 980 2244 utilitate
1001 2168 1155 2267 publica
1174 2169 1377 2267 rependite

200 2276 256 2364 14,
281 2275 341 2351 56.
382 2273 555 2370 Sapienti
584 2269 686 2350 baud
718 2269 896 2344 decorm
920 2273 1018 2359 uiro,
1044 2269 1144 2344 unde
1169 2275 1290 2344 antico
1319 2271 1379 2366 iul

194 2376 305 2445 mium
327 2375 453 2469 porat,
478 2371 565 2448 bede
590 2373 757 2474 gloriam
780 2371 852 2445 sibi
881 2375 1073 2469 recipere,
1104 2375 1160 2466 14,
1183 2374 1244 2448 62.
1284 2369 1379 2444 Mai

194 2495 280 2545 rum
301 2475 518 2568 furiosorum
541 2476 702 2548 miuntri
725 2476 836 2572 quasi
859 2472 1132 2570 eeprobrantes
1163 2473 1378 2570 aspiciuutu

199 2577 255 2667 15,
280 2579 340 2652 50.
368 2576 604 2674 Impunitatis
629 2573 764 2671 cupido
789 2579 939 2674 mogins
964 2595 1109 2672 senper
1129 2573 1328 2648 conatibus
1356 2597 1377 2645 n

194 2695 334 2760 uersa,
376 2680 472 2752 Hist.
502 2681 535 2770 1,
573 2681 603 2753 1.
657 2674 888 2752 Obtrectatio
915 2681 954 2746 et
986 2674 1083 2747 liuor
1104 2677 1238 2771 pronis
1263 2675 1377 2747 curib

194 2777 456 2873 accipientur,-
481 2779 617 2876 quiippe
637 2774 848 2850 adulationi
868 2773 1024 2871 foedum
1050 2777 1188 2848 crimen
1212 2781 1376 2872 servitiu

194 2877 287 2950 niati
345 2878 423 2950 'tati
442 2878 550 2975 salsa
574 2881 718 2974 species
744 2874 925 2956 libertatis
950 2879 1071 2963 inest,
1105 2879 1153 2952 H.
1185 2880 1217 2970 1,
1247 2881 1306 2956 15.
1363 2877 1376 2954 l

196 2999 268 3052 cun
372 3001 437 3052 rcs
470 2977 682 3052 acrioribus
712 2979 871 3051 sununs
909 2981 1054 3050 ammos
1079 2976 1288 3073 explorant
1312 3001 1375 3074 qen

195 3077 361 3156 aduersa
385 3083 557 3178 sortunc,
582 3081 670 3179 quio
684 3082 857 3152 moerico
879 3079 1106 3168 tolerantur,
1132 3076 1320 3176 felicitate
1339 3077 1375 3150 ct

193 3183 411 3278 rampionur.
445 3180 591 3270 uuus,
618 3180 837 3268 libertatem,
853 3182 1066 3266 amicitiam,
1082 3181 1294 3276 praecipua
1311 3202 1374 3273 aru

194 3281 346 3357 bomani
365 3282 478 3370 bona,
505 3288 546 3354 tu
561 3279 707 3380 psum
722 3285 840 3372 (Piso)
854 3277 984 3352 eadem
999 3283 1211 3352 coustantio
1224 3281 1373 3356 retinet

195 3379 266 3454 sed
294 3381 365 3457 olii
391 3405 464 3480 per
497 3383 711 3480 obsequium
742 3384 965 3454 imminuent.
1015 3381 1211 3477 Irrunspet
1231 3359 1373 3470 adulat

56 3525 59 3539 «
195 3481 413 3574 blanditiae,
448 3489 650 3582 pessimum
681 3483 764 3558 veri
793 3485 955 3582 affectus
979 3502 1161 3558 cenenum
1187 3492 1260 3554 sica
1288 3503 1345 3554 cu

196 3585 348 3660 utilitas.
399 3586 492 3684 Ego
509 3587 655 3678 (Galba)
671 3605 718 3654 ac
744 3587 786 3656 tu
809 3581 1077 3680 simplicissime
1101 3587 1200 3655 inter
1223 3584 1345 3660 noste

129 3745 132 3752 .
197 3687 408 3783 Hominum
433 3689 550 3758 ceteri
570 3684 741 3758 libentius
766 3705 850 3756 cuno
874 3686 1033 3779 forticua
1056 3689 1191 3780 nostro
1215 3704 1340 3779 quam

196 3787 360 3874 biscum,·
399 3792 431 3882 1,
463 3789 523 3864 22.
581 3782 826 3860 Ptolemaeus
872 3785 1153 3877 noctisematicus
1198 3783 1360 3860 Otboni

195 3885 388 3985 Hispania
425 3907 549 3959 conus
581 3931 633 3944 --
664 3891 916 3982 persuaserat
948 3887 1036 3981 fore
1072 3891 1119 3958 ut
1152 3887 1193 3956 iu
1222 3887 1327 3982 impe

195 3993 457 4062 consceretur.
510 3983 590 4066 Sed
607 3985 705 4063 Otbo
725 3989 901 4082 nuquam
922 3987 1061 4082 peritia
1086 3991 1126 4058 et
1146 3987 1290 4066 morutu

193 4113 280 4264 u
304 4083 1003 4262 conuentione
1032 4087 1354 4260 tuot

57 4331 60 4344 ν
92 4331 98 4338 -
193 4292 351 4364 sceleris
374 4293 586 4382 instinctor,
625 4283 678 4362 ad
708 4285 810 4382 quod
833 4286 1012 4384 facillime
1045 4286 1092 4360 ab
1119 4285 1310 4362 eiusmodi
