2872 4792
190 251 198 264 ι
266 111 411 220 ciem
430 151 592 220 mtxm
625 153 816 234 (nomo.
839 100 1005 232 sonos
1186 155 1247 226 sos

56 323 129 388 to.
146 322 187 384 ts,
202 323 228 380 6.
246 347 281 360 -
315 320 356 387 ed
370 317 489 388 inopium
505 319 691 376 deliberaturi
721 319 780 389 ,Sic
797 319 937 392 rescripsi
953 335 1014 421 pro
1032 320 1113 400 vulg.
1140 321 1246 376 citabe-

55 393 299 476 1661116163.
319 397 392 447 extr.
422 399 453 448 et
478 392 604 446 deridere
629 411 674 465 ap.
700 361 778 448 ieet.
804 391 972 470 0161166.ε
999 391 1064 448 Em.
1101 391 1247 450 Similiter

54 465 142 532 mim
159 469 182 532 Ι,
201 467 242 522 ³¹·
261 467 290 531 π,
309 465 352 522 ¹⁰·
371 467 399 530 3,
417 465 462 521 ⁵⁶·
481 467 510 531 ⁴2
529 466 572 524 18·
592 467 637 532 n,
657 469 698 522 Π.
719 467 764 530 1²,
782 466 827 520 ω.
1156 491 1158 498 ’

436 605 629 672 osror
674 615 830 674 xxxix.

117 725 231 790 Eodem
253 747 339 790 anno
360 726 519 810 mancipii
540 728 639 790 unius
661 723 810 803 audacia,
840 729 874 788 ni
895 735 1026 790 mature
1047 727 1247 792 subventum

56 813 133 888 toret,
165 809 337 875 discordiis
365 811 534 890 armisque
562 809 715 890 civilibus
749 829 820 870 rem
850 809 1016 892 publicam
1043 812 1247 893 perculisset.

55 892 181 956 Postumi
209 895 378 979 Agrippae
405 911 523 954 servus
551 895 685 954 nomine
718 889 859 956 Clemens
888 900 1060 976 comperto
1087 893 1153 955 fine
1179 899 1247 956 Au·

72 977 124 1036 usti
151 995 289 1062 pergere
316 977 352 1036 in
381 976 522 1037 insulam
544 973 727 1036 Planasiam
758 984 798 1036 ct'
820 973 937 1038 fraude
965 984 1023 1037 aut
1049 979 1084 1038 vi
1113 983 1247 1060 raptum

55 997 212 1144 igrippam
242 1062 334 1122 ferre
370 1055 411 1120 ad
439 1059 604 1121 exercitus
637 1057 852 1121 Germanicos
884 1077 950 1120 non
986 1061 1102 1122 servili
1135 1061 1248 1122 animo

55 1143 190 1223 concepit.
230 1141 321 1204 busa
343 1143 415 1203 eins
436 1139 612 1222 impedivit
639 1141 780 1202 tarditas
809 1143 985 1204 onerariae
1013 1144 1118 1218 navis,
1150 1153 1249 1224 atque

54 1225 164 1288 interius
185 1235 317 1306 patrata
337 1221 437 1286 caede
461 1221 504 1284 ad
531 1225 659 1286 maiora
688 1234 722 1285 et
749 1245 781 1284 m
805 1225 854 1286 ris
883 1227 1080 1306 praecipitia
1108 1244 1249 1288 conver·

55 1327 95 1370 sus
121 1311 248 1368 iuratur
279 1309 407 1368 cineres
439 1314 618 1388 vectusque
642 1303 759 1370 Cosam
814 1309 945 1368 truriae
977 1309 1250 1390 promontorium

54 1391 153 1476 ignotis
174 1391 256 1452 locis
277 1409 348 1452 sese
368 1387 471 1467 abdit,
498 1387 602 1450 donec
632 1391 759 1452 crinem
790 1389 990 1472 barbamque
1017 1393 1248 1472 promitteret:

54 1493 113 1534 uem
130 1481 233 1535 aetate
254 1480 289 1534 et
309 1475 416 1534 forma
436 1469 525 1533 band
547 1471 702 1534 dissimili
719 1474 755 1532 in
775 1469 945 1534 dominum
962 1483 1044 1535 erat.
1079 1472 1167 1534 Tum
1188 1492 1251 1557 per

54 1553 167 1618 idoneos
187 1565 221 1618 et
240 1559 363 1620 secreti
385 1557 456 1618 eius
483 1557 591 1620 socios
620 1555 802 1618 crebrescit
831 1557 948 1618 vivere
967 1557 1163 1643 Agrippam,
1196 1575 1251 1618 oc-

54 1639 132 1701 cultis
151 1641 294 1720 primum
317 1638 537 1715 sermonibus,
559 1645 598 1698 ut
618 1641 722 1700 vetita
744 1639 862 1716 solent,
895 1648 971 1700 m'ox
998 1659 1084 1725 vago
1112 1659 1251 1702 rumore

54 1721 122 1800 apud
141 1721 382 1806 imperitissimi
409 1721 568 1802 cuiusque
596 1729 765 1804 promptas
792 1741 890 1784 aures
912 1729 972 1786 aut
999 1742 1136 1784 rursum
1163 1720 1251 1804 apud

54 1803 181 1868 turbidos
210 1824 315 1886 eoque
349 1823 435 1866 nova
461 1805 650 1885 ‘cupientes
694 1803 802 1886 Atque
838 1807 910 1886 ipse
944 1802 1039 1866 adire
1069 1806 1252 1887 municipia

53 1885 172 1954 obscuro
192 1887 262 1950 diei
290 1903 395 1970 neque
425 1887 597 1968 propalam
618 1887 732 1968 aspici,
755 1906 859 1970 neque
875 1885 1001 1951 diutius
1018 1885 1137 1950 iisdem
1155 1888 1251 1952 loeis.

52 1966 103 2030 Sed
131 1973 201 2053 quia
233 1971 360 2034 veritas
389 1970 465 2034 visu
493 1977 527 2030 et
554 1987 659 2046 more,
696 1970 776 2031 false
803 1970 1016 2032 festinatione
1052 1979 1086 2042 et
1113 1971 1252 2034 incertis

51 2053 207 2132 valescunt,
228 2052 439 2135 relinquebat
458 2054 579 2112 famem
606 2059 665 2114 aut
684 2051 931 2132 praeveniebat.

107 2173 129 2226 1.
156 2169 315 2225 discordiis
333 2167 479 2240 nmisque
496 2167 640 2236 civilibus,
658 2171 696 2222 cf.
717 2168 780 2222 ind.
800 2169 854 2222 lli.
878 2185 908 2224 v.
925 2167 1128 2240 Hendiadyein
1152 2169 1253 2242 6189-

51 2254 210 2309 666166.-
247 2242 432 2311 perculisset,
451 2257 482 2294 r.
501 2239 538 2293 ad
554 2243 582 2306 l,
600 2244 645 2296 ³1.
667 2271 699 2283 -
736 2239 864 2295 Postumi
881 2239 1030 2311 Agrippae
1047 2241 1103 2305 (cf.
1123 2241 1158 2295 ad
1176 2247 1203 2310 1,
1223 2246 1251 2306 3,

51 2311 185 2370 toseriis
211 2314 325 2368 arruisse
348 2313 475 2368 comens
499 2318 553 2366 cet.
583 2312 628 2366 cl.
655 2308 711 2366 Dic
735 2314 780 2378 61,
808 2315 852 2370 16.
879 2321 909 2368 et
934 2311 1012 2367 Suet.
1033 2309 1099 2366 tib.
1118 2315 1163 2369 26.
1199 2311 1253 2379 „si

49 2381 120 2438 ilioni
140 2385 209 2442 fides
233 2383 384 2448 habeatur,
413 2383 548 2438 Clemens
574 2381 606 2436 in
632 2383 759 2436 Galliam
777 2383 870 2448 venit,
898 2381 940 2436 ibi
959 2384 1078 2450 multos,
1105 2383 1252 2454 plurimos

51 2453 75 2506 iu
89 2455 167 2512 ltalia
183 2455 239 2510 sibi
259 2455 393 2510 adiunxit
415 2470 448 2508 ac
465 2453 582 2508 tandem
599 2451 720 2508 Romam
737 2453 900 2520 contendit,
930 2455 1044 2508 avitum
1061 2471 1094 2508 re
1117 2472 1188 2508 num
1205 2471 1253 2508 re·

50 2528 184 2594 petiturus.
226 2529 329 2600 longe
365 2523 575 2580 verisimiliora
607 2533 707 2578 narrat
732 2521 879 2578 Tacitus.“
908 2525 993 2580 Brct.
1015 2557 1048 2570 -
1116 2523 1254 2594 grippum

51 2597 120 2664 ferre,
149 2597 263 2664 ducere,
297 2598 336 2650 od
361 2596 502 2651 exercitus
527 2593 657 2648 German.
692 2613 758 2649 nem
787 2612 871 2650 soror
904 2599 966 2651 sius
996 2595 1056 2648 luit
1087 2595 1253 2721 Agrippina

51 2670 138 2720 coniux
155 2668 335 2733 Germanici,
365 2669 416 2739 qui
434 2665 482 2720 bis
500 2667 677 2720 exercitibus
694 2669 872 2738 praefuerat.
895 2685 943 2734 „m
961 2669 990 2734 i,
1009 2669 1055 2724 67.
1074 2667 1157 2722 Suet.
1243 2703 1252 2720 .

50 2739 83 2796 tt.
100 2748 126 2794 et
141 2741 202 2796 Tib.
222 2739 296 2800 6³.“
313 2741 399 2794 Gran.
421 2769 452 2784 -·
490 2753 545 2792 ron
563 2737 667 2792 servili
685 2739 789 2805 animo,
808 2745 843 2791 nt
860 2741 887 2804 1,
907 2742 950 2796 16.
971 2741 1016 2804 16,
1036 2742 1081 2796 tt.
1101 2739 1138 2792 ll.
1157 2741 1185 2804 2,
1244 2775 1251 2791 .

50 2813 70 2876 6,
89 2813 113 2866 9.
138 2812 240 2868 lustin.
270 2813 315 2878 18,
340 2815 368 2868 ³·
395 2843 427 2854 —
470 2810 604 2879 concepit,
639 2812 752 2877 statuit,
780 2810 937 2864 consilium
955 2810 1044 2880 cepit.
1064 2841 1098 2856 -·
1132 2816 1253 2880 patrata

50 2883 117 2935 caede
132 2885 290 2962 Agrippae.
308 2899 338 2936 v.
358 2887 385 2949 1,
405 2885 431 2937 6.
447 2889 555 2951 parato
574 2881 619 2936 ed.
639 2882 704 2936 Ber.
717 2913 747 2924 -
775 2883 892 2948 furatur
910 2880 1021 2934 cineres
1040 2880 1114 2936 eius.
1140 2881 1254 2947 „Quare

49 2949 108 3006 boc?
132 2973 178 3022 an,
203 2973 241 3009 ne
261 2961 407 3008 constaret
426 2969 459 3007 eo
476 2971 510 3008 ar
551 2959 649 3008 mento
669 2959 818 3006 mortuum
837 2951 1008 3027 Agrippam,
1036 2968 1123 3021 quem
1150 2952 1253 3005 virum

50 3023 133 3079 illest
155 3045 186 3081 se
210 3041 274 3080 esse
293 3023 373 3078 credi
390 3023 519 3079 volebat.
550 3041 596 3088 an,
616 3023 738 3078 caritate
758 3023 791 3075 in
809 3023 960 3075 dominum
978 3021 1052 3074 fecit
1070 3029 1100 3074 et
1118 3021 1189 3074 alibi
1209 3039 1253 3075 se·

47 3095 210 3164 pultnrns?“
234 3093 313 3164 lips.
351 3095 434 3150 iliud
459 3095 546 3148 dubie
575 3101 611 3146 ut
635 3093 756 3147 tolleret
775 3094 980 3146 documentum
999 3089 1094 3145 caedis
1120 3099 1253 3163 patr-atae

48 3169 201 3292 attii
224 3165 701 3294 ittt⁰ttt³⁰ttttttti
717 3162 1252 3291 3⁸2i‘²t⁶⁹.m²ssi:tt”ttst'it

47 3325 93 3366 tre.
110 3327 143 3365 ex
160 3255 274 3366 emine.
300 3309 380 3379 bips.
408 3273 513 3363 (lorum
531 3307 594 3362 edd.
612 3314 674 3362 ret.
712 3271 862 3360 sittim
881 3313 1010 3378 estopp.
1029 3305 1164 3358 Letiiin
1182 3305 1253 3358 Vol·

48 3381 100 3432 scis.
133 3383 228 3448 „Cosa
245 3379 402 3435 velcassu
421 3387 450 3434 et
468 3379 573 3433 cosroe
592 3393 659 3450 opp.
679 3376 817 3432 Etruriae
835 3377 867 3430 in
885 3375 1003 3430 sublimi
1022 3375 1099 3430 colle
1117 3376 1153 3430 ad
1171 3391 1253 3430 mare
1338 3377 1344 3392 '

47 3465 100 3504 curn
116 3453 242 3508 subiecto
262 3452 339 3505 sinu.
357 3465 387 3504 r.
406 3449 500 3506 Strab.
520 3451 554 3503 V.
573 3452 678 3533 pttt·
699 3449 794 3520 intpp.
813 3449 867 3502 Vir
890 3449 988 3502 .Acn.
1008 3450 1054 3514 tt,
1074 3448 1137 3503 167.
1155 3447 1251 3501 Rutit.

46 3519 99 3575 tui.
117 3529 141 3591 1,
158 3527 223 3582 286.
243 3523 318 3576 Plin.
337 3525 365 3587 3,
384 3525 413 3578 6.
433 3539 457 3576 s.
475 3520 523 3578 8.“
541 3519 622 3589 Lips-
650 3521 725 3575 Geso
751 3537 831 3574 nune
883 3526 948 3574 orte
965 3518 1132 3586 Argeataro
1157 3534 1251 3590 prope

45 3593 132 3648 urbem
155 3594 300 3652 Orbitello
324 3593 356 3646 in
381 3591 466 3648 esna
492 3589 648 3660 Praesidi13
664 3593 750 3646 Brot.
770 3623 803 3636 -
840 3592 927 3646 donec
951 3591 1060 3644 maere
1081 3591 1250 3660 tardemus

44 3667 222 3735 promitteret,
257 3681 387 3720 crescere
411 3671 441 3718 et
463 3663 624 3734 dependere
648 3663 768 3730 sineret,
787 3671 829 3732 ,ut
848 3663 890 3717 ita
907 3679 1022 3734 quoque
1050 3662 1157 3716 similis
1175 3667 1251 3715 esset

45 3735 155 3794 domino.
176 3769 210 3784 -
248 3751 316 3790 nara
333 3741 429 3792 aetate
447 3741 476 3790 et
493 3737 588 3802 {omia
604 3731 681 3788 baud
698 3733 839 3790 dissimili
856 3733 888 3788 ia
906 3735 1048 3790 dorainum
1066 3737 1140 3799 erat,
1166 3749 1196 3785 v.
1214 3729 1251 3784 sd
1293 3757 1296 3769 =

45 3809 66 3870 l,
82 3811 122 3875 16,
138 3815 165 3868 3.
714 3840 715 3844 1
1091 3843 1094 3848 ,

101 3881 126 3938 i.
153 3879 309 3937 crebrescit
331 3879 425 3934 visere
448 3877 619 3949 Agrippam,
643 3896 684 3932 sc.
703 3882 790 3943 tama,
808 3889 939 3944 rumore
957 3875 1029 3932 hino
1046 3875 1145 3947 simpl.
1165 3876 1251 3928 inno·

45 3951 102 4018 tuit,
118 3955 170 4008 vul
193 3963 277 4008 atum
299 3959 352 4006 est.
388 3951 540 4006 crebrescit
567 3951 629 4006 edd.
657 3949 724 4004 Ber.
749 3948 844 4002 llben.
870 3949 951 4020 hips.
976 3957 1007 4003 et
1029 3965 1088 4003 rec.
1113 3945 1249 3999 crebescit
1319 3949 1321 3958 ‘

46 4019 99 4075 ,tlt
117 4043 144 4078 v.
164 4043 181 4079 s
218 4027 247 4090 6,
266 4025 312 4083 16.
340 4022 390 4078 sic
409 4031 439 4078 et
453 4022 632 4092 percrebruit
652 4021 716 4076 edd.
734 4029 803 4074 ante
819 4021 899 4092 lips.
920 4019 960 4072 II.
978 4020 1035 4074 inf.
1053 4023 1082 4084 1,
1100 4019 1146 4074 81.
1164 4015 1247 4070 al.-

44 4097 107 4159 spsd
129 4094 346 4166 imperitissimi
371 4094 505 4165 cuiusque
527 4109 622 4160 mares,
646 4109 674 4150 v.
694 4092 730 4146 ad
757 4091 793 4143 ii.
818 4095 845 4156 1,
864 4093 911 4156 tt,
930 4094 957 4146 4.
993 4105 1079 4144 nores
1099 4094 1252 4158 proruptas

45 4163 72 4216 sd
87 4183 159 4222 nova
176 4175 208 4221 et
225 4167 262 4220 ad
278 4166 350 4222 brec
372 4165 512 4220 audienda
535 4171 621 4236 atque
647 4162 798 4218 amends.
821 4162 866 4216 Cf.
886 4161 950 4214 ind.
970 4191 1003 4206 -
1040 4162 1156 4216 oisemo
1174 4157 1245 4226 diei,

44 4236 75 4288 el.
91 4237 152 4294 lud.
171 4239 229 4293 111.
248 4255 276 4292 v.
294 4235 444 4294 Adiectiru
460 4237 579 4306 Neutro.
616 4235 651 4290 in
675 4235 720 4290 sd.
731 4233 806 4290 ald.
825 4250 852 4287 o.
870 4233 927 4288 die.
938 4265 970 4278 -
994 4249 1082 4306 esque
1097 4231 1248 4306 pmpdmr

72 4335 133 4404 opp.
157 4339 225 4392 rae.
248 4337 277 4390 r.
290 4337 313 4390 1.
983 4309 1024 4373 ¹³
