2762 4788
229 178 480 245 consumta
499 181 558 245 ur
579 181 722 249 mmo.
765 183 792 266 t.
815 181 974 248 xxxrv.
1121 185 1220 244 oxuv

14 377 47 424 ao
57 362 240 450 praeterea
253 350 426 424 codicum
438 351 549 427 MSS.
564 347 843 449 editionumque
857 352 1005 426 ordines
1018 366 1055 426 et
1072 354 1217 453 classes,
1305 437 1310 448 ,

14 450 234 548 mguatioues
258 463 297 524 et
321 464 525 538 stemmata,
562 448 695 548 stirpes
719 465 757 526 et
774 451 951 547 familias,
987 453 1154 530 indolem
1180 471 1219 532 et

14 552 163 648 pretinm
188 551 316 648 paucis
340 549 555 648 significavi.

96 655 324 749 Plerumque
349 666 497 726 secutus
523 677 607 724 sum
632 651 887 728 recensionem
899 653 1097 750 Waltheri,
1122 655 1217 754 opti-

12 753 58 827 mi
80 753 250 842 editoris,
276 749 342 848 qui
366 766 402 826 et
423 749 700 826 'muninime
725 751 885 826 enotavit
909 751 1026 828 varias
1039 755 1218 831 codicum

13 855 109 928 MSS.
135 864 379 950 veterumque
403 851 608 927 editionum
632 851 823 944 lectiones,
847 864 886 926 et
909 852 1130 952 scripturam
1156 883 1218 929 an-

14 956 141 1052 tiquam
154 950 303 1049 saepius
316 951 474 1026 restituit
495 952 599 1048 quasi
618 949 701 1024 iure
721 949 945 1048 postliminii
966 965 1074 1068 atque
1092 957 1222 1030 omnia·

16 1058 49 1126 ad
69 1055 161 1129 artis
201 1049 353 1126 criticae
391 1063 428 1124 et
460 1049 719 1148 grammaticae
744 1053 886 1148 regulas
920 1053 1050 1127 subtuli
1074 1053 1218 1129 indicio

14 1153 129 1250 eregit.
184 1155 458 1248 Nonnunquam
496 1163 619 1225 tamen
655 1155 702 1224 ab
734 1177 776 1224 ea
812 1150 969 1226 discessi
1000 1167 1037 1227 et
1061 1155 1219 1231 rationes

14 1253 166 1326 adimrxi.
1001 1297 1004 1308 ·

98 1360 188 1451 lpse
225 1351 377 1450 quidem
409 1351 548 1448 primas
580 1349 760 1426 editiones
792 1350 835 1424 in
858 1352 1063 1429 maioribus
1095 1351 1221 1428 Taciti

14 1453 104 1528 libris
131 1451 302 1526 cuntius
324 1477 537 1548 comparare
563 1457 770 1548 coeperam,
802 1451 891 1549 quia
915 1451 1106 1529 Ernestius
1137 1453 1219 1528 alii-
1248 1459 1251 1465 '

13 1581 71 1652 que
94 1579 174 1628 non
209 1549 296 1625 satis
321 1551 514 1648 diligenter
543 1564 581 1625 et
603 1564 740 1626 exacte
764 1551 977 1628 varietatem
1016 1553 1220 1651 scripturae

12 1663 280 1752 excerpserant3
318 1653 381 1725 sed
405 1648 529 1742 omisi,
567 1663 762 1749 postquam
797 1650 915 1727 otium
947 1651 1047 1729 milri
1078 1656 1218 1728 factum

13 1752 168 1828 intellexi
193 1777 216 1823 a
239 1752 443 1827 Walthero.
495 1751 621 1848 ltaque
653 1749 732 1826 eius
762 1753 1002 1828 collationem
1030 1752 1072 1827 in
1104 1779 1217 1828 urum

13 1881 127 1928 meum
165 1849 333 1926 converti
367 1863 403 1923 et
426 1850 605 1945 plurimas
635 1877 793 1951 quoque,
830 1879 906 1926 non
930 1879 1072 1946 omnes,
1108 1851 1253 1926 libra·-

14 1955 145 2028 riorum
179 1951 407 2046 corruptelas
439 1949 575 2046 notavi,
612 1949 700 2063 quia
730 1953 799 2024 hae
831 1954 995 2026 multum
1019 1954 1142 2026 valent
1172 1953 1220 2026 ad

13 2083 126 2128 veram
146 2055 381 2148 scripturam,
407 2051 517 2124 cuius
540 2049 694 2146 vestrgia
717 2049 758 2124 in
781 2049 829 2124 iis
844 2052 967 2144 latent,
994 2051 1072 2126 sive
1091 2077 1219 2126 eruan-

13 2157 85 2228 dam
111 2151 194 2226 sive
223 2150 525 2224 confirmandam.
577 2149 658 2224 Illis
684 2149 803 2224 adieci
829 2162 910 2224 tum
940 2153 1027 2225 alias
1051 2165 1220 2225 veterum

13 2255 185 2327 librorum
234 2251 424 2340 lectiones,
467 2261 548 2322 tum
589 2250 714 2346 plures
751 2249 995 2348 interpretum
1034 2249 1219 2325 coniectu·

13 2379 68 2442 ns,
92 2355 164 2425 has
191 2362 317 2422 tamen
341 2351 392 2421 ita
416 2360 457 2420 ut
479 2373 612 2443 parum
644 2347 852 2446 probabiles
886 2361 922 2422 et
946 2351 1053 2447 plane
1076 2348 1218 2448 ineptas

12 2451 147 2527 silentio
194 2445 523 2546 praetermitterem
569 2461 675 2546 atque
721 2451 933 2522 modestum
971 2452 1016 2522 de
1061 2448 1219 2523 aliorum

11 2549 197 2626 sententiis
235 2546 422 2622 iudicium
454 2548 600 2639 ferrem,
642 2573 786 2621 memor
810 2552 1008 2622 verborum
1032 2547 1155 2647 Lipsii
1179 2547 1219 2622 in
1287 2622 1291 2632 ,

11 2653 92 2726 Ere.
133 2653 182 2724 ad
211 2647 310 2722 Anu.
338 2645 373 2737 3,
400 2645 460 2722 43.
512 2699 535 2738 „
545 2647 672 2744 Pugna
706 2645 872 2720 virorum
891 2693 894 2700 «
911 2649 1107 2722 doctorum
1144 2675 1218 2721 non

11 2753 123 2824 solnm
165 2748 251 2822 sine
286 2748 393 2844 plaga
430 2743 490 2838 sit,
530 2749 594 2819 sed
632 2743 744 2819 etiam
783 2745 862 2820 sine
900 2747 1131 2844 sugillatione
1157 2760 1220 2822 aut

9 2877 141 2942 morsu,
187 2847 287 2922 sicut
320 2849 426 2919 decet
450 2843 601 2918 mitium
628 2848 779 2918 dearum
804 2845 1027 2938 alumnos;“
1064 2847 1219 2920 eteius

9 2953 88 3024 dem
114 2951 162 3022 ad
190 2946 290 3022 Hist
318 2945 353 3037 3,
379 2941 437 3020 43.
487 2942 648 3041 „Carpsi
679 2943 777 3023 olim,
802 2945 956 3020 liberius
981 2947 1218 3040 Rhenanum:

8 3075 74 3121 non
99 3075 187 3146 ego,
213 3047 277 3120 sed
302 3057 408 3118 aetas.
459 3047 567 3118 Nunc
592 3042 682 3116 abiit
707 3043 770 3116 ille
795 3047 926 3116 fervor.
976 3047 1029 3118 Re
1054 3069 1139 3116 vera
1157 3071 1219 3117 au-

10 3160 74 3220 tem
101 3146 284 3247 quantula
308 3145 400 3216 haec
425 3155 521 3235 sunt,
556 3143 762 3242 dequibus
801 3142 1012 3240 litigamusl
1061 3141 1218 3233 Literna

8 3249 179 3340 syllabae,
218 3243 381 3318 voculae.
431 3241 564 3315 Ridere
601 3243 699 3317 mihi
731 3245 852 3335 lubet,
901 3269 1017 3340 quum
1054 3241 1220 3317 virorum

7 3349 173 3440 gravium
200 3357 237 3417 et
260 3341 454 3440 grandium
481 3340 717 3435 velitationes,
743 3341 861 3415 immo
886 3369 1025 3440 pugnas
1049 3340 1158 3416 video
1179 3341 1220 3416 in

9 3447 59 3518 his
82 3441 222 3540 nugis,
248 3455 285 3516 et
308 3453 445 3533 metuo,
475 3451 516 3514 ut
539 3440 700 3514 excitent
723 3468 785 3514 me
810 3445 855 3516 ad
881 3443 1032 3514 alteram
1059 3443 1218 3516 satiram.

9 3547 109 3619 ,lunc
137 3569 232 3617 cum
256 3539 445 3638 Aristoph.
467 3541 555 3617 Rau.
581 3569 616 3615 v.
639 3543 723 3618 858.
752 3539 837 3614 satis
861 3539 958 3614 mihi
982 3540 1218 3615 inclamasse:

9 3643 259 3728 Aordope‘icdur
277 3630 348 3704 δὀὐ
361 3639 484 3724 πρέπει
495 3628 640 3726 'Levatque
659 3633 805 3723 ποιητὰς
821 3631 931 3726 ὥςπερ
951 3630 1220 3726 ἀρτοπωλίδας.“

96 3727 315 3804 Anactctio
345 3737 537 3828 perpetua
572 3749 647 3798 non
684 3735 827 3797 tantum
864 3727 910 3797 ad
951 3727 1148 3798 verborum
1185 3737 1220 3797 et

11 3831 212 3925 scripturae
237 3851 401 3915 examen,
426 3837 467 3897 ut
490 3824 708 3921 plerumque
732 3821 998 3916 Waltheriaua,
1025 3827 1089 3898 sed
1108 3825 1220 3898 etiam
1247 3845 1249 3850 ·

13 3931 48 4000 at
82 3951 217 4001 rerum
253 3921 590 4020 interpretationem
627 3935 776 4020 spectat.
840 3921 1014 3996 Contraxi
1061 3923 1220 4020 prolixas
1300 3987 1301 3990 ,

13 4027 139 4124 lipsii,
186 4021 375 4113 Gronovii,
410 4020 570 4095 Ernestii
607 4023 836 4118 aliorumque
872 4021 1219 4113 animadversiones,

12 4129 108 4200 etad
134 4123 284 4196 calcem
308 4120 390 4195 Vol.
414 4125 482 4194 lll.
509 4119 608 4218 typis
633 4119 784 4235 quidem
808 4119 1069 4195 exscribendos
1094 4121 1221 4196 curavi

11 4247 188 4298 meamus
220 4219 413 4318 Lipsianos
450 4223 495 4294 ad
529 4218 653 4296 Taciti
685 4221 856 4314 Annales,
896 4223 1000 4313 (nam
1038 4223 1112 4296 duo
1150 4217 1220 4310 illi,

975 4352 1075 4474 co
