2872 4792
249 186 395 254 CAPUT
414 189 539 262 xntx.
550 196 590 262 [ι
611 198 666 278 (A.
687 197 727 266 U.
748 199 822 270 770.
843 205 881 269 A.
904 202 941 272 Ο.
965 207 1029 289 17.)
1183 217 1246 292 Μ
1274 247 1275 257 ¹

491 359 684 420 OAPU'l'
736 367 775 423 la.

36 479 38 485 '
111 475 323 544 Adolescebat
348 483 479 550 interea
506 486 560 549 lex
587 491 781 568 maiestatis,
813 505 849 559 et
873 499 1050 583 Apuleiani
1078 507 1242 582 Variliant
1300 553 1309 588 s
1371 580 1375 588 ,

44 562 152 622 rororis
173 563 199 622 A
273 563 323 628 sti
338 576 484 650 neptem,
513 572 589 652 quia
610 576 784 655 probrosis
806 587 1015 651 temonibus
1037 589 1153 660 dirum
1174 601 1242 663 Au-

43 651 156 728 gustum
176 663 216 708 ae
268 649 413 711 iberiam
434 661 469 713 et
494 662 635 716 matrem
662 661 734 720 eius
761 662 922 729 illusisset
943 668 1142 760 Caesarique
1158 689 1241 745 eou-

44 745 110 786 uera
137 726 304 794 adulterio
333 741 523 814 teneretur,
562 741 746 804 maiestatis
778 743 909 810 delator
938 759 1136 824 arcessebat.
1188 767 1241 831 De

42 807 186 872 adulterio
207 815 288 876 satie
316 820 429 878 caveri
458 821 528 904 lege
549 821 635 884 lulia
662 827 791 904 viaum3
818 835 1022 899 maiestatis
1036 847 1163 910 crimen
1190 849 1240 912 di.

40 894 144 976 stingui
166 893 288 959 Caesar
307 901 491 980 postulavit
519 900 745 991 damnarique,
773 913 802 981 si
829 935 891 996 qua
918 917 960 982 de
981 921 1130 1010 Augusto
1150 931 1241 996 irre-

41 975 137 1060 ligiose
156 977 310 1046 dixisset:
344 981 379 1043 in
400 1004 436 1044 ee
464 987 551 1049 iacta
579 989 669 1052 nolle
695 991 736 1053 ad
763 999 989 1082 cognitionem
1016 1013 1140 1072 vocari.
1184 1016 1239 1078 lu-

41 1063 210 1146 terrogatus
234 1066 423 1144 araneola,
456 1069 535 1150 qaid
555 1070 595 1131 de
615 1075 659 1134 ite
687 1089 837 1152 emeret,
870 1101 951 1164 quae
976 1085 1141 1155 demetra
1169 1101 1239 1164 aas
1269 1135 1278 1159 .

39 1139 126 1202 laceto
146 1163 238 1208 aecae
252 1161 460 1230 argueretur,
482 1153 635 1216 reticuit:
658 1153 736 1218 dein
758 1165 910 1242 proximo
927 1179 1059 1235 senatus
1075 1173 1130 1238 die
1146 1180 1237 1245 illiue

39 1241 147 1306 quoquc
167 1229 301 1292 nomine
323 1234 444 1312 oravit,
478 1253 520 1296 ne
547 1217 603 1298 'cui
629 1240 733 1302 verba
754 1245 790 1304 in
812 1265 884 1310 eam
906 1271 1036 1335 quoquo
1058 1261 1157 1324 modo
1179 1264 1237 1328 ha-

38 1305 90 1367 bita
119 1311 255 1372 crimini
286 1299 409 1378 lor'eut.
457 1315 696 1398 Liberavitque
724 1323 902 1408 Apuleium
934 1335 1005 1421 lege
1033 1343 1238 1426 maiestatim

39 1387 177 1454 adulterii
199 1398 392 1482 graviorem
418 1419 558 1480 poenam
586 1403 795 1489 deprecatus,
826 1422 866 1474 ut
893 1421 1043 1502 exemplo
1071 1429 1237 1494 maiorum

37 1476 212 1558 propinquis
239 1479 308 1540 suis
328 1481 418 1543 ultra
439 1481 700 1566 ducentesimum
721 1492 865 1574 lapidem
887 1515 1132 1584 removeretur,
1161 1533 1237 1578 eua-

39 1556 80 1616 sit
117 1557 280 1622 Adultera
301 1561 433 1628 Manlio
453 1565 550 1629 Italia
578 1589 597 1630 a
633 1591 676 1633 ue
696 1571 810 1638 Africa
832 1581 1047 1650 interdictum
1070 1599 1130 1660 est

89 1643 111 1694 1⁸
146 1641 299 1710 Apuleium
326 1645 368 1711 (v,
394 1647 430 1701 ad
453 1653 480 1716 1,
500 1653 527 1714 7,
545 1649 586 1716 ².)
651 1655 780 1725 aritiam,
817 1670 928 1730 neptem
952 1672 1067 1726 eororie
1089 1675 1235 1746 Augaetie

36 1705 137 1768 „liuius
155 1715 290 1768 sororis?
309 1715 445 1772 Octaviae
463 1720 594 1790 maioris,
613 1741 650 1778 an
669 1728 814 1784 minoris?
841 1733 916 1790 Sene
934 1738 970 1792 de
987 1743 1111 1800 minoris
1130 1749 1234 1806 liberis

37 1788 74 1832 aut
87 1783 221 1861 coniugio
240 1783 320 1841 nihil
338 1787 409 1864 legi.
446 1788 479 1844 Si
497 1793 629 1858 maioris,
648 1807 763 1872 oportet
781 1803 909 1876 aliquam
928 1811 1131 1872 Marcellarum
1151 1811 1234 1886 (duic

35 1849 156 1919 luerunt)
169 1864 291 1926 nuptam
310 1859 479 1935 ingentem
496 1863 650 1932 apuleiam
673 1878 703 1922 et
721 1871 830 1928 liberos
857 1875 1000 1937 habuisse.
1038 1885 1132 1956 Facit,
1157 1895 1234 1964 quod

35 1919 133 1987 illabi,
150 1929 198 1981 30.
211 1935 249 1981 'et
265 1931 311 2014 ⁵⁶)
330 1933 375 1986 ²9.
413 1929 491 1986 Sext.
511 1933 678 2034 Apuleium,
698 1943 750 2012 qui
767 1948 870 2000 consul
887 1952 948 2003 fuit
965 1954 996 2006 in
1008 1956 1135 2034 Augusti
1147 1962 1234 2020 'mor-

35 1998 190 2065 10,W5yq
207 1995 370 2068 Abyovorov
388 2004 537 2074 appellat!
566 2005 646 2078 laps.
683 2011 763 2077 „llic
782 2018 851 2070 aetia
869 2030 950 2076 recta
969 2029 1143 2100 suspicatur,
1170 2053 1232 2092 eam

34 2063 105 2119 fuisse
120 2085 136 2122 ο
154 2069 284 2124 domeA
336 2073 376 2126 eii
394 2091 416 2128 e.
436 2076 585 2148 Appuleii.
615 2082 717 2146 (mad
740 2089 768 2147 1,
787 2091 815 2152 7,
834 2090 874 2153 2.)
916 2092 972 2148 Sed
996 2112 1081 2154 torar
1103 2103 1234 2174 Augusti

34 2130 92 2190 baud
106 2139 191 2194 dubie
209 2141 284 2196 intel
302 2143 405 2220 'ganda
423 2146 541 2201 Octavia
565 2151 672 2218 minor,
700 2155 769 2223 quia
794 2159 972 2230 simpliciter
988 2165 1050 2224 lut
1079 2173 1126 2239 (ut
1149 2177 1231 2234 Suet.

34 2203 79 2262 θοι,
96 2226 118 2265 ο,
138 2213 183 2268 51,
204 2221 233 2266 et
251 2211 339 2268 Dioni
357 2218 403 2282 54,
421 2219 481 2286 35.)
500 2235 585 2274 torar
601 2221 730 2290 Augusti
747 2227 868 2298 dicitur,
894 2239 979 2305 quasi
1002 2257 1090 2296 unam
1117 2255 1232 2305 tantum

33 2274 152 2340 babuerit.
194 2284 311 2340 Octavia
332 2289 426 2340 maior
449 2306 509 2342 nou
534 2309 570 2345 ex
594 2292 704 2348 AtiaA
765 2301 803 2352 eti
821 2311 914 2359 matre
937 2318 1015 2378 nata,
1043 2315 1093 2369 eod
1118 2335 1154 2372 ex
1171 2319 1232 2375 Au·

32 2345 119 2406 clarii.
156 2354 249 2422 Quum
267 2358 293 2410 si
311 2357 404 2412 vellet
420 2357 548 2428 Tacitus,
567 2363 680 2434 aliquid
698 2314 802 2426 didam
823 2373 991 2446 addidisset,
1015 2386 1092 2438 unde
1117 2389 1232 2446 iutelli-

59 2425 160 2478 ηιιιιέ6
184 2425 291 2480 Walti.
311 2429 446 2498 ,Octavia
465 2432 573 2500 minor,
592 2451 651 2488 nau
669 2438 771 2506 maior,
789 2453 881 2514 nupta
899 2447 930 2504 G.
952 2451 1229 2530 cinamomo-cetto,

65 2493 150 2549 ,Pom
172 2497 219 2552 eiu
237 2499 275 2553 tt.
296 2505 325 2552 et
342 2501 379 2558 tt.
397 2502 525 2557 Antonio
543 2505 715 2560 triumviro.
735 2523 769 2550 ·-'
786 2513 950 2574 molestatio
968 2523 1081 2580 delator
1103 2547 1230 2590 areeeee-

32 2559 74 2626 pap,
96 2574 127 2618 ut
146 2573 174 2635 4,
202 2571 246 2627 29·
278 2569 324 2627 cf·
349 2571 386 2626 ,d
412 2577 439 2639 1,
464 2577 509 2641 ¹12,
528 2577 556 2631 α,
577 2579 649 2642 ete,
676 2582 722 2636 29.
759 2582 902 2656 „Duplex
928 2595 1087 2653 maiestatis
1105 2607 1229 2676 crimen,

31 2634 95 2698 prius
114 2641 249 2696 convicia
266 2641 298 2694 in
317 2642 492 2714 Principem,
519 2646 645 2702 alterum
663 2649 850 2722 adulterium,
878 2663 946 2732 quta
965 2667 1087 2724 caesari
1104 2691 1231 2732 manera

32 2709 150 2782 „nguine
167 2709 215 2777 (7,
235 2711 271 2766 ad
287 2715 314 2779 4,
333 2713 395 2781 23.)
414 2725 442 2769 et
461 2733 494 2772 aa
513 2719 622 2774 violata
639 2719 725 2776 huius
743 2727 888 2784 maiestas.
923 2735 979 2790 liet
996 2743 1075 2796 enim
1093 2744 1165 2802 haee
1183 2751 1230 2804 in·

32 2779 182 2846 terpretntio
200 2781 317 2854 abipso
335 2783 465 2910 Augusto
483 2789 585 2858 petita.
613 2809 640 2847 v.
660 2796 688 2859 3,
705 2796 774 2852 24.“
800 2798 880 2869 Lipe.
903 2807 1047 2867 adulterio
1073 2822 1228 2890 teneretur,

32 2861 51 2894 ι.
67 2848 96 2900 ed
112 2857 155 2919 11,
174 2856 204 2921 6,
223 2856 250 2910 2.
271 2871 382 2910 areeeee
400 2864 431 2912 at
449 2859 513 2914 edd.
532 2859 623 2915 liban.
651 2873 680 2918 et
697 2884 756 2921 rec.
776 2876 937 2930 arctaretur
962 2882 1007 2935 ed.
1032 2885 1100 2942 Ber.
1127 2891 1173 2945 Gi.
1192 2893 1229 2948 ad

30 2917 49 2974 l,
63 2921 103 2982 tt,
120 2928 145 2978 1.
168 2953 200 2964 -
220 2925 265 2979 De
283 2927 425 2982 adulterio
443 2931 517 2983 satie
535 2933 629 2986 caveri
652 2935 716 3005 lege
732 2938 810 2994 lolia
827 2943 1033 3006 de'ednltariis
1051 2973 1087 3011 ac
1104 2963 1226 3034 stupris,

30 2983 55 3040 de
69 3009 117 3060 qm
134 3013 163 3051 v,
183 2997 264 3063 ,(13,
283 3001 328 3064 25,
347 3004 373 3056 1,
402 3027 432 3038 -
453 3003 616 3057 molestatio
638 3009 746 3064 crimea
763 3013 910 3084 diatiagai
927 3025 1094 3096 poitalaoit,
1119 3039 1154 3084 ut
1179 3051 1228 3088 ce·

30 3064 76 3114 tara
93 3067 249 3122 maiestatis
267 3071 401 3138 crimina,
422 3075 557 3142 probrosi
583 3077 644 3130 eiua
663 3097 821 3150 sermones,
839 3103 900 3144 neu
917 3093 1017 3148 eodem
1035 3101 1121 3155 medo
1138 3106 1227 3174 puni·

31 3139 120 3191 rentur.
146 3137 293 3208 distingui
314 3143 480 3210 poetulam't,
504 3163 533 3201 v.
557 3147 592 3200 ad
610 3153 654 3216 ll,
681 3155 707 3208 1.
735 3185 768 3198 -
787 3156 816 3215 εἰ
833 3174 897 3227 qtae,
923 3162 1032 3236 aliqua,
1057 3170 1226 3243 irreligiaee

29 3201 138 3274 dirimet,
167 3211 273 3280 quibua
291 3213 424 3268 maiestas
443 3215 587 3300 Principia
605 3221 780 3289 violaretur,
807 3236 841 3282 ut
865 3233 951 3300 paula
974 3247 1042 3319 post
1068 3243 1163 3298 locuta
1180 3263 1226 3302 ee·

29 3287 136 3402 tat
153 3284 678 3424 eeutratmtamtt
695 3296 776 3422 ta
789 3301 1226 3447 ”retraetata

28 3427 111 3486 meses,
129 3441 145 3476 a
166 3462 175 3476 ‚
195 3423 261 3478 mv.
281 3427 309 3493 Β,
326 3429 372 3484 33.
401 3429 472 3498 qaid
495 3431 530 3484 de
555 3433 666 3504 collega
691 3453 772 3494 tecue
789 3445 903 3499 eeoatei
920 3451 1066 3508 eat-iteret.
1091 3489 1124 3502 -
1143 3460 1175 3516 in
1193 3480 1225 3520 ee

28 3442 202 3562 tmaproira
218 3497 292 3550 nolte
310 3516 341 3552 ee
359 3499 398 3554 ad
411 3501 602 3568 cognitionem
619 3509 732 3562 vocarit
749 3515 815 3580 „sic
833 3523 863 3571 et
878 3516 990 3590 Diotl,
1005 3528 1033 3584 9.
1053 3531 1103 3584 sed
1121 3543 1223 3592 contra

26 3558 59 3618 ii,
73 3563 136 3618 21.“
154 3565 236 3635 Lipe.
257 3601 291 3612 -
311 3571 346 3623 de
363 3569 403 3624 iie
421 3571 480 3628 MS.
501 3581 530 3628 et
549 3576 592 3629 ed.
611 3577 704 3632 Beklr.
723 3583 758 3636 de
775 3581 820 3638 dit
839 3588 900 3646 edd
920 3594 975 3652 ret.
994 3614 1025 3652 v.
1043 3600 1079 3654 ad
1096 3605 1125 3668 i,
1137 3608 1221 3673 4³21·

79 3635 103 3688 2
122 3651 156 3690 ae
174 3633 228 3690 cut*
239 3641 321 3693 verba
339 3641 371 3695 in
389 3659 450 3696 eum
466 3641 573 3714 debita,
592 3647 680 3714 dicta,
699 3651 730 3706 lr.
744 3673 768 3712 e.
788 3657 954 3731 maledicta,
983 3667 1120 3742 dicteria3
1147 3679 1220 3734 Era.

28 3727 49 3738 -
66 3701 192 3761 liberavit
210 3709 360 3780 Apuleiana
377 3715 440 3783 lege
458 3717 629 3788 maieetatie,
648 3724 710 3776 eius
728 3743 829 3796 poena.
849 3763 882 3776 -
901 3735 1042 3793 adulterii
1058 3747 1223 3812 graviorem
1266 3753 1270 3762 “

24 3785 131 3844 maru,
149 3789 185 3832 ut
201 3783 336 3850 graviore
353 3787 494 3840 adulterii
508 3805 600 3858 poena
624 3811 670 3863 ap.
690 3793 771 3854 Suet.
798 3801 824 3854 A
867 3809 919 3862 .5.
948 3809 996 3863 nbi
1019 3813 1114 3870 Woll.
1139 3831 1221 3876 recte

27 3842 231 3918 iuterpretatur:
255 3856 390 3924 graviore
413 3876 499 3929 quam
518 3869 623 3916 statuta
647 3874 709 3920 erat
727 3869 792 3954 lege
815 3874 829 3926 1
863 3877 890 3928 ia
916 3879 953 3934 de
971 3882 1135 3943 adulteriis.
1161 3891 1221 3948 ·De

25 3907 66 3966 bac
81 3937 172 4039 poena
191 3913 379 3996 ι.ει1’3,2ὅ,
399 3933 423 3984 1.
457 3963 489 3973 -
518 3939 548 3984 at
568 3937 691 4004 extenplo
708 3954 848 3998 materam
862 3952 1033 4023 propinquis
1055 3959 1119 4012 atie
1139 3964 1220 4018 ultra

24 3983 65 4036 Ct'.
92 3994 203 4060 apidem
220 3993 264 4063 (r,
283 3999 319 4052 ad
337 4005 363 4067 1,
382 4003 427 4067 45,
447 4001 486 4066 1.)
505 4015 695 4061 removeretur
721 4012 808 4070 Urbe.
852 4019 927 4074 Nam
954 4043 990 4078 ex
1016 4027 1084 4104 leg-e
1099 4031 1219 4090 Remuli

25 4071 82 4111 uxor
97 4063 137 4116 ita
154 4065 216 4119 tuit
233 4069 265 4122 iu
283 4087 370 4124 manu
398 4073 468 4138 viri,
489 4083 535 4128 *ut
558 4076 593 4130 de
611 4081 734 4138 crimine
762 4089 824 4140 eius
850 4092 930 4146 omni
949 4111 1015 4152 eum
1041 4104 1218 4176 propinquis

24 4140 196 4204 mguosceret
214 4146 354 4195 statueret
395 4161 425 4211 e;
443 4141 524 4214 Lipe.
543 4165 571 4204 v.
591 4149 653 4202 eius
670 4151 742 4214 Exn.
762 4158 798 4212 ad
814 4157 884 4216 Tae.
903 4161 979 4224 Anu.
997 4171 1024 4236 4,
1042 4174 1087 4227 li.
1125 4175 1169 4230 lta
1188 4187 1218 4232 et
1313 4181 1318 4189 ’

23 4203 82 4264 apud
98 4205 269 4264 Germanae.
289 4229 317 4266 v.
336 4233 353 4268 a
390 4213 425 4268 G.
445 4219 490 4272 19.
509 4235 538 4270 n.
558 4221 670 4279 5—10.
706 4223 891 4288 Adulterium
908 4235 1015 4294 Itomae
1039 4243 1148 4300 iactum
1173 4259 1218 4303 est

24 4271 116 4329 crimen
133 4279 292 4356 publicum·
303 4283 360 4340 lata
380 4285 444 4363 lege
462 4289 545 4348 lolia.
583 4291 697 4360 „Nemo
715 4305 813 4359 tamen
831 4321 867 4360 ex
883 4316 985 4367 nostro
1002 4307 1067 4369 labo
1082 4318 1215 4396 colliget,
