2762 4788
77 195 317 273 nunonem
339 205 369 268 a
389 203 556 287 rrcrro
577 182 870 272 scurronum.
892 205 921 290 0.
942 203 1051 270 xxx.
1128 203 1245 262 cmn

24 381 165 450 obitum
201 379 284 450 eius
322 399 408 449 eura
445 375 544 450 Frid.
579 374 717 448 Christ
754 373 895 450 Ertm‘
937 375 1061 472 generi
1092 386 1129 448 et
1162 376 1242 448 leh.

23 478 99 550 101.
127 477 308 550 Embseri
331 475 482 574 Biponti
509 475 615 551 1792.
641 477 677 551 8.
703 474 800 548 Voll.
816 475 882 549 lv.
932 477 1180 566 Haec-editio,
1204 477 1246 546 in

22 601 91 674 qua
115 575 288 650 Grollius
312 577 432 649 Taciti
465 597 574 671 opera
603 575 814 670 recognovit
846 575 1015 672 notisque
1048 575 1184 664 criticis
1209 583 1245 646 et

21 677 180 748 aliorum
208 687 246 749 et
271 679 347 748 suis
371 670 578 766 illustravit,
602 676 708 748 initio
734 675 842 747 tantis
860 675 1027 748 virorum
1052 677 1245 748 doctorum

19 779 227 872 plausibus,
253 787 354 849 tanto
380 799 541 866 assensu,
568 786 705 870 quanto
736 776 799 846 vix
832 773 926 846 alius
950 775 1056 867 liber,
1096 784 1246 868 excepte
1359 855 1362 860 λ

21 889 104 968 erat,
131 878 203 948 sed
228 878 306 946 iam
330 877 396 948 diu
421 886 459 946 et
481 898 580 948 nunc
605 899 626 946 0
650 875 876 947 doctioribus
901 899 978 946 non
995 876 1120 969 magni
1140 874 1245 945 sesti-

20 991 152 1070 mamr,
181 987 221 1049 et
246 976 318 1048 hoc
341 977 467 1048 minus
491 976 631 1046 mirum
656 985 711 1050 est
735 997 846 1069 quam
870 973 1104 1046 illudentem
1128 983 1171 1044 ut
1194 981 1245 1044 ta-

21 1103 136 1162 ceam,
165 1099 260 1147 eum
285 1077 410 1147 scabra
435 1076 596 1148 oratione
620 1076 686 1165 uti,
713 1097 826 1169 aeque
856 1074 1026 1146 indoctus
1059 1084 1113 1145 est
1137 1069 1246 1144 Criti-

21 1205 80 1250 rus
104 1189 222 1272 atque
247 1177 438 1270 interpres,
464 1185 500 1248 et
523 1185 606 1246 tum
619 1173 779 1246 aliorum
803 1184 885 1246 tum
904 1199 988 1245 suas
1008 1173 1246 1270 potissimum
1295 1196 1298 1204 ’

21 1279 252 1350 coniecturas
277 1286 313 1348 et
337 1275 481 1370 saepius
507 1275 677 1346 omnium
709 1274 866 1345 minime
900 1272 1110 1368 probabiles
1143 1271 1246 1344 simi-

21 1379 115 1449 lcsve
140 1377 248 1469 aegri
272 1376 427 1448 somniis
452 1375 657 1446 innumeris
682 1371 773 1448 10010
805 1374 846 1450 in
880 1373 1049 1449 ordinem
1082 1373 1244 1468 recipere

19 1477 118 1550 nulla
143 1477 222 1570 ipsi
248 1473 376 1568 religio
407 1474 487 1546 luit.
1096 1559 1099 1566 Ι
1292 1529 1293 1536 ,

115 1574 179 1650 37.
207 1571 389 1648 meanti
413 1574 596 1662 (Oratores
621 1570 669 1646 dc
699 1571 829 1651 Tacite
852 1595 942 1650 0000
966 1571 1007 1648 la
1031 1569 1248 1648 traductio·

19 1675 215 1772 [00000100
241 1695 358 1775 -par
381 1671 536 1748 Dureau
567 1670 615 1746 de
646 1669 831 1763 Lamalle)
864 1697 951 1746 cum
982 1675 1080 1746 notis
1109 1683 1148 1744 et
1172 1673 1246 1768 pri-

19 1801 123 1846 mum
150 1775 237 1844 sine
261 1783 374 1864 textu,
400 1795 512 1868 quem
538 1774 678 1863 dicunt,
703 1773 817 1846 Paris.
847 1773 951 1848 1790.
977 1773 1013 1849 8.
1051 1769 1149 1844 Voll.
1176 1773 1245 1845 111.

19 1875 152 1946 deinde
179 1895 271 1944 cum
296 1896 341 1944 eo
359 1871 472 1942 Paris.
503 1871 609 1950 1808.
635 1873 671 1950 8.
697 1869 795 1944 Voll.
821 1871 867 1944 V.
886 1883 925 1945 et
951 1869 1056 1948 1817.
1082 1871 1117 1948 8.
1145 1869 1243 1945 Voll.

20 1972 80 2041 tr.
134 1969 268 2041 Editio
293 1969 428 2040 similis
453 1981 510 2038 est
533 1967 823 2040 Dottevillianae.

114 2065 179 2144 38.
223 2064 494 2162 Anonymorum
524 2065 640 2139 Halae
669 2065 773 2143 1793.
800 2067 836 2144 8.
877 2067 972 2142 Voll.
999 2071 1048 2142 ll.
1081 2069 1243 2144 Wirceb.

24 2167 125 2244 1815.
151 2165 263 2260 Lips.
293 2163 398 2240 1821.
430 2165 487 2238 12.
513 2165 612 2238 Voll.
638 2167 686 2240 ΙΙ.

114 2264 181 2340 39.
223 2260 373 2338 Fcrlett'
402 2263 517 2336 Paris.
555 2265 662 2342 1801.
696 2265 731 2344 8.
766 2265 863 2340 Voll.
899 2269 948 2342 11.
988 2268 1092 2342 cuiue
1117 2267 1246 2340 titulus

20 2377 87 2436 est:
124 2361 404 2440 observatione
428 2361 651 2458 littdrat'rce‚
677 2365 870 2462 critiqeer,
904 2364 1122 2470 politiqacc,
1154 2365 1245 2442 erili-

21 2467 151 2556 rcr'rcr,
178 2459 489 2568 geogrcpliquer
514 2488 579 2540 cur
609 2461 664 2542 lca
688 2461 884 2540 Histoircr
907 2463 955 2540 dc
984 2463 1125 2560 Tacite,
1157 2489 1247 2542 accc

19 2563 187 2638 leteatc
213 2561 312 2638 tara
336 2566 491 2662 corrigc'
511 2590 592 2683 por
615 2563 733 2642 ane
759 2563 898 2640 Ferlet.

115 2663 181 2740 40.
209 2661 571 2758 100Ιο000000πὲ,
596 2669 661 2764 qui
686 2669 832 2740 tertiam
858 2667 1019 2742 Emestii
1044 2669 1245 2742 editionem

22 2767 115 2860 typis
141 2763 438 2860 imprimendam
464 2767 605 2842 curavit
628 2765 734 2862 Lips.
761 2767 867 2844 1801.
894 2769 930 2846 8.
956 2767 1054 2842 Voll.
1070 2767 1118 2842 ΙΙ.
1146 2780 1245 2864 post-

20 2890 129 2959 quam
157 2864 222 2937 Fr.
251 2863 344 2956 Aug.
378 2859 535 2962 Wolfiue
558 2865 659 2938 hunc
684 2861 850 2940 laborem
884 2871 1006 2964 primo
1032 2879 1244 2963 susceptum

21 2989 90 3034 non
115 2963 194 3034 nisi
221 2963 269 3033 ad
294 2961 390 3032 Ann.
417 2961 453 3054 2,
479 2965 538 3040 24.
564 2966 794 3060 perduxerat,
820 2969 919 3061 quod
944 2993 1055 3042 nemo
1081 2969 1150 3040 erit
1180 2968 1245 3062 qui

20 3087 89 3133 non
115 3084 274 3133 mecum
299 3059 428 3133 doleat
479 3065 604 3136 Novus
628 3063 692 3136 1110
717 3067 835 3138 editor
866 3067 955 3138 vitia
978 3089 1180 3162 ¹operarum
1204 3067 1244 3136 in

19 3163 72 3232 ed.
108 3162 262 3234 Ernest.
297 3169 441 3232 tantum
479 3187 555 3234 non
597 3165 723 3248 omnia
760 3165 911 3238 sustulit
947 3189 989 3238 ac
1032 3167 1243 3260 saepissime

20 3259 101 3332 alias
129 3261 200 3332 sed
230 3283 306 3329 non
332 3283 413 3331 raro
439 3261 761 3358 improbabiliores
785 3263 960 3338 lectiones
977 3264 1132 3361 vulgatis
1158 3265 1242 3336 sub-

21 3363 146 3432 mtuit.
202 3359 251 3432 In
274 3359 386 3450 notis,
412 3384 501 3456 ques
526 3362 691 3458 aspersit,
717 3363 844 3435 multis
863 3363 969 3436 locis
993 3376 1244 3438 memorantur

21 3463 135 3550 numi,
163 3457 407 3554 geographica
431 3471 468 3532 et
492 3460 627 3552 critica,
653 3462 717 3534 sed
738 3461 784 3550 (si
809 3465 972 3536 minores
985 3465 1103 3538 Taciti
1127 3463 1243 3535 libros

22 3559 221 3656 exceperis,
255 3559 391 3654 quibus
418 3557 510 3654 ‘plus
544 3559 658 3634 studii
690 3559 894 3656 impendit)
935 3589 1050 3659 pauca
1087 3573 1242 3651 tantum,

23 3685 108 3754 quae
144 3659 193 3731 ad
234 3659 572 3752 interpretationem
607 3658 792 3756 pertinent
828 3685 869 3733 00
907 3687 1014 3760 saepe
1052 3661 1134 3734 aliis
1167 3687 1241 3734 non

24 3761 157 3856 ubique
184 3757 386 3830 nominatis
412 3759 603 3850 debentur,
629 3758 849 3856 plerumque
874 3756 959 3834 v'ero
985 3761 1042 3834 vel
1068 3761 1242 3838 lectiones

24 3861 154 3932 codicis
182 3855 286 3930 MSti
310 3855 491 3930 Budensis
517 3869 553 3930 et
584 3859 790 3932 editionum
816 3873 995 3952 veterum,
1029 3859 1087 3937 rel
1123 3861 1242 3934 conie-

26 3971 139 4031 cturae
164 3959 327 4048 criticae,
365 3981 441 4029 non
466 3967 543 4030 tam
567 3959 696 4054 ipsius,
735 3983 846 4056 quam
879 3960 1036 4033 aliorum
1065 3963 1241 4058 interpre-

26 4069 97 4130 tum
122 4071 159 4132 01
185 4057 443 4154 antiquiorum
469 4069 505 4130 et
528 4057 785 4150 recentiorum,
811 4062 840 4132 I.
868 4059 926 4132 Fr.
950 4057 1097 4150 Hilleri,
1122 4059 1242 4132 10110-

27 4161 141 4232 nundi
173 4170 211 4232 et
244 4159 284 4230 in
320 4157 454 4251 primis
479 4155 623 4246 Crollii,
663 4181 756 4253 quae
781 4161 925 4255 saepius
951 4183 1062 4256 quam
1088 4161 1141 4231 las
1166 4171 1243 4232 erat
1301 4189 1306 4203 ⁴

29 4259 204 4335 inlocum
241 4255 414 4351 vulgatae
451 4255 618 4330 lectionis
652 4257 869 4332 substitutae
903 4267 997 4332 sunt.
1037 4257 1094 4330 Cl.
1120 4257 1238 4333 Wolf.
