2904 4798
169 199 231 266 too
552 193 796 262 ANNtnltJM
816 197 899 262 LIB.
922 197 967 262 V.

170 381 305 422 novaram
328 364 463 428 rtndiinn,
493 362 550 430 (ot.
570 365 597 430 t,
617 367 653 422 68
672 363 764 430 extr.)
792 365 842 418 sed
865 379 977 418 amarae
994 395 1028 408 -
1055 363 1211 418 obiectatat
1240 363 1381 418 Tiberine.

169 435 215 496 cf.
236 439 299 492 lad
320 437 375 489 lll.
395 455 423 490 v.
443 435 567 506 Eiiipeer
585 455 614 492 n.
634 439 659 490 t.
681 463 713 474 -
750 437 785 490 ln
803 451 912 502 earnm,
932 436 1185 512 Agrippinam-
1205 436 1384 504 contingere.-

168 515 200 565 in
218 511 277 564 116.
303 508 491 576 confringere.
513 535 546 546 -
580 523 686 575 magne
708 515 824 562 renatae
845 523 951 578 paoore
969 525 1004 560 ac
1027 507 1157 562 nitentior
1190 525 1265 578 „per
1287 506 1318 561 iv
1340 505 1385 560 eat

168 583 249 637 doctr
266 583 357 646 dicta;
391 597 459 632 nam
484 579 631 633 atentiam
656 587 718 632 eret
742 581 777 634 ob
799 595 941 648 poooreen,
969 579 1070 633 Geren.
1101 589 1213 634 unter
1239 580 1386 644 tiefem,

166 659 381 728 aereagtem
408 650 662 728 Schweigen.“
691 649 771 704 nott.
790 670 820 722 p.
839 655 884 709 26.
904 652 950 706 (11.
971 651 1035 704 lud.
1055 650 1107 706 111.
1127 669 1155 705 v.
1175 651 1386 721 Hendiadyoin.

167 727 234 792 Sed,
253 726 311 778 nisi
328 723 430 788 fallor,
458 722 508 777 hic
526 724 583 778 dno
601 723 698 792 potius
722 731 789 778 sunt
807 722 1022 800 distinguenda,
1042 739 1204 793 quanquam
1222 739 1282 776 non
1300 738 1387 798 nego,

165 797 238 852 baec
255 797 347 848 fuisse
367 795 537 861 coniunctn;
561 792 668 850 Waitlt.
682 825 715 838 -
730 795 845 862 pntiica
862 797 939 850 nata
957 795 1000 861 (a)
1018 795 1145 862 singulis
1163 795 1194 848 in
1212 793 1387 848 monna

166 869 283 938 gratioe
302 866 378 936 apud
395 867 562 937 Principem
580 867 783 936 primoresque
806 865 968 931 truduntur,
994 867 1031 922 cf.
1052 865 1115 918 lnd.
1135 867 1189 922 111.
1215 885 1243 920 v.
1264 865 1386 918 Dutieue

14 905 16 918 .
74 929 76 936 ⁴
165 940 335 996 entiectiaur
354 946 384 991 et
402 937 694 1005 Oratiopraegnann
730 935 850 992 Oceania
872 938 924 994 Gr.
946 935 1078 1008 menapia,
1096 956 1141 1008 ap.
1155 938 1216 993 Cic.
1229 935 1279 992 off.
1300 944 1328 1004 1,
1343 941 1384 992 4⁰.

165 1020 273 1080 tenpus
291 1009 415 1062 aetionis
433 1016 629 1077 opportunum.
650 1008 696 1060 Gt.
716 1009 780 1062 lad.
800 1010 839 1066 11.
859 1030 889 1066 v.
908 1009 1034 1065 Occasio.
1055 1041 1089 1052 ·-·
1125 1016 1156 1062 ut
1175 1010 1337 1074 referretur
1353 1008 1386 1062 de

164 1083 211 1136 his
230 1081 327 1135 literis
345 1101 362 1134 a
380 1081 546 1135 consulibus
564 1081 600 1133 ad
619 1089 756 1136 senatum.
776 1081 853 1136 md
867 1083 1034 1148 nant·
1058 1079 1277 1149 ‘promptissimo
1303 1081 1385 1132 Cotto

164 1153 323 1208 Mainalion
347 1153 439 1218 „scil
465 1152 501 1205 ad
528 1151 731 1223 postulandam
765 1153 947 1218 relationem,
981 1169 1102 1222 eamque
1131 1149 1294 1222 postulavit
1327 1167 1385 1202 eun

164 1225 258 1278 atroci
276 1224 424 1280 sententia.
451 1223 495 1277 lta
514 1239 573 1276 non
592 1230 636 1275 est
655 1221 732 1292 quod
743 1221 919 1294 displiceant
935 1223 1023 1276 verbe
1041 1239 1104 1274 cum
1121 1222 1216 1276 atroci
1232 1222 1383 1286 cententio,

163 1315 238 1368 quae
256 1297 353 1372 hange
372 1297 411 1360 (v.
431 1295 503 1348 Acte
527 1293 635 1349 semin.
664 1312 724 1370 reg.
752 1304 782 1348 et
806 1297 905 1349 societ.
929 1293 1036 1365 philol.
1063 1295 1144 1364 Lipe.
1169 1293 1203 1349 T.
1222 1294 1246 1346 1.
1276 1311 1308 1364 p·
1329 1292 1385 1357 so.)

162 1369 380 1438 ineptissimum
398 1365 471 1418 dicit
489 1365 718 1419 additamentum
735 1384 795 1420 esse
815 1385 832 1421 e
850 1367 915 1420 loco
933 1368 960 1431 6,
979 1369 1004 1422 5.
1024 1365 1144 1435 eiusque
1161 1365 1269 1434 primis
1288 1365 1385 1418 verbis

63 1457 67 1466 ·
163 1436 345 1492 intnrenm.“
367 1435 506 1496 Waltier.
544 1435 600 1489 Sed
624 1436 799 1491 durnerunt
823 1437 952 1507 ellipses.
989 1435 1032 1489 De
1055 1435 1112 1491 hoc
1139 1435 1224 1490 cotta
1255 1453 1285 1488 v.
1298 1436 1384 1500 ,non

161 1511 464 1574 mimmii

631 1615 935 1670 oarUT1n-

241 1725 319 1786 Fuit
345 1725 381 1784 in
411 1731 527 1786 senatu
548 1720 665 1786 Iunius
686 1717 853 1802 Rusticus,
882 1721 1119 1806 componendis
1140 1724 1279 1786 Petrum
1302 1726 1384 1785 actis

162 1807 307 1870 delectus
330 1827 350 1868 a
377 1801 517 1868 Caesare
545 1825 649 1887 eoque
675 1807 908 1868 meditationes
938 1809 1008 1869 eius
1031 1809 1254 1890 introspicere
1275 1807 1384 1868 credi·
1436 1847 1437 1852 κ

160 1901 225 1956 tus.
269 1891 302 1952 Is
330 1889 422 1951 fatali
471 1887 591 1950 uodam
619 1901 724 1962 motu,
758 1887 878 1972 (neque
904 1893 1090 1952 animante
1118 1892 1286 1972 specimen
1308 1909 1383 1951 con-

160 1975 302 2038 stantiae
325 1911 475 2051 dederaii
497 1992 555 2034 seu
577 1992 681 2054 prava
701 1973 863 2052 sollertia,
889 1972 968 2036 dum
989 1974 1236 2036 imminentium
1257 1973 1384 2034 oblitus

160 2061 290 2120 incerta
310 2065 418 2139 pavet,
443 2057 592 2118 inserere
613 2076 647 2120 se
669 2055 899 2119 dubitantibus
927 2077 966 2119 ac
988 2073 1125 2119 monere
1146 2057 1310 2134 consules,
1344 2075 1385 2117 ne

160 2142 358 2224 relationem
385 2140 586 2220 inciperent:
620 2137 876 2222 disserebatque,
911 2139 1060 2202 brevibus
1085 2143 1247 2202 momentis
1267 2159 1385 2202 worma

159 2227 259 2288 verti:
291 2243 385 2304 poree
407 2222 595 2304 quandoque
616 2221 800 2285 Gennanici
820 2225 951 2286 exitium
975 2226 1194 2304 poenitentioe
1213 2243 1283 2286 esse
1302 2226 1383 2285 seni.

158 2307 266 2370 Simul
298 2307 441 2389 populus
467 2306 593 2392 efligies
614 2303 821 2394 Agrippinae
852 2326 891 2368 ac
912 2307 1058 2369 Neronis
1114 2326 1210 2370 erens
1238 2309 1383 2368 circum-

83 2439 85 2446 .
158 2393 247 2453 sistit
268 2391 397 2451 curiam
420 2391 575 2470 festisque
596 2388 631 2448 in
654 2387 828 2450 Caesarem
855 2391 1031 2468 ominibus,
1074 2327 1182 2472 [iaicas
1209 2390 1325 2452 literar
1353 2399 1385 2452 et

158 2471 311 2554 Principe
338 2473 441 2536 invito
469 2474 599 2534 exitium
628 2471 733 2534 domni
754 2475 822 2535 eine
843 2475 977 2550 intendi,
1009 2471 1167 2538 clamitat.
1215 2473 1268 2533 lta
1295 2471 1384 2534 nihil

157 2559 256 2620 triste
277 2555 335 2620 illo
357 2553 412 2617 die
434 2563 613 2637 patratum.
657 2555 863 2619 Ferebantur
885 2559 986 2618 etiam
1010 2557 1070 2620 sub
1093 2555 1282 2618 nominibus
1305 2575 1401 2628 con„

157 2640 323 2702 sularium
350 2639 447 2699 fictae
475 2640 512 2698 in
540 2637 697 2699 Seianum
726 2641 921 2714 sententiae,
960 2641 1190 2702 exercentibus
1212 2640 1385 2722 plerisque

156 2741 218 2806 per
240 2721 408 2784 occultum
437 2729 538 2803 atque
566 2741 606 2781 eo
627 2725 802 2802 procacius
824 2721 997 2784 libidinem
1018 2725 1241 2808 ingeniorum.
1284 2721 1386 2784 Unde

154 2807 206 2869 illi
227 2807 279 2867 ira
300 2805 483 2867 violentior
505 2813 538 2865 et
558 2807 715 2866 materies
737 2804 954 2866 criminandie
975 2816 1113 2886 spretum
1135 2805 1271 2868 dolorem
1284 2802 1385 2867 Prin-

156 2891 238 2972 cipis
259 2887 300 2952 ab
321 2900 451 2960 eenatn3
473 2887 645 2950 descivisse
662 2888 830 2968 popniam,·
853 2889 961 2952 audiri
982 2893 1043 2952 iam
1058 2903 1089 2952 et
1104 2889 1170 2972 legi
1185 2906 1284 2951 nonos
1308 2909 1384 2950 con-

156 2979 274 3052 ciones,
307 2991 390 3034 nova
414 2967 549 3034 Patrem
578 2971 741 3036 consulta:
771 2971 859 3054 qnid
878 2974 1042 3055 reliquam,
1070 2975 1135 3036 nisi
1163 2983 1199 3036 at
1229 2985 1384 3056 cuperent

156 3057 275 3138 fernim
296 3065 339 3132 et,
360 3075 490 3138 qaorum
512 3057 668 3136 imagines
687 3075 749 3135 pro
772 3055 900 3120 vexillis
919 3060 1025 3120 secati
1045 3056 1167 3136 forent,
1205 3057 1311 3119 duces.
1326 3061 1384 3120 ia-

151 3151 381 3224 peratoreapae
402 3140 603 3220 deligerent?

224 3229 250 3279 1.
276 3223 377 3274 Iuniae
394 3221 539 3288 Raeticae,
564 3223 603 3274 cf.
623 3218 659 3274 ad
677 3221 721 3286 16,
741 3222 785 3276 36.
807 3249 840 3264 -
877 3221 1075 3290 componendis
1092 3221 1212 3276 Patrnrn
1236 3223 1316 3275 aetio
1335 3225 1385 3277 de·

154 3297 251 3361 lenae,
283 3311 312 3346 v.
339 3294 374 3346 ad
398 3297 425 3359 3,
445 3297 473 3358 3,
499 3298 524 3346 1.
547 3325 579 3334 -
615 3291 817 3345 meditationes
842 3293 904 3346 eine
932 3293 1130 3364 introspicere,
1168 3294 1294 3348 consilia
1319 3297 1383 3350 eius

152 3381 255 3433 noeee;
275 3365 344 3418 Eme.
364 3364 567 3418 meditationee
585 3361 648 3416 edd.
677 3361 768 3419 Rhen.
788 3367 813 3420 2
833 3368 860 3420 3.
880 3373 909 3418 et
927 3381 986 3422 rec.
1011 3366 1211 3420 meditationis
1229 3365 1295 3419 edd.
1315 3367 1383 3420 Ber.

152 3437 391 3492 61111661-
428 3435 517 3502 fatali
535 3436 655 3504 quodam
671 3441 759 3501 motu,
787 3436 878 3488 animi
897 3437 1018 3507 impetu.
1039 3469 1072 3481 -·
1109 3455 1169 3504 eea,
1198 3455 1228 3490 v.
1246 3437 1287 3490 ad
1306 3443 1335 3502 1,
1355 3440 1384 3502 6,

150 3511 177 3564 6.
199 3542 231 3551 -
266 3508 380 3560 incerta
397 3507 531 3578 pericula
550 3515 579 3559 et
596 3506 673 3559 mala
689 3513 782 3574 pavet,
810 3507 877 3576 plus
902 3509 1008 3562 timens
1026 3511 1061 3563 ab
1078 3507 1233 3564 heredibus
1257 3511 1385 3580 imperii

150 3597 237 3652 quam
255 3597 271 3632 a
289 3577 426 3644 Tiberim
459 3576 547 3631 iiten.
568 3609 601 3621 -
638 3593 672 3630 ne
696 3579 863 3631 relationem
887 3578 1055 3648 inciperent,
1081 3599 1110 3634 v.
1130 3580 1166 3634 ad
1183 3585 1210 3646 1,
1228 3582 1276 3646 33,
1297 3585 1326 3637 2·
1349 3613 1383 3622 -

150 3652 278 3705 breoibne
296 3649 444 3702 momentis
463 3665 581 3712 ramma,
599 3665 646 3701 res
666 3667 801 3716 sommas,
821 3649 943 3702 maximi
961 3654 1113 3718 momenti,
1139 3652 1215 3704 oerti
1228 3667 1330 3720 poene,
1352 3671 1383 3704 r.

149 3723 185 3778 ad
202 3723 239 3776 H.
259 3725 286 3788 4,
306 3723 350 3786 86,
370 3723 395 3776 2.
433 3721 619 3784 Momentum,
639 3720 721 3790 quasi
738 3721 945 3788 monimentum,
963 3725 1084 3794 proprie
1103 3731 1147 3776 est
1163 3724 1293 3792 pondus,
1322 3739 1382 3794 quo

148 3793 241 3848 librae
260 3793 329 3846 lanx
348 3792 534 3862 deprimitur,
554 3791 658 3845 deiude
677 3807 735 3856 res,
754 3809 810 3863 qua
828 3793 941 3863 aliquid
959 3795 1078 3865 eiusque
1097 3803 1219 3847 eventus
1242 3793 1383 3849 decerni·

148 3873 206 3930 tur,
241 3861 694 3940 Entscheiduugspunkt,
726 3862 949 3940 Aueschlag,
983 3865 1122 3930 Crisia,
1149 3873 1183 3918 ut
1206 3873 1384 3920 momentum

146 3937 238 3990 morbi
255 3937 327 4013 Agr.
348 3938 393 3990 to.
424 3953 459 3988 cx
484 3951 540 4006 quo
565 3934 675 4005 pendet
692 3942 813 3988 eventus
833 3937 906 3998 eius,
930 3944 959 3989 et
973 3938 1044 4022 ‘aliis
1064 3937 1138 3990 locis
1157 3937 1314 3991 dieerimen
1335 3938 1384 3991 rei

145 4023 330 4144 1313311.
347 4007 609 4144 tentent
628 4007 672 4142 ⁸³5·
690 4007 856 4158 taint
876 4008 1009 4146 init·
1029 4010 1216 4146 tilii
1232 4012 1382 4134 tna

145 4148 253 4214 mneos)
270 4151 296 4210 4,
315 4151 376 4205 819.
396 4147 638 4217 (Momentumque
661 4149 861 4214 intimaturus
879 4151 969 4204 Curio
993 4153 1110 4218 reram).
1149 4149 1206 4205 Sed
1223 4151 1252 4206 h.
1274 4151 1296 4208 1.
1316 4169 1381 4205 rno-

144 4225 237 4270 menta
254 4219 354 4288 potius
371 4221 512 4290 temporis
532 4219 756 4295 significantur5
781 4237 849 4274 nam
868 4222 964 4274 breuia
981 4222 1131 4278 dicuntur.
1170 4223 1220 4277 Sic
1241 4223 1381 4277 minimis

141 4289 291 4342 nomentio
316 4290 457 4343 maximae
481 4289 683 4344 inclinationes
702 4297 856 4360 temporum
883 4295 954 4359 fiunt
978 4312 1024 4365 ap.
1045 4293 1107 4348 Gio.
1128 4293 1204 4348 Phil.
1223 4295 1253 4361 6,
1272 4299 1309 4351 lo
1328 4313 1379 4366 pr.
1436 4329 1437 4350 t
