2890 4790
183 211 246 282 488
562 211 811 280 ANNALIUM
843 213 927 280 LlB.
949 213 1011 282 lV.

184 375 288 446 eii'ets3
305 377 409 436 littler.
427 377 550 434 Frustrs
567 377 663 450 quippe
680 378 732 436 illi
745 381 912 450 maerens
929 395 1006 436 corr.
1016 379 1178 457 inmpugn.
1197 395 1214 434 e
1230 395 1255 435 c
1272 377 1380 436 ttirsnd.

184 481 218 492 —
242 453 368 504 ulcerosa
391 451 481 516 {acies
504 457 560 510 cet.
597 451 730 520 „Totum
753 452 867 508 Tiberii
892 468 999 524 corpus
1025 451 1192 508 ulcerosum
1207 451 1294 505 nnn
1310 451 1383 505 docet

183 519 316 576 Iulisnus
334 521 547 577 incisionibus
564 539 594 594 p.
604 527 666 582 3⁰9.
688 526 826 596 ὤφθησαν
844 521 950 578 bredal
967 525 1035 576 κατὰ
1051 523 1101 576 τὸν
1112 527 1202 578 νῶτον
1210 525 1312 595 μυρίαι,
1328 542 1382 576 nse·

182 595 261 663 tripes
277 609 348 654 senec
366 598 411 647 καὶ
429 595 551 667 ξέσματα
569 601 614 650 xal
632 599 733 665 πληγαὶ
756 599 875 666 χαλεπαὶ
893 601 939 650 καὶ
955 595 1098 664 μώλωπες,
1125 594 1180 649 ὑπό
1203 612 1232 648 τε
1254 590 1384 652 ἀκολασίας

183 669 229 718 sat
246 660 384 734 ὠμότητος
402 669 501 752 pcipel
520 685 590 728 τινες
614 673 658 722 snt
680 673 804 738 λειχῆνις
827 663 891 722 olon
909 665 1114 736 ἔγκεκαυμέναι.
1150 667 1228 720 lisso
1251 673 1280 720 et
1301 663 1384 718 'inciti

181 733 270 790 verbe
287 735 416 791 Vslesius
434 737 483 802 (in
500 736 659 793 Valerianis
677 757 707 812 p.
727 744 761 796 lt
780 740 834 810 sq.)
852 738 890 792 sd
906 738 987 792 luem
1003 754 1160 792 venereum
1172 745 1306 806 tanunm
1319 752 1384 788 mor·

182 804 251 860 bum
281 809 518 880 antiquissimum
547 808 651 878 trehit,
678 811 730 866 sed
752 813 860 868 metius
885 809 921 864 sd
945 811 1020 863 cutis
1038 811 1112 864 ritis
1136 819 1166 864 et
1193 807 1292 862 ulcere
1312 805 1383 860 liiob.

180 877 263 932 Mesd
281 879 314 932 in
330 879 444 936 medice
461 897 540 936 sacra
557 897 586 950 p.
605 885 632 940 6.
653 889 684 936 et
702 880 765 938 lob.
784 883 891 938 Astruc
909 879 945 936 de
963 880 1073 936 morbis
1091 881 1222 934 venereis
1241 885 1267 941 l,
1285 881 1309 935 3.
1328 886 1354 932 et
1363 881 1383 932 l.

181 947 326 1004 Libidinis
343 967 424 1018 vero,
442 950 493 1006 vel
510 953 542 1004 in
560 953 624 1024 ipss
642 961 804 1026 senectute,
820 955 862 1008 its
879 951 1052 1007 immodicus
1070 951 1130 1004 fuit
1147 950 1292 1016 Tiberius,
1316 957 1346 1001 nt
1359 949 1384 1000 in

180 1021 347 1076 Atellanico
374 1021 478 1076 exodio
502 1023 595 1077 tirsus
620 1027 724 1076 vetulus
741 1024 837 1079 dictus
855 1026 950 1080 luerit
966 1022 1011 1090 (v.
1030 1021 1110 1080 Suet.
1130 1021 1193 1078 Tib.
1213 1021 1274 1088 ts.)
1299 1029 1327 1074 et
1347 1019 1385 1072 lo·

181 1089 255 1146 Heni
273 1091 327 1150 l.l.
354 1091 479 1164 dripere
506 1087 588 1156 οὗτος
612 1095 801 1166 detruncet
819 1097 897 1150 Brol.
937 1095 1022 1148 Facie
1044 1094 1165 1159 lonesta,
1188 1093 1219 1145 s'ss
1244 1108 1296 1160 quo
1314 1097 1384 1144 tanes

181 1163 272 1218 crebri
289 1170 316 1218 et
333 1165 447 1218 subtiles
465 1171 582 1220 tumores
600 1164 679 1221 Suet.
700 1165 765 1224 Tib.
785 1169 829 1224 68.
866 1167 935 1232 „Ibi
953 1167 1039 1220 subiti
1055 1172 1172 1218 tumores
1189 1167 1222 1218 in
1238 1161 1316 1217 thS.
1333 1161 1384 1230 qui·

181 1233 308 1293 busdam.
345 1234 402 1291 Sed
419 1237 513 1292 scribe
530 1235 653 1292 substilli
670 1237 720 1294 vel
736 1239 877 1292 substilles
894 1245 1016 1294 tumores.
1052 1237 1119 1292 Non
1138 1237 1217 1290 enim
1232 1236 1324 1308 potuit
1337 1249 1384 1284 ms·

180 1308 226 1384 gis
244 1309 359 1378 aptiore
377 1307 466 1364 verbo
485 1310 613 1380 exprimi
629 1309 730 1381 liquor
747 1311 910 1382 saniesque,
930 1327 1004 1380 quse
1022 1310 1054 1362 in
1072 1306 1217 1362 eiusmodi
1241 1303 1384 1359 tumoribus

180 1379 350 1434 minutatim
369 1378 471 1434 stillat.
508 1380 553 1434 lte
571 1381 659 1436 Festo
682 1381 883 1436 substillum
907 1387 1031 1448 tempus
1054 1387 1118 1433 ante
1142 1385 1254 1448 postque
1276 1377 1383 1444 ptumus,

180 1451 252 1518 quod
273 1451 327 1504 iam
350 1451 474 1504 stillaret
498 1457 546 1504 aut
572 1453 685 1506 nondum
709 1452 849 1516 desiisset,
877 1469 922 1524 sp.
942 1451 1069 1507 Tertull.
1095 1446 1384 1522 deprimemus

179 1527 269 1588 murel,
284 1549 318 1562 -
343 1520 440 1574 debinc
467 1523 626 1590 substillum,
658 1530 684 1576 et
703 1523 788 1575 denuo
804 1523 904 1579 sudum.
942 1523 978 1577 ln
1005 1521 1172 1598 stranguria
1189 1519 1336 1574 substilius
1350 1534 1383 1585 sp.

181 1589 243 1648 Gst.
271 1591 303 1646 li.
330 1589 467 1649 R.156.“
502 1593 580 1661 lips.
616 1593 790 1660 „Goniicers
813 1593 908 1664 possis
931 1613 977 1676 sp.
1003 1593 1082 1648 Suet.
1112 1591 1194 1647 liuids‘
1221 1599 1330 1645 tumores
1347 1585 1384 1640 vel

179 1663 275 1718 rubidi
292 1680 308 1717 e
325 1661 500 1727 vinolentis,
528 1663 586 1718 nisi
604 1665 702 1735 potius
719 1664 876 1742 vulgatum
892 1665 979 1718 substi
996 1671 1110 1718 tumores
1128 1673 1173 1718 est
1190 1679 1293 1718 rerum
1310 1669 1337 1714 et
1351 1660 1385 1712 iu·

179 1728 387 1806 teiligendum,
406 1732 520 1787 assidue
539 1743 570 1786 et
587 1753 704 1816 semper
722 1745 839 1790 exortos
858 1753 919 1790 esse
932 1735 1005 1790 tsles
1017 1745 1146 1789 tumores
1160 1749 1269 1799 novos3
1287 1731 1344 1785 lirs.
1360 1727 1385 1781 sl

180 1797 260 1856 Suet.
280 1800 306 1853 A
324 1799 425 1858 Tacito
449 1811 479 1858 et
497 1799 576 1856 Suet.
596 1802 768 1878 designetur
790 1805 909 1858 morbus
928 1803 1101 1876 Csmpsnus,
1130 1803 1165 1858 de
1183 1820 1243 1874 quo
1262 1821 1290 1860 v.
1307 1803 1385 1870 intpp.

180 1871 252 1928 lior.
273 1870 332 1926 Sat.
351 1875 379 1940 l,
398 1875 426 1939 ὅ,
444 1875 489 1929 bl.
517 1879 547 1926 ct
564 1871 728 1949 boettigeri
746 1873 874 1930 Amsltb.
895 1875 929 1930 Τ.
949 1875 974 1933 1.
992 1893 1023 1946 p.
1042 1877 1105 1932 lbi.
1125 1907 1155 1918 -
1178 1878 1326 1941 plerumque
1342 1885 1386 1924 ne-

180 1943 358 2002 dicamins'bus
375 1943 547 1996 interstincta
564 1945 663 2010 iacies,
682 1945 784 2000 multis
804 1963 852 2000 sm
873 1945 971 2000 lsstris
990 1954 1077 2000 tecte.
1098 1945 1143 2000 Cf.
1157 1943 1287 1999 lurensi.
1306 1945 1330 2008 li,
1346 1943 1386 1995 tlt

161 2031 223 2086 seq.
262 2013 391 2068 Galenus
410 2015 446 2069 de
465 2030 591 2086 compos.
611 2015 762 2072 medicam.
782 2018 810 2082 ὅ,
831 1965 874 2074 ll),
903 2016 1037 2088 pastillos
1054 2017 1215 2088 unciasque
1235 2023 1295 2069 tres
1311 2015 1387 2066 bieco·

180 2087 236 2150 nii,
264 2085 405 2140 sluminis
424 2087 487 2140 lissi
506 2095 537 2140 et
553 2089 665 2141 scscise
682 2088 857 2158 praescribit
879 2085 950 2158 πρὸς
974 2087 1094 2158 lpmpsus'
1116 2085 1247 2153 Tiberii3
1272 2085 1344 2139 Brut.
1360 2113 1385 2124 -

180 2157 274 2212 illudi
290 2165 402 2220 secreto,
427 2175 550 2224 secessu,
578 2159 613 2214 de
632 2175 689 2229 quo
707 2174 737 2211 v.
757 2159 793 2213 sd
810 2165 837 2226 1,
856 2161 884 2226 4,
902 2161 930 2218 b·
967 2159 1077 2214 libcds'a
1095 2176 1134 2226 s.,
1153 2167 1187 2212 nt
1204 2175 1232 2212 c.
1251 2159 1308 2224 15,
1324 2153 1385 2209 coni.

180 2228 280 2286 lieins.
300 2261 334 2272 -
353 2230 499 2282 recondere
516 2229 677 2298 uoluptates,
696 2229 812 2284 occulto
831 2232 869 2284 iis
888 2230 1061 2310 indulgere3
1087 2229 1154 2288 nm.

252 2303 278 2357 3.
301 2301 433 2355 l‘rods'tur
456 2301 537 2354 etiam
563 2301 658 2356 matris
675 2301 777 2354 Liviae
800 2301 960 2370 impotentia
987 2309 1121 2356 extrusum
1145 2301 1208 2356 soil.
1231 2319 1297 2356 eum
1312 2299 1386 2352 inisse

180 2369 270 2439 Urbe,
288 2372 451 2444 impulsum
470 2371 507 2426 sd
520 2373 612 2426 vitam
629 2371 735 2444 procul
752 2371 844 2426 lioma
862 2373 1031 2452 degendum.
1052 2374 1096 2427 cf.
1116 2372 1181 2428 lnd.
1201 2373 1257 2430 111.
1276 2391 1303 2427 v.
1315 2371 1386 2451 Acco

178 2443 266 2496 sativi
283 2458 343 2496 cum
359 2443 508 2510 Infinitias's
524 2461 554 2496 n.
574 2448 599 2500 4.
619 2445 716 2528 metris
733 2443 900 2527 impotentia,
927 2445 1017 2500 abusu
1040 2445 1196 2528 potentiae.
1215 2452 1247 2498 et
1264 2439 1386 2516 regnsnds

181 2515 512 2709 titillanti&
530 2515 829 2642 ttlzlsttttlt
842 2515 1388 2660 2;,t20::{‘ttltl'tlt⁰;tzll

181 2657 253 2712 indu
266 2675 339 2734 gens
366 2658 426 2712 iuri
450 2666 585 2712 materno
610 2659 642 2710 in
660 2657 767 2712 liberos
785 2667 815 2712 et
832 2659 863 2713 id
882 2657 1041 2714 extendens
1061 2659 1140 2730 quod
1156 2657 1265 2714 Romae
1281 2669 1387 2730 parrum

180 2737 232 2783 sut
249 2727 367 2782 nullum
386 2732 459 2796 eret,
486 2729 537 2782 ssd
560 2728 717 2806 indulgens
741 2731 845 2802 στοργῇ
862 2737 892 2785 et
910 2729 1006 2804 studio
1024 2731 1173 2801 potentiae
1192 2729 1262 2796 lilii,
1286 2727 1331 2782 oui
1350 2724 1388 2778 sd-

180 2817 285 2854 sersus
304 2799 422 2854 domum
440 2800 541 2854 meriti
559 2807 590 2854 et
607 2799 745 2854 adversus
764 2817 829 2856 rem
846 2799 994 2872 publicem
1013 2810 1043 2856 et
1060 2801 1200 2855 adversus
1213 2809 1344 2872 nepotem
1359 2813 1387 2850 er

181 2869 359 2926 modestiore
376 2871 440 2924 filio
459 2871 541 2926 omni
558 2871 634 2926 bono
653 2870 789 2944 iustoque
807 2871 893 2926 modo
911 2873 988 2926 iavit
1010 2889 1045 2928 so
1061 2873 1197 2939 servivit,
1225 2889 1339 2945 prorsus
1354 2865 1384 2920 it

224 2980 230 2996 .
249 2948 276 3009 1,
296 2945 342 3008 to,
360 2941 459 3008 grauis
476 2943 507 2996 s'n
523 2959 577 2996 rens
593 2943 726 3012 poblicum
744 2951 839 3008 mater,
864 2945 965 3010 grauis
991 2945 1079 2998 domui
1099 2943 1247 2998 Caesarum
1264 2936 1386 2995 noumsal‘

228 3031 276 3068 mo
293 3014 423 3081 inpotens
439 3030 499 3068 non
518 3022 562 3068 est
579 3022 694 3068 tentum
718 3015 770 3086 qui
794 3017 837 3068 nil
859 3022 960 3083 potest,
990 3015 1136 3082 intinnus,
1163 3015 1325 3080 invalidus,
1347 3008 1387 3064 sed

183 3088 272 3141 etism
291 3085 342 3156 qui
360 3087 415 3150 irs,
432 3085 562 3140 vindicte
580 3085 704 3158 aliisque
722 3087 884 3152 affectibus,
902 3087 1041 3159 inprimis
1060 3107 1093 3141 sn
1116 3085 1196 3142 erbis
1212 3095 1243 3140 et
1259 3081 1385 3158 potentiae

182 3157 331 3230 cupidine,
351 3157 489 3212 incitatus
508 3159 555 3212 sui
571 3174 624 3210 nass
639 3165 734 3226 potens
751 3165 797 3213 est
815 3167 844 3212 et
870 3157 926 3211 sibi
945 3159 1009 3282 ipse
1026 3157 1084 3213 bau
1123 3164 1261 3230 imperet,
1286 3155 1332 3226 qui
1346 3165 1386 3224 pt·

182 3230 277 3286 tentis
304 3229 435 3283 abutitur
460 3231 579 3298 eiusque
606 3229 725 3283 modurn
750 3229 864 3284 excedit
882 3229 959 3284 otl'en
980 3247 1030 3284 ens
1049 3230 1121 3284 elios
1140 3246 1173 3282 sc
1191 3229 1316 3283 laedens.
1348 3221 1384 3275 Cf·

182 3301 247 3356 lnd.
267 3299 305 3354 11.
323 3317 352 3352 r.
372 3299 503 3366 impotens
520 3308 550 3354 et
571 3299 739 3369 impotentia,
768 3301 832 3356 biv.
851 3303 879 3366 ³,
897 3303 942 3358 36.
961 3303 988 3369 5,
1007 3305 1053 3358 37.
1074 3304 1100 3367 7,
1125 3305 1169 3358 ³9.
1195 3303 1240 3356 el.
1260 3301 1287 3364 8,
1312 3298 1334 3352 5.
1350 3295 1384 3350 ld·

183 3371 221 3428 sl.
242 3369 354 3427 Giinth.
373 3371 409 3425 ed
426 3372 499 3442 Nep.
519 3371 587 3442 lays.
613 3376 639 3438 1,
658 3377 684 3429 t.
720 3371 764 3426 De
786 3370 843 3426 hec
865 3371 965 3428 Liviae
987 3371 1147 3440 impotentia
1177 3389 1206 3428 v.
1233 3371 1296 3424 locs
1318 3367 1384 3420 clsst.

182 3440 287 3496 Dionis
305 3445 350 3506 57,
370 3445 413 3498 12.
434 3451 464 3496 ct
482 3439 561 3496 Suet.
580 3439 646 3500 Tib.
667 3461 692 3498 o.
711 3446 755 3499 blt.
775 3445 820 3500 ot.
848 3443 952 3514 quibus
970 3443 1058 3516 plene
1081 3443 1182 3498 eadem
1201 3441 1350 3496 traduntur
1364 3441 1386 3488 et

182 3521 300 3586 praeter
318 3513 375 3567 slis
394 3515 483 3568 etism
500 3511 586 3568 haec:
605 3514 725 3568 Matrem
743 3514 850 3568 Liuium
871 3523 1007 3580 monotes
1031 3514 1103 3568 uelut
1119 3522 1214 3582 portes
1235 3513 1291 3566 sibi
1305 3519 1386 3586 oeqsut

181 3585 319 3654 potentiae
336 3583 525 3637 uindicantem.
545 3617 577 3628 -
596 3585 653 3638 Illo
671 3591 796 3639 commotu
813 3592 918 3640 ueteres
934 3585 1060 3655 quasdam
1078 3585 1117 3638 ud
1138 3601 1168 3639 se
1185 3583 1306 3650 Augusti
1327 3577 1385 3631 cols·

182 3657 265 3711 eilias
283 3656 316 3708 de
333 3655 486 3710 acerbitate
504 3663 531 3708 el
547 3657 726 3710 intolerantia
743 3673 842 3710 morum
865 3657 926 3710 eius
949 3657 1109 3710 esaeroria
1129 3657 1243 3724 protulit
1265 3661 1339 3722 atque
1353 3663 1386 3701 re·

182 3728 292 3784 citavit.
329 3726 389 3780 llos
407 3733 434 3780 et
452 3728 601 3782 custoditos
619 3729 721 3781 tamdiu
744 3734 774 3781 et
791 3729 968 3796 exprobratos
995 3735 1049 3782 tum
1070 3727 1170 3794 infeste
1194 3727 1262 3779 adeo
1279 3721 1387 3790 graviter

183 3801 257 3868 tulit,
275 3804 306 3852 ut
322 3798 429 3867 quidm
446 3805 547 3866 putent,
566 3798 640 3851 inter
658 3813 755 3852 causas
772 3813 893 3852 secessus
914 3799 985 3853 bano
1012 3798 1039 3852 ei
1055 3799 1100 3852 oel
1122 3799 1291 3868 praecipuam
1308 3793 1386 3860 fusse·
1419 3859 1420 3868 ἵ

181 3870 228 3926 Ad
247 3869 366 3926 eandem
385 3871 485 3924 Liviae
503 3871 706 3941 impotentiam
724 3878 857 3942 spectent
874 3869 970 3926 Taciti
993 3870 1081 3926 verbs
1106 3888 1185 3942 seqq.
1213 3901 1243 3914 -
1269 3865 1387 3934 depellere

182 3959 201 3996 s
219 3941 425 3996 dominationis
444 3942 590 3997 societate.
610 3975 644 3986 -
664 3943 836 3996 dubitaverat
854 3945 1006 4010 Augustus,
1023 3959 1052 3996 r.
1071 3941 1109 3996 sd
1126 3946 1154 4004 t,
1171 3943 1215 4004 to,
1233 3941 1260 3996 3.
1288 3965 1319 3978 ·-
1334 3949 1386 4003 W·

182 4013 262 4067 cibus
278 4014 374 4067 uxoris
392 4013 503 4080 motus,
529 4031 557 4070 v.
583 4013 672 4068 sdll.
691 4015 785 4081 1,(14,
803 4015 830 4068 li·
849 4017 876 4080 ³,
896 4017 940 4077 tt,
958 4017 985 4074 4.
1014 4047 1046 4060 -
1076 4013 1188 4068 Tiberia
1212 4007 1385 4067 Gonnum,

182 4083 239 4138 sibi
260 4085 394 4139 liberium
413 4083 523 4150 asciuit,
540 4103 569 4142 v.
589 4085 626 4138 sd
643 4091 670 4152 1,
688 4087 716 4151 ³,
736 4085 762 4138 'l-
781 4115 815 4127 -
832 4083 913 4154 idque
930 4085 1103 4141 beneficium
1113 4086 1240 4149 Augusta
1258 4079 1387 4148 exprobro·

183 4155 231 4207 bat
248 4163 277 4209 et
296 4154 335 4220 (r.
355 4155 418 4208 ind.
436 4155 492 4209 111.
509 4175 539 4212 v.
558 4155 712 4225 Asyndeta)
729 4156 896 4224 reposcebat,
914 4157 976 4212 sius
994 4157 1123 4235 gretiam
1142 4155 1196 4210 sibi
1219 4152 1323 4208 referri
1345 4163 1386 4200 va·

183 4223 263 4278 lebet
280 4233 310 4279 et
328 4225 387 4281 tsle
404 4226 488 4280 reddi
505 4229 643 4282 societate
661 4227 871 4282 dominstionis
889 4243 1035 4282 concesse.
1073 4225 1234 4294 „Getes-um
1250 4221 1386 4278 nummu

155 4363 158 4371 ι
184 4291 257 4349 sliss
275 4311 402 4351 secessus
422 4313 521 4354 osusss
539 4299 659 4354 subiicit
681 4305 713 4353 et
728 4295 953 4370 probsbiliorss,
975 4299 1040 4357 soil.
1066 4297 1145 4372 quod
1169 4297 1301 4354 crederet
1315 4291 1387 4346 'libr
