2774 4784
293 199 350 264 nn
371 196 486 263 111111
507 196 743 264 6111161111.
785 197 803 282 t
836 193 913 263 nv.
1128 199 1200 256 nxv
1330 242 1336 256 .

44 391 107 460 poe
132 379 166 440 tu
195 368 321 442 inter
350 391 540 443 nemora
577 383 623 442 et
663 367 796 442 lucos
826 365 1202 446 commodissime

42 463 139 566 perplui
162 481 295 570 putam·
332 479 456 540 auctor
489 493 578 542 vero
613 468 749 564 dialogi
775 491 854 564 cup.
888 470 912 544 9
946 481 1035 548 extr.
1064 467 1203 546 Adiice

42 563 245 668 palponis,
269 569 304 642 ti
327 563 432 642 modo
451 565 603 664 dignum
619 564 765 664 aliquid
784 561 981 642 elaborare
999 583 1036 642 et
1053 567 1205 666 efficere

42 661 131 754 edint,
160 665 390 764 relinquenda
423 667 658 742 conuersatio
693 667 887 741 amicarum
921 681 957 740 et
991 667 1204 744 iucunditas

41 762 122 854 erlis,
152 762 347 842 merenda
378 783 505 841 cetero
543 767 685 864 officio,
726 781 838 862 utque
871 767 949 870 ipsi
982 765 1122 860 dicunt,
1157 771 1205 844 in

41 885 176 938 nemora
212 881 257 938 et
299 865 434 941 lucae
472 865 516 941 id
545 881 604 940 eet
638 868 677 940 in
702 864 935 940 solitudinem
969 865 1207 942 recedendum

42 975 85 1050 ut,
104 974 134 1035 et
153 991 223 1060 cap.
253 967 298 1040 12
321 991 375 1063 pr.
427 965 633 1041 Nemora
655 991 743 1039 vero
769 981 813 1040 et
846 963 941 1040 luci
966 979 1003 1040 et
1028 983 1208 1042 secretum

41 1061 131 1232 lm,
153 1063 244 1160 qnod
266 1070 377 1170 Aper
402 1065 639 1169 increpabat,
665 1079 807 1139 tentam
840 1063 928 1141 mili
956 1067 1121 1164 offerunt
1145 1091 1207 1142 oo-

62 1175 184 1260 ptolen,
215 1179 257 1238 ut
281 1167 382 1240 inter
409 1166 643 1270 praecipuos
677 1166 874 1240 caminum
904 1167 1053 1262 fructur
1089 1191 1208 1241 nume-

40 1283 95 1352 rm,
120 1261 208 1357 quod
230 1289 296 1340 nec
323 1267 364 1340 in
389 1267 555 1369 strepitu
579 1309 630 1322 -
663 1279 939 1367 componuntur,
972 1265 1043 1342 sed
1065 1265 1208 1342 secedit

39 1363 137 1432 armus
158 1365 195 1438 in
217 1363 302 1440 loco
323 1389 427 1468 puro
451 1380 563 1460 atque
588 1365 798 1440 innocentia
822 1365 1034 1462 fruiturque
1058 1365 1209 1442 cedibus

38 1461 131 1536 sacru.
179 1467 385 1562 Iunguntur
415 1466 568 1562 quidem
600 1489 750 1540 nemora
781 1476 818 1538 et
848 1464 923 1540 leci
955 1469 1066 1539 etiarn
1101 1468 1147 1540 G.
1173 1467 1209 1544 9.

41 1561 141 1638 1145.
164 1576 271 1661 etque
310 1567 442 1638 endem
472 1567 653 1638 sententie
685 1566 732 1636 eb
767 1564 850 1636 aliis
883 1589 1030 1662 quoqne
1068 1567 1212 1663 prolatu

37 1669 107 1732 estet
124 1687 296 1760 expressa,
317 1665 383 1738 sed
396 1690 418 1736 s
430 1666 651 1756 Tacito„cni
664 1688 747 1736 eam
763 1663 908 1737 Plinius
926 1667 1067 1756 tribuit,
1088 1669 1211 1762 singu-

38 1757 80 1830 lui
98 1763 129 1834 ri
149 1789 267 1862 neque
299 1763 372 1836 alio
407 1763 602 1854 librorum,
638 1767 702 1860 qul
735 1775 944 1860 supersunt,
978 1765 1060 1838 loco
1099 1789 1211 1862 quum

37 1859 189 1959 indulogi
213 1889 294 1960 cap.
318 1865 352 1939 9.
375 1875 412 1936 el
440 1865 495 1938 12.
547 1865 674 1960 Neque
699 1865 872 1936 audiendi
897 1875 983 1937 sunt
1011 1864 1214 1938 Calenaeus

37 1957 140 2054 illique,
171 1967 236 2061 qui
269 1963 376 2036 illum
409 1965 604 2060 epistolum
637 1987 714 2035 non
741 1961 856 2034 Plinii
890 1966 957 2036 sed
982 1965 1101 2038 Taciti
1134 1989 1213 2036 esse

36 2063 217 2136 contendunt
239 2064 497 2159 respondentis
522 2065 572 2136 nd'
600 2065 767 2158 priorem
797 2061 900 2135 illiue
931 2064 962 2155 1,
988 2062 1022 2136 6.
1050 2075 1087 2136 et
1111 2087 1215 2160 pree-

37 2162 114 2251 ceptis
142 2165 218 2234 eiue
263 2164 510 2257 obsequentis.
570 2163 692 2244 Quam
727 2164 942 2257 opinionem
980 2187 1100 2258 nuper
1131 2187 1216 2260 pro-

35 2263 167 2350 pugnavit
190 2261 429 2334 Guttneunus
455 2262 517 2334 his
549 2263 690 2335 verbis:
725 2263 974 2358 „Quicunque
999 2261 1125 2358 Plinii¹
1141 2264 1216 2358 epi-

35 2357 110 2430 111111
134 2361 163 2451 l,
178 2359 213 2435 6.
242 2371 280 2434 et
304 2361 340 2451 9,
375 2361 431 2434 10.
457 2361 554 2456 leget
576 2363 792 2434 nominibus
817 2385 892 2434 non
917 2363 1116 2458 inscriptis,
1142 2364 1217 2434 duo

34 2470 88 2529 11111
106 2463 245 2558 inquiet
270 2463 333 2556 qui
360 2460 580 2534 alteralteri
603 2463 837 2556 respondent.
889 2461 958 2534 Ille
984 2463 1217 2534 venationem

35 2563 238 2652 numenoio,
264 2561 328 2634 hic
353 2560 552 2633 consilium
570 2563 706 2651 reiicit,
732 2560 796 2632 ille
822 2561 966 2632 scribit:
993 2562 1218 2662 experierie,

34 2677 77 2726 ton
102 2657 258 2735 Dianam
289 2661 412 2756 mages
448 2657 631 2736 montibus
658 2683 763 2756 ptam
790 2657 1002 2734 Mineruam
1034 2663 1219 2753 inerrare,

34 2751 72 2824 hio
101 2761 218 2832 refert:
258 2757 458 2834 Mineruae
493 2774 632 2834 tontum
664 2756 902 2834 seruiendum
934 2773 1003 2832 eet.
1056 2759 1222 2858 Scriptor

34 2860 202 2944 posterioris
241 2859 429 2954 epistolae,
456 2861 541 2951 Ate,
575 2861 708 2956 inquit,
742 2857 953 2934 Mineruam
987 2873 1025 2934 et
1059 2859 1222 2934 Dianam

30 2956 146 3052 pariter
169 2955 347 3032 colendos
373 2981 452 3032 esee
460 2985 478 3042 ,·
509 2962 550 3030 in
574 2961 696 3056 priore
722 2969 846 3032 nutem
872 2961 962 3030 haec
987 2959 1083 3032 dicta
1107 2971 1221 3051 erent,

33 3077 206 3154 quanquam
233 3071 310 3130 uon'
334 3059 471 3130 iisdem
495 3061 628 3131 verbis.
679 3061 807 3155 ltaque
839 3061 906 3154 qui
931 3059 1068 3149 credes,
1105 3069 1221 3130 utras-

33 3175 78 3244 que
96 3156 214 3232 literne
240 3159 287 3230 eb
313 3159 446 3230 eodem
483 3160 528 3230 ed
565 3159 726 3231 eundem
752 3183 830 3238 6666
856 3158 1033 3254 scriptusl
1071 3157 1221 3230 Etenim

33 3251 99 3326 ilem
133 3261 297 3330 dicerent
327 3281 368 3328 nc
400 3280 494 3353 qnae
535 3279 605 3355 ego
641 3253 724 3330 diui
760 3271 801 3328 tn
834 3255 981 3349 dixisti,
1015 3267 1124 3354 etque
1150 3261 1223 3330 sibi

33 3359 270 3448 responderent,
315 3368 358 3430 nt
390 3357 512 3430 cuculi
546 3357 684 3430 cuculle
724 3356 854 3430 solent.
922 3358 993 3432 Vel
1032 3359 1222 3454 quomodo

32 3449 140 3526 Plinius
163 3459 296 3532 Tacito
322 3459 481 3530 scribere
505 3460 628 3552 potuit
664 3457 776 3560 cupio
803 3457 1025 3559 praeceptis
1051 3457 1127 3531 tuis
1145 3481 1223 3576 po-

33 3569 88 3626 tere
107 3557 182 3630 scil.
210 3559 446 3628 venationem
471 3581 558 3630 cum
584 3558 717 3629 studiis
740 3559 974 3652 coniungere,
1001 3581 1117 3652 quum
1142 3581 1224 3654 1pse

34 3655 120 3738 priore
143 3655 305 3754 epistole
329 3657 447 3728 emico
473 3657 576 3730 idem
600 3657 867 3753 praecepisset‘l
896 3655 1085 3738 Quaenam
1111 3681 1223 3753 porro

34 3761 66 3820 11
84 3755 146 3828 isle
179 3765 365 3859 aprorum
386 3757 541 3848 mentio,
566 3781 726 3854 quornm
746 3756 860 3828 modo
882 3756 1117 3847 abundantia,
1144 3781 1223 3828 mo-

35 3845 63 3917 11
81 3859 228 3946 penuria
253 3865 319 3944 est,
347 3857 379 3926 ei
403 3880 531 3952 ponas,
557 3856 716 3928 eundem
737 3879 816 3927 esse
841 3857 1031 3951 utriusque
1051 3855 1225 3952 epistolae

35 3957 209 4028 aurnrem‘l
258 3953 346 4028 Huc
371 3957 520 4045 accedit,
556 3955 657 4050 quod
681 3955 826 4028 Plinius
861 3957 1064 4028 venationis
1098 3981 1225 4028 unane
1365 3953 1367 3966 '

36 4061 91 4138 111,
113 4057 160 4140 (r.
188 4080 246 4150 ep.
273 4055 310 4144 5,
336 4053 371 4127 6.
399 4055 434 4145 9,
449 4055 518 4129 16.
547 4053 622 4142 36.)
649 4066 686 4127 et
711 4057 867 4150 scriptor
900 4055 1113 4151 posterioris
1148 4056 1225 4152 epi-

36 4149 114 4223 une
137 4155 174 4228 ei
199 4179 274 4226 non
301 4153 456 4246 favebat,
483 4156 656 4252 quodque
681 4153 743 4226 hic
761 4155 850 4226 dicit
875 4179 914 4228 ee
930 4151 1096 4229 uehiculo
1114 4179 1225 4228 usum

39 4255 300 4432 Ἕᾳτιίτυᾛη
326 4251 456 4326 villam
481 4255 610 4344 abiret,
636 4254 780 4327 Plinius
805 4258 929 4328 ¹nutem
956 4255 991 4412 ἓ,
1010 4251 1068 4328 36.
1097 4255 1143 4326 116
1169 4279 1224 4326 se:
