2872 4792
171 221 315 288 cirur
335 222 679 304 uxxuff-uxmu
702 222 808 306 (uu.
826 223 901 291 as.
922 175 1012 290 uc.
1026 224 1093 318 19.)
1172 173 1236 298 aar

31 397 103 443 rent.-
120 408 191 445 nam
207 393 272 458 fata
288 391 428 448 dicuutur
444 391 543 447 ornan
567 399 685 448 exterm
710 385 856 459 bominis3
873 393 950 446 Ern-
983 389 1033 462 qui
1057 391 1090 446 ol
1114 393 1236 456 tonnam

31 463 96 518 coni.
113 461 221 516 Dones.
241 473 270 518 et
287 463 352 518 Urs.
370 463 507 516 Rectius:
527 463 577 532 qui
594 459 692 530 (anri)
709 465 839 530 sommas,
857 471 987 528 aetatem,
1012 481 1041 530 g.
1056 480 1094 514 m.
1114 464 1236 518 Germa-

31 535 119 586 nicum
129 535 322 604 adaequarent
341 533 503 586 Alexandri
513 534 596 600 fatis,
614 535 795 588 Alexandro:
820 535 1065 599 aemunetatis
1083 534 1145 587 dari
1164 537 1234 588 satis

30 613 100 658 recte
118 606 265 672 dicimus3
288 604 392 660 Welst.
413 604 577 660 Alexander
595 606 670 659 obiit
685 605 840 675 Babylone,
860 606 1049 660 Germanicus
1063 605 1236 660 Antiochiae

31 675 56 726 in
73 675 170 746 Syria,
190 687 219 731 et
236 677 286 732 hic
303 678 425 742 XXXIV,
445 677 497 731 ille
514 677 616 732 XXXII
641 693 730 730 anuos
760 684 789 729 et
812 676 923 748 aliquot
947 693 1059 730 menses
1084 684 1179 730 uatus.
1197 696 1233 731 ,v-

30 745 99 799 Suet.
121 747 183 804 cal
203 752 231 804 2.
256 748 373 804 Arrian.
393 753 419 812 7,
437 751 482 814 28,
502 752 527 804 1.
547 749 627 802 Cora.
647 750 714 800 fast.
733 748 794 800 Ate.
814 746 848 798 Τ.
868 749 915 804 1V.
964 784 970 798 .
990 749 1025 802 50
1045 766 1057 800 s
1081 789 1087 804 .
1126 776 1158 786 -
1185 749 1235 802 sed

29 815 90 870 lunc
115 822 215 874 recitem
238 837 310 889 erga
333 819 438 872 amicos
466 827 521 872 cet.
559 818 625 872 Atia
650 819 746 872 omnia
773 818 808 872 cle
826 765 989 872 Alexandra
1016 766 1180 874 traduntur.
1200 839 1234 860 -·-

28 890 161 944 modicum
180 890 362 960 uoluptatum,
387 890 492 943 cilnd.
510 891 548 946 11.
577 909 604 944 v.
623 889 757 942 Modicus
777 898 805 943 et
822 890 884 946 lud.
904 889 956 946 111.
975 908 1003 942 v.
1023 889 1172 942 Adiectiua
1190 907 1235 944 re·

28 963 109 1014 latina
129 963 273 1018 Genitr'uis
291 963 393 1016 obiecti
410 961 517 1016 iuncta.
538 962 677 1017 -certis
696 961 808 1030 liberis,
827 977 885 1014 non
903 959 1085 1014 adulterinis.
1106 960 1151 1013 cf.
1171 955 1246 1016 lud.'

28 1034 74 1089 lll.
91 1053 123 1087 v.
145 1035 269 1103 Ellipsie
285 1035 364 1090 uerbi
381 1035 468 1086 subet.
488 1034 521 1086 iu
537 1031 645 1086 Partis.
665 1065 698 1076 -
718 1033 821 1100 egisse,
839 1050 868 1084 r.
887 1031 923 1084 ad
940 1033 1058 1097 1‚68,1.
1079 1059 1111 1070 -
1122 1031 1236 1084 etianni

28 1109 170 1160 temeritas
188 1107 347 1160 Alexandri
365 1104 487 1171 abfuerit
506 1103 535 1158 ei
550 1104 787 1173 praepeditusque
805 1103 845 1156 eit
867 1129 897 1142 ·—
907 1119 1047 1171 premere,
1066 1123 1096 1155 r.
1116 1107 1233 1174 cap-26.

27 1183 65 1232 tl.
92 1189 123 1233 et
143 1179 179 1232 ad
197 1178 234 1232 G.
252 1180 298 1234 3⁷.
323 1197 352 1234 n.
371 1180 415 1233 16.
435 1209 468 1220 -
487 1175 588 1246 medei
605 1177 683 1230 solus
696 1175 808 1230 arbiter
825 1190 921 1228 rerum
938 1182 992 1230 cet.
1012 1182 1046 1228 ut
1063 1174 1235 1228 Alexander.

28 1250 68 1302 Cl.
85 1252 153 1304 hir.
173 1253 201 1316 9,
221 1253 263 1306 18.
284 1258 374 1315 extr.;
394 1248 481 1302 Gran.
506 1277 511 1286 ·

88 1325 116 1378 2.
145 1322 176 1375 in
199 1323 265 1388 soro
282 1317 524 1385 Antiochensium,
549 1318 599 1388 qui
617 1319 694 1374 locus
718 1319 879 1388 sepulturae
904 1317 1114 1383 destinabatur,
1139 1317 1188 1386 „i.
1209 1335 1234 1372 e·

27 1394 176 1448 emmando
196 1393 331 1462 corpori:
350 1409 418 1443 nam
436 1391 548 1443 cineres
566 1390 671 1444 Romae
690 1391 810 1443 conditi.
830 1409 859 1444 r.
875 1393 939 1456 3,1.
956 1394 984 1445 4.
1022 1388 1070 1442 Sic
1094 1389 1147 1441 alii
1165 1391 1236 1458 qim-

26 1463 504 1590 affluentel
517 1461 678 1586 trit
699 1461 803 1588 uu
831 1454 1238 1589 elendune

27 1608 116 1678 sispp.
139 1580 255 1670 susis,
273 1552 420 1662 asilus.
440 1569 533 1670 sini,
557 1607 599 1660 io.
620 1611 649 1657 et
673 1604 751 1658 eun.
778 1575 862 1658 nim.
889 1551 933 1658 ii.
969 1569 1080 1673 ,sepis
1103 1569 1237 1672 aiseium

27 1679 121 1734 eodem
139 1680 171 1732 in
189 1677 265 1744 mco,
283 1677 335 1730 ubi
353 1693 460 1748 corpus
475 1676 667 1740 ‘cremabatum
687 1675 847 1729 etvcineres
867 1675 952 1728 condi
972 1675 1102 1729 solebant
1125 1691 1237 1726 crerna·

27 1750 184 1822 mutusque
203 1765 325 1820 corpora
343 1747 409 1801 sede
427 1748 576 1800 destinata
596 1760 625 1799 r.
645 1752 671 1814 1,
689 1749 715 1804 8.
753 1747 832 1806 Ηὶηο,
853 1746 1000 1814 sepultura
1028 1753 1057 1798 et
1076 1745 1237 1816 combustio

27 1829 52 1872 et
67 1823 202 1874 cinerum
221 1819 384 1874 collocatio.
422 1818 589 1872 Germanici
608 1825 705 1872 tamen
724 1819 837 1871 cineres
853 1817 958 1870 Romae
979 1824 1046 1870 sunt
1064 1815 1186 1869 conditi.
1206 1833 1235 1868 v.

25 1895 48 1952 3,
66 1897 89 1948 1.
110 1897 138 1947 t.
176 1891 268 1957 Quare
286 1891 432 1959 sepultura
450 1889 500 1942 hie
517 1897 630 1942 tantum
651 1891 685 1943 de
703 1905 825 1960 corpore
844 1887 997 1941 cremando
1024 1886 1236 1957 accipiendum.

26 1961 168 2016 Similiter
186 1963 311 2031 sepultus
330 1965 375 2024 13,
395 1957 436 2016 1'7.
457 1961 494 2012 id.
515 1959 561 2030 qd.
580 1961 755 2016 combustus.
792 1961 894 2030 Neque
913 1968 1010 2012 tamen
1028 1957 1123 2010 deluit
1141 1956 1237 2026 sepul-

25 2050 102 2086 crum
128 2033 300 2087 Germanici
325 2031 500 2086 Antiochiae
524 2040 712 2085 exstructum.
742 2049 769 2084 v.
795 2033 850 2083 int.
876 2049 902 2084 c.
922 2029 988 2086 83ss
1015 2027 1121 2081 Walrt.
1159 2029 1237 2080 llinc

24 2107 168 2172 sepultura
185 2105 215 2158 h.
226 2105 247 2156 1.
266 2105 366 2175 potius
386 2103 562 2174 sepulcrum,
581 2098 748 2173 savarduum
764 2103 797 2156 in
814 2105 879 2171 foro
893 2097 1026 2154 Antiocll.
1047 2101 1123 2170 quod
1135 2098 1238 2170 quenti

24 2177 70 2240 sit,
88 2179 232 2230 Meursius
250 2176 285 2228 de
302 2177 365 2228 tun.
394 2193 418 2232 c.
437 2177 481 2230 a.
507 2174 791 2241 docet31ac.Gron.
813 2172 974 2228 -diverei
1000 2171 1237 2240 interpretantur,

22 2245 145 2316 diverse,
165 2247 217 2301 alii
235 2247 331 2300 aliter.
350 2246 580 2316 interpretantur
597 2245 872 2316 (interpraetentur)
890 2243 947 2300 MS.
966 2245 1048 2308 bene,
1073 2243 1153 2312 quasi
1172 2257 1238 2294 rem

22 2327 202 2386 praesentem
219 2335 299 2371 nunc
318 2325 458 2371 statueret
476 2319 507 2370 in
527 2319 582 2370 ista
600 2319 689 2385 urbe,
708 2317 766 2370 luc.
779 2319 864 2372 Gran.
896 2319 1003 2370 Noster
1020 2313 1093 2367 haec
1110 2311 1203 2367 refert
1221 2328 1238 2366 e

23 2391 212 2462 scriptoribus
232 2389 314 2442 illius
333 2391 444 2454 aetatis,
465 2389 515 2459 qui
535 2405 597 2441 eam
616 2407 680 2443 rem
700 2389 840 2466 tetigere3
872 2384 980 2443 Wattle.
1009 2381 1236 2454 interpretaban-

22 2467 67 2514 tur
85 2463 149 2518 edd.
168 2477 260 2532 paene
278 2477 388 2513 omnes.
415 2461 608 2528 „Germanici
631 2461 763 2532 partibus
787 2461 895 2514 addicti
921 2475 986 2512 eum
1012 2473 1125 2512 veneno
1144 2458 1237 2510 inter·

23 2531 87 2586 iisse
105 2533 256 2598 dicebaut3
282 2533 404 2596 Pisanis,
435 2550 500 2586 eum
519 2532 650 2585 cardiaco
669 2533 769 2586 morbo
797 2539 953 2586 mortuum.
982 2548 1009 2582 r.
1031 2529 1105 2588 Plin.
1127 2529 1235 2595 11,37.

21 2620 41 2658 e.
61 2609 105 2676 ll.
144 2604 277 2672 Negatur
294 2603 418 2656 cressiani
442 2617 594 2672 possesor
612 2605 644 2656 in
667 2603 719 2670 iis,
745 2603 794 2674 qui
821 2602 955 2657 cardiaco
980 2601 1076 2654 morbo
1095 2599 1235 2655 obierint.-

21 2683 143 2742 negatur
167 2681 194 2727 et
220 2689 323 2730 ueneno
347 2675 537 2743 interemptis.
575 2673 664 2728 Certe*
686 2682 779 2730 exstat
804 2675 899 2744 oratip
926 2671 1050 2739 Vitellii,
1079 2689 1133 2744 qua
1157 2688 1237 2724 reum

22 2745 151 2801 lironem
168 2746 231 2800 aas
252 2747 370 2802 sceleris
394 2746 539 2815 coarguit,
566 2743 617 2800 loc
642 2763 711 2801 usus
738 2745 1075 2815 arguerentopalaneque
1103 2750 1234 2810 testatus,

21 2834 74 2872 non
90 2820 219 2888 potuisse
237 2821 271 2877 ob
288 2835 420 2882 uenenum
437 2835 488 2872 cor
506 2818 668 2873 Germanici
686 2818 823 2874 Caesar-ur
841 2815 973 2872 cremari.
1007 2817 1116 2872 Contra
1132 2831 1236 2886 genae

21 2891 111 2946 raorbi
129 2891 319 2962 defensasset
337 2890 539 2948 Piso.“Brot.
561 2889 605 2944 Cf.
624 2895 651 2958 1,
671 2892 713 2948 to.
733 2893 760 2957 2,
779 2892 822 2948 74.
842 2888 919 2945 Suet
939 2887 999 2942 Gal.
1019 2892 1044 2948 l.

426 3045 531 3100 OAP
550 3043 620 3098 UT
681 3043 843 3097 LXXIV.

103 3151 333 3218 Consultatum
359 3153 437 3216 inde
467 3157 558 3216 inter
578 3151 704 3237 legatos
727 3153 847 3235 quique
869 3151 926 3210 alii
947 3157 1138 3212 senatorum
1159 3147 1234 3212 ade-

21 3247 115 3315 rant,
154 3241 305 3319 quisnam
338 3236 456 3317 Syriae
485 3235 734 3319 praeficeretur,
771 3241 805 3295 et
838 3233 958 3296 ceteris
993 3229 1122 3293 modice
1153 3233 1234 3292 nisis

21 3321 111 3382 inter
135 3321 276 3384 Vibium
304 3320 454 3383 illorsum
488 3327 522 3381 et
548 3317 607 3380 Cu.
639 3317 791 3379 Sentium
826 3314 884 3378 diu
917 3317 1119 3398 quaesitum,
1158 3313 1233 3375 dein

20 3401 155 3467 Marem
176 3405 302 3466 seniori
324 3411 358 3465 et
385 3405 494 3465 acrius
524 3399 676 3464 tendenti
697 3399 811 3462 Sentio
839 3401 1010 3461 concessit.
1056 3399 1154 3480 Isque
1183 3399 1233 3458 iu-

21 3488 140 3548 iamem
160 3487 330 3550 ueneficiis
352 3505 391 3548 ea
411 3487 447 3546 in
460 3486 636 3568 provincia
658 3493 693 3545 et
707 3483 883 3544 Plancinae
909 3501 1080 3563 percaram
1101 3484 1235 3543 nomine

20 3565 215 3649 Martinam,
244 3572 281 3631 in
302 3568 426 3632 Urbem
456 3569 558 3646 misit,
585 3567 829 3649 postulantibus
854 3561 996 3627 Vitellio
1024 3583 1063 3626 ac
1083 3564 1233 3630 Veranio

20 3655 216 3736 ceterisque,
245 3654 301 3734 qui
322 3653 463 3720 erimina
484 3657 518 3714 ct
547 3651 791 3720 accusationem
819 3659 973 3731 tanquam
1000 3647 1158 3712 adversus
1180 3669 1233 3712 re-

20 3743 132 3817 ceptos
152 3738 218 3798 iem
238 3756 315 3798 reos
345 3735 563 3815 instruebant.
1157 3802 1159 3808 ¹

95 3821 122 3872 1.
138 3819 216 3872 inter
233 3819 356 3887 legatos,
373 3819 422 3872 rel
441 3817 567 3894 legionis
586 3823 711 3878 tantum,
728 3813 777 3870 vel
796 3821 824 3869 et
842 3815 915 3878 alios
939 3813 1159 3886 proconsulibus
1185 3813 1234 3866 arl-

21 3887 153 3956 insessa
170 3888 299 3945 Freinsb.
320 3919 354 3930 -
371 3891 480 3944 modice
499 3889 589 3942 nisis:
606 3889 641 3947 ‚in
659 3887 716 3940 MS.
736 3887 915 3940 modicensis.
936 3920 969 3930 -
983 3885 1079 3939 acrius
1096 3885 1232 3952 tendenti,

18 3959 159 4014 ambienti
176 3964 407 4032 praefecturam
425 3963 509 4017 Brot.
530 3961 576 4016 Cf.
596 3959 631 4012 ad
648 3962 676 4024 3,
696 3961 740 4022 nt,
758 3961 786 4016 2.

91 4034 119 4087 2.
137 4036 244 4088 nomine
261 4035 436 4098 Martinanu
455 4029 716 4086 immoMartlsam:
734 4049 802 4084 nem
818 4029 1009 4101 provincialis
1027 4029 1087 4080 tuit
1104 4035 1133 4079 et
1145 4025 1230 4094 Syra,

19 4110 52 4152 nt
70 4100 235 4160 divinacula
254 4105 307 4158 illa
324 4105 411 4158 huius
430 4105 660 4173 nominis,.quae
670 4103 794 4156 Marium
813 4101 988 4166 sectabatur,
1009 4099 1087 4152 Grot.
1107 4116 1136 4150 v.
1154 4097 1230 4150 Plut.

18 4173 51 4224 in
70 4175 142 4232 Mar.
159 4175 193 4232 T.
213 4177 237 4230 l.
280 4215 286 4228 ·
306 4181 365 4234 414.
386 4179 446 4232 415.
467 4177 599 4242 infamem
616 4175 757 4242 ueneficiis
774 4173 954 4228 Martinam.-
972 4171 1045 4238 „Sic
1060 4171 1155 4236 Circe,
1174 4172 1233 4224 Me·

17 4243 85 4308 dea,
107 4245 220 4314 Helena,
248 4195 409 4326 Kegyptiae
431 4248 580 4308 mulieres,
608 4246 759 4302 Theocriti
779 4255 807 4300 et
824 4244 947 4322 Virgilii
971 4243 1234 4313 pharmaceutriae,

18 4316 144 4372 Canidia
166 4319 290 4389 Horatu,
317 4321 451 4388 Locusta,
474 4337 547 4391 quae
570 4319 682 4373 Neroni
696 4319 739 4394 *in
763 4317 894 4386 tollendo
920 4315 1089 4372 Britannico
1115 4331 1232 4386 operam
