2904 4798
194 199 256 266 476
583 199 825 268 ANNALIUM
853 201 936 268 LlB.
958 203 1019 266 Vl.

266 373 289 425 1.
310 367 446 423 ilditores
465 375 537 424 vett.
557 387 648 424 unum
667 369 776 424 librum
795 387 831 425 ex
849 369 909 426 Vto
927 379 958 426 et
975 371 1046 425 Vita
1063 371 1209 436 iecerunt,
1237 373 1290 442 qui
1309 373 1354 426 ita
1371 391 1416 426 res

192 457 298 494 norem
317 442 399 494 annis
418 448 513 516 gestas
539 443 754 514 complectitur.
791 443 869 496 ilinc
894 460 960 497 eom
979 445 1011 496 in
1035 443 1107 496 dnos
1134 443 1225 497 libros
1250 443 1415 515 dispescue

192 520 262 564 runt
280 512 395 582 Lipsius
415 519 444 566 et
463 512 587 567 editores
605 531 665 568 rec.
685 545 718 557 -
737 515 786 570 Gn.
808 514 942 568 Damitim
958 513 1165 568 Ahenobarbus
1193 521 1223 568 et
1246 516 1285 567 11.
1306 515 1416 568 Furius

191 583 323 636 Canities
340 582 544 652 Scribonianus,
563 587 601 638 ci.
621 585 683 642 ind.
703 585 728 638 1.
747 605 774 639 r.
795 585 931 638 Domitius
958 584 1114 640 stannus
1151 585 1205 650 „ln
1233 585 1415 657 appellandis

190 653 277 706 liuius
295 655 363 708 anni
382 653 547 708 consulibus
567 674 679 710 summa
698 659 875 729 scriptorum
894 657 1029 710 varietas.
1067 656 1200 709 canosa
1217 658 1372 709 Arruntius
1389 663 1414 709 rt

190 725 326 777 Domitia
344 725 540 779 Absnobarbss
557 743 626 782 coss.
646 745 691 798 sp.
711 725 789 784 Suet.
810 727 875 782 oth.
896 731 921 784 1.
959 728 1088 781 ldecium
1107 735 1137 781 et
1154 729 1186 780 in
1204 727 1301 782 Fastis
1308 728 1415 781 Vindo-

189 797 255 850 bon.
275 795 430 850 Panrinius
448 813 519 850 vero
537 814 608 852 coss.
628 799 791 854 ordinarios
810 801 900 852 tuisse
921 799 1063 851 Donitisns
1081 797 1201 851 Aliensi.
1220 805 1248 850 et
1265 801 1303 852 A.
1330 801 1415 852 Vitel-

190 867 254 920 lion
300 883 432 939 erpersm
456 867 650 938 existimarim
683 870 826 940 siquidem
853 871 902 925 Cn.
923 869 1056 922 Domitius
1081 872 1105 922 ,4
1176 871 1277 922 barbas
1305 887 1363 923 cas.
1389 879 1415 924 et

187 941 249 1004 soff.
301 942 338 990 al.
358 940 409 994 let.
430 937 465 990 A.
490 939 619 994 Vitellius
637 957 691 993 cos.
721 943 752 994 in
771 941 868 995 tabula
885 941 998 994 Nolana
1021 959 1066 1012 sp.
1123 949 1215 996 ruter.
1235 959 1265 1012 p.
1288 945 1371 1007 11187,
1390 947 1413 996 1.

189 1011 289 1065 Potior
305 1011 461 1063 auctoritas
479 1009 573 1064 Taciti
593 1021 622 1066 st
639 1011 741 1065 Dionis
759 1015 804 1079 18,
825 1013 886 1068 17.11
904 1012 982 1064 Brot.
1020 1013 1196 1077 „Camillum
1212 1011 1296 1065 hunc
1315 1029 1415 1066 consu-

191 1081 250 1135 lem
269 1081 451 1134 ordinarium
469 1083 576 1136 morito
594 1085 706 1138 faciunt
723 1084 829 1160 l'sgius
848 1083 922 1137 Grit.
941 1084 1046 1137 Baron.
1074 1083 1111 1137 sd
1128 1101 1152 1136 a.
1172 1085 1234 1139 781.
1262 1091 1295 1137 et
1312 1085 1413 1138 Noris.

189 1153 222 1206 in
239 1151 293 1223 Ep.
316 1153 401 1206 Gons.
422 1151 493 1222 Opp.
514 1151 546 1206 Τ.
567 1153 605 1207 11.
623 1173 651 1225 p.
671 1157 732 1212 811.
752 1173 839 1226 quesn
858 1175 871 1208 s
911 1156 993 1208 uitur
1010 1163 1107 1208 motus
1123 1154 1321 1226 inscriptione
1341 1157 1415 1208 snti-

187 1241 246 1346 pus
270 1241 285 1275 ι
307 1259 314 1274 ·
340 1221 427 1278 Grut.
453 1241 483 1294 Ρ.
504 1227 583 1290 11187,
608 1231 633 1282 1.
661 1225 812 1280 Rimsrdus
837 1227 869 1278 in
934 1227 988 1296 tiq.
1008 1225 1198 1280 Curalonens.
1226 1242 1251 1277 c.
1270 1229 1300 1282 5.
1319 1245 1352 1310 p.
1372 1227 1413 1281 91

215 1331 221 1346 .
244 1293 267 1346 1.
313 1293 373 1348 hes.
393 1293 598 1348 lnscr.biurst.
617 1297 678 1350 Alii
696 1300 839 1352 fastorum
858 1298 1078 1350 concinnatores
1098 1296 1252 1352 suffectum
1270 1299 1414 1352 faciunt.“

186 1365 253 1421 Ere.
275 1397 307 1408 -
328 1365 499 1430 campanias
515 1367 704 1435 praelegebat,
722 1368 1003 1446 praeternavigsbst,
1021 1375 1055 1420 nt
1072 1369 1159 1422 etiam
1173 1367 1304 1438 simplex
1322 1368 1414 1434 legere

186 1455 214 1488 r.
235 1453 260 1491 c.
281 1438 364 1500 latas,
391 1433 477 1514 (Agr.
503 1439 538 1493 38
562 1440 652 1504 extr.)
684 1455 759 1492 oran
783 1447 812 1493 et
837 1439 923 1492 litora
947 1456 992 1509 ap.
1016 1439 1079 1492 Lir-
1104 1441 1345 1507 11,11.35,17.
1373 1441 1414 1494 et.

186 1525 250 1578 sup.
274 1508 310 1561 sd
327 1512 352 1570 1,
373 1511 400 1570 11,
418 1511 446 1562 1.
485 1541 518 1552 -
544 1509 699 1574 digrams
724 1510 800 1564 mals
823 1511 971 1576 degressus
998 1511 1143 1582 scripsere
1166 1509 1238 1566 Ern.
1264 1518 1297 1566 et
1323 1510 1414 1566 nskk.

185 1577 400 1656 Mirumrquod
418 1577 534 1644 degredi
556 1580 685 1650 aliquem
711 1581 812 1634 iubent
834 1583 869 1636 ab
888 1580 984 1636 insule
1009 1580 1187 1652 Caprearum
1209 1582 1240 1634 in
1262 1585 1417 1649 mpinpss

186 1649 274 1704 Urbis
293 1649 372 1714 loca3
400 1650 505 1704 Waltb.
537 1649 582 1704 cf.
602 1651 639 1704 sd
656 1655 684 1716 4,
704 1654 749 1718 74,
768 1655 794 1708 1.
823 1661 853 1707 et
870 1653 908 1708 ed
926 1670 990 1706 rem
1007 1668 1069 1724 cap.
1089 1654 1123 1708 15
1141 1661 1215 1707 extr·
1241 1660 1272 1707 et
1293 1652 1355 1706 Dio
1373 1656 1415 1715 te,

183 1724 229 1776 71.
249 1734 283 1762 '-·
307 1721 393 1773 aditis
415 1721 494 1774 iaxta
517 1721 634 1774 Tiberin
651 1721 738 1775 bortis
756 1722 895 1788 Cameris,
920 1723 956 1776 de
969 1723 1078 1794 quibus
1101 1739 1130 1775 r.
1148 1723 1184 1776 ad
1201 1725 1230 1786 1,
1248 1727 1298 1786 41,
1320 1729 1348 1778 1.
1374 1723 1414 1775 Gi.

184 1791 257 1844 Ern-
277 1790 312 1844 ad
330 1789 409 1843 Suet.
435 1787 498 1844 Tib.
517 1794 552 1848 11
575 1809 620 1860 pr.
641 1789 691 1843 ubi
708 1788 810 1842 hortos
828 1794 1013 1864 privatorum
1029 1791 1218 1846 naumachiae
1235 1793 1415 1847 subiacentes

184 1859 317 1938 intelligi
336 1859 405 1914 coll'
429 1861 453 1912 it
471 1877 506 1914 ex
524 1859 662 1913 bantini
681 1867 751 1913 sect.
772 1863 813 1915 13.
834 1867 864 1914 et
882 1863 923 1916 11.
944 1891 976 1902 -—
1003 1875 1084 1922 sara,
1104 1859 1237 1941 Capreas.
1267 1860 1313 1914 ct
1335 1861 1374 1915 ud
1391 1865 1415 1926 1,

183 1935 274 1997 67,1.
302 1930 382 1985 sust.
435 1929 472 1983 ib.
492 1933 535 1987 411.
560 1929 692 1986 lurensi.
713 1935 755 1996 111,
780 1934 825 1986 91.
849 1963 881 1972 -
899 1945 1004 1983 rarssn
1022 1959 1056 1974 -
1070 1931 1189 1997 repetiit,
1215 1939 1249 1984 ut
1267 1949 1283 1984 a
1305 1967 1314 1983 .
1338 1930 1414 1985 Suet.

185 2003 268 2057 cies.
287 2005 313 2059 2
350 2001 400 2057 stc
418 2011 447 2058 et
465 2017 560 2056 rorans
576 2017 708 2055 reuocare
729 2001 807 2054 dixit
824 2002 888 2054 Lir.
907 2005 934 2067 9,
953 2003 997 2057 17.
1025 2016 1120 2052 rursus
1136 2001 1264 2054 recedere
1282 1949 1370 2055 burt.
1390 2005 1415 2066 1,

182 2077 212 2140 b,
230 2077 257 2131 1.
276 2091 301 2127 r.
320 2089 463 2128 resacrare
480 2075 551 2146 Nep.
572 2071 666 2128 Alcib.
685 2076 710 2130 6,
731 2073 862 2125 aduersas
879 2071 1008 2124 resistere
1025 2072 1098 2141 Nep.
1118 2071 1215 2142 Pelop-
1233 2077 1258 2128 l.
1279 2079 1358 2126 retra
1375 2089 1415 2126 re-

182 2147 298 2210 mittere,
327 2153 459 2212 repetere,
483 2145 916 2210 adamantinam,
940 2145 1110 2208 18.17,18.
1147 2141 1191 2198 Gt.
1217 2142 1281 2198 lnd.
1301 2143 1361 2196 111.
1388 2163 1415 2195 r.

183 2217 378 2272 Pieosnasmas.
418 2249 450 2260 -
480 2216 650 2269 solitudinem
673 2216 771 2269 naris:
801 2213 924 2284 Capreas
952 2215 1087 2278 insulam,
1114 2211 1165 2266 ubi
1191 2215 1313 2268 nonita
1333 2217 1415 2266 utin

131 2317 133 2324 v
184 2289 348 2344 continenti
367 2289 401 2342 ab
419 2287 589 2342 hominibus
608 2288 791 2358 frequentari
810 2285 915 2340 Caesar
970 2287 1044 2351 tuit3
1064 2283 1158 2350 Wopl.
1185 2311 1217 2321 —
1234 2286 1341 2351 psam
1359 2302 1413 2338 sre-

182 2365 267 2413 tes-sn
285 2367 312 2412 et
331 2359 483 2412 libidinum:
510 2358 659 2424 „acerbior
676 2357 773 2412 rideri
822 2366 898 2411 otest
942 2357 1035 2411 acilus
1061 2358 1092 2409 in
1110 2353 1269 2411 Tiberium.
1308 2356 1415 2410 Proba-

183 2433 303 2486 biliores
323 2431 434 2485 reditus
452 2432 581 2484 rationes
600 2429 681 2484 dedit
701 2433 728 2496 4,
748 2431 791 2485 57.
830 2429 915 2498 llycl.
946 2455 979 2466 -
997 2443 1070 2480 aare
1086 2427 1178 2492 regia,
1202 2443 1309 2505 regum
1335 2437 1416 2482 exte-

185 2520 298 2567 rorum,
318 2503 395 2574 inpr.
415 2501 605 2556 orientalium
625 2510 654 2555 et
674 2500 870 2567 Graecorum
893 2499 972 2557 Brot.

254 2613 282 2667 1.
306 2612 429 2676 lanaque
447 2607 599 2686 (regnante
618 2607 747 2674 Tiberio)
773 2607 885 2676 prinam
909 2607 1007 2674 ignota
1031 2613 1093 2660 onte
1119 2607 1212 2674 (antea
1230 2606 1288 2661 MS.
1320 2615 1352 2662 et
1372 2608 1415 2662 ed.

75 2697 78 2704 ·
182 2681 272 2736 Belk-
294 2681 371 2751 quod
388 2679 417 2732 h.
432 2679 453 2732 1.
472 2681 591 2734 auribus
610 2680 843 2756 ingratissimum
863 2679 918 2746 est)
936 2679 1068 2731 uocabula
1085 2685 1193 2746 reperta
1211 2685 1282 2742 sant,
1303 2696 1375 2732 rara
1390 2690 1416 2732 et

182 2755 215 2810 in
234 2753 308 2807 aulis
326 2754 450 2806 fortasse
468 2751 562 2822 impp.
581 2749 675 2817 Rom,
700 2767 759 2804 non
787 2751 818 2803 in
842 2749 957 2804 aedibus
980 2751 1165 2822 privatorum
1183 2749 1301 2814 usitata,
1328 2749 1416 2816 (quod

183 2825 306 2879 Cramer
323 2823 359 2876 ad
378 2819 476 2876 Schol.
496 2821 626 2876 luvenal.
646 2826 675 2889 3,
694 2823 753 2878 136Ι
774 2840 810 2876 ex
827 2819 892 2875 loco
911 2821 1097 2876 memorabili
1114 2821 1191 2874 Plin.
1210 2823 1255 2888 317,
1269 2821 1313 2876 15.
1336 2839 1359 2872 s.
1371 2825 1413 2877 11.

183 2893 351 2972 colligebat)
379 2893 605 2947 sellariorum
630 2901 655 2945 el
674 2893 907 2962 spintriarum
926 2909 960 2944 ea
978 2891 1109 2956 foeditate
1133 2893 1187 2944 lbci
1211 2909 1245 2944 ac
1266 2893 1415 2960 multiplici

180 2967 327 3037 patientia,
344 2963 532 3022 ci.loc.class.
546 2963 626 3023 Suet.
634 2963 698 3020 Tib.
707 2969 750 3020 43.
771 2965 885 3018 Secessa
903 2979 965 3016 uero
974 2961 1121 3030 Capreensi
1133 2965 1212 3016 etians
1224 2963 1361 3018 sellari
1369 2981 1421 3020 ιιι4

183 3039 362 3105 excogitavit,
381 3039 467 3090 sedem
483 3053 641 3090 arcanarum
659 3037 809 3102 libidinem,
828 3037 857 3088 in
876 3053 951 3104 qaam
968 3035 1083 3104 undique
1101 3034 1245 3104 conquisiti
1259 3037 1415 3101 puellam

184 3119 210 3163 et
228 3111 390 3163 exoletorum
407 3123 513 3174 greges
530 3107 719 3176 monstrosique
736 3107 889 3160 concubitus
906 3113 1066 3174 repertores,
1086 3122 1151 3174 qaas
1165 3105 1349 3172 spintrias
1368 3123 1415 3174 ap·

182 3183 313 3250 peltata,
332 3181 440 3248 triplici
458 3181 531 3236 serie
549 3179 673 3246 connexi,
697 3179 809 3232 inuicem
828 3181 995 3232 incestarent
1011 3195 1042 3232 se
1059 3194 1148 3232 caran
1165 3177 1235 3244 ipso,
1255 3183 1285 3228 rt
1305 3185 1416 3246 aspecta

183 3254 337 3320 deficientes
355 3253 484 3305 libidines
500 3237 644 3304 'excitaret
683 3252 747 3304 Vox
764 3251 880 3320 spintria
899 3249 1024 3328 originis
1044 3249 1161 3326 ignotae
1180 3257 1224 3301 est
1250 3266 1309 3303 nec
1328 3251 1415 3304 nisis

184 3324 250 3380 Tac.
280 3333 309 3378 et
332 3322 411 3377 Suet.
436 3331 625 3378 memoratur.
668 3321 703 3376 ln
721 3321 779 3376 MS.
805 3323 970 3376 sintriansm.
1015 3321 1170 3387 „Sellarias
1187 3327 1217 3373 et
1234 3321 1357 3374 sellaria
1376 3321 1415 3374 sic

184 3395 263 3450 dictu
280 3405 385 3468 putant
403 3413 419 3448 a
437 3394 517 3458 seila,
537 3395 599 3450 sive
617 3395 784 3471 gestatoria,
804 3411 859 3464 qua
878 3401 979 3446 rectae
998 3393 1060 3445 sint
1078 3392 1256 3455 meretrices,
1283 3401 1322 3445 ut
1348 3409 1414 3446 con·

185 3469 301 3540 spicuae
321 3473 428 3530 essent,
448 3465 538 3536 (quod
557 3467 736 3542 argumentis
755 3465 853 3518 firmat
871 3463 1011 3518 Scheffsr.
1035 3463 1071 3518 de
1096 3481 1130 3516 re
1148 3461 1213 3517 reb.
1234 3465 1262 3526 2,
1283 3463 1325 3528 4.)
1357 3466 1414 3516 sire

186 3539 303 3616 vulgari
321 3547 350 3593 et
367 3537 450 3590 humi
475 3538 581 3608 posita,
605 3539 636 3590 in
656 3555 712 3608 qua
729 3544 796 3591 ante
820 3534 943 3606 lupanar
967 3533 1161 3590 consederint.
1197 3534 1359 3589 Ernestius
1382 3535 1414 3587 ad

186 3611 264 3666 Suet.
286 3609 341 3666 1.1.
361 3610 521 3674 innotuit,
540 3608 671 3662 sellarias
690 3608 880 3679 scriptoribus
898 3607 979 3662 Rom.
999 3623 1059 3660 non
1077 3606 1161 3659 modo
1179 3603 1243 3659 loca
1261 3605 1337 3673 dici,
1367 3605 1414 3658 ubi

184 3683 296 3738 sellarii
315 3681 513 3752 spintriseque
531 3681 731 3747 convenerint,
750 3679 801 3734 sed
819 3681 907 3734 etiam
920 3680 994 3749 ipsas
1006 3678 1186 3734 meretrices.
1214 3675 1363 3732 Dubitare
1375 3687 1415 3730 ts-

183 3775 251 3811 men
268 3755 349 3820 licet,
368 3753 461 3806 donec
477 3751 510 3804 id
527 3759 608 3806 certo
627 3751 726 3822 aliquo
744 3759 818 3806 teste
841 3750 991 3822 probetur,
1016 3767 1104 3820 quem
1128 3747 1223 3802 adhuc
1247 3749 1413 3804 desidero-‘⁴

184 3829 295 3882 Cranen
313 3825 334 3878 l.
355 3825 375 3877 l.
402 3823 446 3879 cf.
466 3823 560 3895 intpp.
587 3822 665 3877 Suet.
692 3821 752 3876 cal.
774 3825 816 3880 16.
842 3819 1186 3885 altitonantis,
1208 3823 1253 3886 71,
1273 3824 1302 3876 3.
1332 3822 1413 3874 bum·

183 3901 261 3972 prid.
281 3897 366 3952 Helio
390 3934 396 3947 .
416 3895 441 3950 5.
461 3893 577 3948 Ferrar.
596 3893 690 3946 Elect.
700 3897 728 3960 1,
744 3899 769 3953 8.
790 3927 819 3936 -
841 3891 985 3961 multiplici
1000 3893 1151 3960 patientia;
1171 3893 1266 3946 coitus
1287 3893 1412 3946 ratione.

184 3973 228 4028 cf.
241 3971 276 4026 ad
286 3973 311 4034 b,
322 3916 402 4034 tob.
418 3975 446 4020 et
457 3969 500 4032 17,
511 3967 555 4032 49,
567 3971 592 4021 1.
612 3967 689 4019 ilinc
699 3967 771 4020 dicti
779 3965 896 4034 pathici,
915 3969 1039 4031 nabtroi,
1058 3965 1110 4035 qui
1120 3962 1276 4018 muliebria
1295 3967 1415 4036 patiun-

183 4053 241 4098 tur.
254 4077 278 4086 -
292 4039 487 4108 pertraherent,
496 4037 599 4108 pubem
610 4037 757 4092 violenter
766 4039 801 4092 ad
810 4037 962 4092 libidinem
972 4037 1164 4100 deducerent3
1186 4033 1248 4086 Eris.
1262 4038 1342 4089 servi
1358 4037 1413 4104 qni-

182 4121 272 4168 rerrnt
288 4111 475 4179 pertraherent
486 4109 544 4163 MS.
565 4137 599 4148 ·-
610 4109 681 4163 dono
697 4109 727 4160 in
744 4117 888 4176 promptos,
907 4110 1140 4163 minosadversnn
1152 4108 1341 4159 mnames-
1353 4108 1414 4166 izin.

182 4191 277 4250 raptus
299 4215 328 4224 -
354 4183 522 4246 exercebant,
552 4183 590 4236 cf.
617 4181 653 4234 ad
675 4183 704 4246 1,
728 4185 772 4242 11],
797 4185 823 4238 1,
858 4182 1000 4248 adversans
1020 4179 1083 4234 edd.
1109 4186 1164 4234 vet.
1191 4178 1323 4231 adverus
1350 4178 1413 4232 edd.

184 4255 279 4308 Oberl.
300 4263 329 4308 et
346 4252 428 4308 aliae.
465 4252 531 4306 Non
549 4252 642 4318 video,
661 4269 719 4324 quo
738 4253 817 4318 iure;
837 4253 941 4306 Waitb.
980 4251 1044 4324 lpse
1065 4260 1161 4306 tannen
1186 4249 1299 4304 alicubi
1323 4267 1414 4304 anno·
