2828 4794
202 198 343 272 mem
365 205 457 272 xm.
479 205 590 274 xxa.
619 205 675 290 (n.
697 207 820 276 aasz
843 209 882 276 n.
906 161 942 274 a.
961 211 1026 290 m)
1179 213 1222 280 ss

50 375 235 436 meritura,
259 385 295 427 ut
312 373 365 428 Gr.
386 369 493 446 δὴγάρ
510 393 553 428 ras
571 367 672 447 styria
697 391 753 444 pro
771 370 815 443 bip.
844 367 929 428 mad
946 380 974 440 2,
994 379 1040 440 63,
1060 383 1087 434 1.
1106 382 1149 443 lt,
1177 384 1219 434 ll.

50 446 338 512 uu.l,11.si1.1a,
357 450 419 503 468.
449 449 530 500 etima
549 453 610 511 tum,
638 464 666 498 v.
687 447 764 512 adl,
782 451 810 514 3,
830 452 858 504 2.
889 448 1100 516 centurionibus,
1119 468 1137 502 a
1154 450 1221 518 qni·

49 517 82 568 διε
95 516 183 569 milites
199 535 405 587 nonnunquam
423 519 578 571 uerberibus
595 519 794 585 afficiebantur.
816 537 843 571 v.
862 519 898 571 ad
908 525 934 582 1,
952 523 997 586 23,
1017 525 1046 578 2.

95 593 117 644 i.
132 591 195 642 nodo
211 592 357 644 centuriam
376 591 496 659 quisque,
515 589 592 642 σιὲιι
610 591 787 658 manipularis
805 599 874 654 erut,
900 593 1031 646 cobortem
1051 603 1105 646 cet.
1144 597 1222 660 „bie-

49 661 86 710 tim
100 663 161 713 iamt
177 661 228 713 sic:
261 663 337 715 modo
359 662 507 715 centuriam
530 661 647 730 qusque,
673 663 749 715 mado
773 663 915 726 eohortem,
945 665 1021 718 cuius
1044 665 1221 734 manipularis

47 741 96 784 emt:
111 751 165 784 nrm
183 734 322 802 manipuli
340 741 409 786 sunt
427 731 604 798 cohortium,
625 749 685 786 non
703 734 913 787 centuriarum.
951 734 1006 788 Sed
1025 737 1105 790 nihil
1130 747 1220 792 muto.

46 803 139 866 Etenim,
156 806 201 874 qui
218 807 304 858 etiam
323 807 356 858 in
375 805 517 860 centuriis
535 813 612 868 sunt,
630 805 817 873 manipulares,
844 807 912 874 quia
931 823 1063 878 quaeque
1089 813 1222 864 centuria

46 877 152 946 nunipuli
168 881 237 932 cersi
257 887 299 930 est
318 887 348 932 et
370 895 386 930 a
404 877 537 930 centuria
555 877 664 930 milites
682 893 743 930 non
763 877 913 944 dicuntur,
943 887 976 930 ut
1000 899 1056 934 neo
1079 899 1095 932 a
1115 883 1221 936 eohor-

46 949 123 1004 siim-⁶
138 951 197 1008 Era.
230 951 420 1019 Munipsloeit
438 957 481 1002 est
499 948 584 1002 miles
603 949 765 1025 gregarius.
786 976 819 988 -
840 953 939 1004 coelum
957 969 992 1004 ac
1005 953 1069 1005 leus
1086 956 1223 1008 obtestan-

47 1031 79 1084 ιι,
101 1039 124 1073 v.
146 1021 178 1072 ad
193 1022 276 1079 0.35.
297 1027 366 1080 ma.
392 1029 421 1075 et
444 1021 507 1074 lnd.
530 1022 583 1074 ΙΙΙ.
611 1039 638 1076 v.
663 1023 825 1092 synonyma.
847 1055 880 1066 -
899 1021 970 1078 nibil
987 1026 1088 1094 reliqui
1105 1027 1222 1092 faciunt,

48 1093 99 1145 nibil
113 1095 345 1163 praetermittunt,
363 1105 397 1146 nt
414 1109 459 1166 ap.
480 1093 557 1146 Caes.
575 1093 607 1146 B.
627 1094 660 1147 G.
678 1097 705 1158 2,
724 1097 769 1149 ta.
788 1093 860 1146 salt.
878 1093 938 1148 cat.
953 1100 995 1151 11.
1015 1097 1089 1165 Nep.
1109 1097 1167 1150 Art.
1178 1087 1221 1154 21.

47 1197 66 1206 -
79 1183 117 1234 pso
132 1167 208 1219 m
223 1167 355 1219 inuidiam
372 1199 405 1210 -
423 1174 620 1233 permoverent:
639 1183 707 1218 nam
726 1163 847 1218 affectus
866 1181 925 1219 non
945 1167 1042 1220 minus
1061 1187 1149 1238 quam
1168 1169 1222 1222 ho-

46 1253 75 1288 ιο
87 1240 214 1304 panormi
231 1237 350 1303 dicitnr,
370 1247 399 1292 et
417 1237 474 1289 hac
493 1236 641 1302 efficacius
660 1245 703 1291 est
720 1237 810 1290 verbo
828 1237 976 1308 simplici3
1003 1242 1115 1306 Wolf.“
1134 1241 1177 1294 Gi.
1195 1246 1223 1302 3,

45 1311 71 1364 tt
85 1315 119 1368 lb,
133 1313 174 1366 32
191 1309 311 1376 Quintil.
333 1313 377 1374 12,
398 1313 441 1371 lb,
461 1313 527 1367 365⁴
544 1309 610 1377 Rip.
648 1309 790 1362 Latinitas
812 1312 1095 1377 permoveant.seribi
1120 1320 1225 1381 postu«

46 1379 82 1442 tat,
100 1382 157 1432 lira.
190 1379 244 1436 Sed
266 1400 294 1433 v.
322 1383 386 1435 Iud.
403 1382 456 1434 ΙΙΙ.
484 1398 512 1434 v.
542 1382 690 1436 Verborum
716 1384 855 1450 Tempora.
883 1410 915 1424 ··
943 1382 1000 1436 sibi
1022 1385 1077 1436 iam
1094 1387 1221 1438 miscent:

45 1452 165 1512 „tnui
181 1455 240 1506 vim
258 1454 384 1528 augendi
403 1451 498 1517 habet,
516 1459 550 1505 ut
568 1453 647 1518 alibi,
667 1461 697 1505 et
715 1469 813 1506 sensus
839 1461 896 1506 est:
927 1469 987 1507 non
1014 1455 1099 1508 modo
1117 1459 1223 1510 solvunt

45 1525 120 1576 ama
134 1525 319 1580 dmertoribus
337 1545 372 1579 ac
390 1541 490 1578 rerum
509 1521 572 1592 cap.
592 1524 741 1590 damnatis,
770 1524 819 1577 sed
847 1541 894 1579 eos
923 1527 994 1579 adeo
1020 1526 1098 1594 ipsas
1117 1528 1224 1580 libera-

45 1595 270 1658 redimissent,
293 1597 340 1646 sui
365 1595 475 1648 fiaroris
499 1595 591 1651 socios
614 1596 760 1648 iaciunt.“
779 1595 844 1646 ura.
881 1595 991 1658 „Recte
1015 1599 1069 1651 iam
1096 1596 1224 1648 intendit

44 1665 165 1720 messem
183 1675 211 1718 et
228 1665 393 1726 confirmat,
412 1675 446 1720 ut
462 1669 596 1734 prosumo,
614 1684 688 1731 aare,
709 1674 738 1718 et
756 1663 808 1716 Gr.
827 1657 871 1729 δή.
905 1660 1105 1728 cr.adtt.1‚
1127 1668 1168 1721 15.
1194 1671 1223 1716 at
1323 1679 1326 1686 ’

44 1735 106 1785 bun
126 1736 157 1788 ad
184 1737 221 1791 Vi
260 1755 285 1789 r.
304 1755 332 1806 p.
346 1741 406 1794 602
428 1736 471 1788 ed.
491 1735 590 1788 Herem.
628 1735 748 1786 Frustra
773 1734 829 1787 sibi
850 1735 996 1788 immiscent
1020 1742 1049 1790 et
1066 1735 1121 1790 sibi
1138 1736 1221 1788 adnl-
1282 1761 1285 1778 ι

44 1815 99 1862 nat.
113 1810 216 1862 emend.
258 1827 373 1873 sarnus,
392 1807 473 1862 Pich.
494 1815 523 1860 et
542 1807 649 1862 Grut.⁴‘
670 1805 777 1862 Wollb.
1203 1807 1206 1816 '

427 1959 622 2015 CAPUT
668 1957 787 2021 xxn,
897 1954 900 1962 '

98 2069 292 2157 Flagrantior
311 2069 391 2133 inde
412 2073 474 2149 sis,
502 2069 618 2151 plures
640 2067 800 2140 seditioni
821 2065 931 2131 duces.
972 2067 1014 2132 Et
1033 2065 1222 2132 Vibulenus

44 2151 150 2232 qudam,
171 2158 345 2242 gregarius
365 2154 474 2232 miles,
496 2162 573 2214 ante
594 2153 743 2214 tribunal
762 2151 870 2214 Blaesi
897 2151 1058 2216 allevatus
1079 2153 1222 2214 circum-

45 2241 161 2300 stantiam
188 2239 350 2313 humeris,
383 2237 471 2318 apud
499 2235 653 2297 turbatos
685 2244 730 2312 et,
765 2233 847 2316 quid
876 2241 1023 2316 pararet,
1052 2234 1221 2296 intentas:

49 2317 88 2378 las
104 2321 224 2402 quidun,
246 2325 367 2404 inquit,
389 2321 441 2384 bis
461 2317 686 2382 innocentibus
707 2327 739 2380 et
759 2317 943 2380 miserrimis
968 2317 1066 2378 lucem
1093 2326 1126 2381 et
1156 2319 1222 2398 spi-
1279 2379 1284 2392 ,

44 2405 108 2464 ritum
125 2405 320 2468 reddidistis:
348 2405 404 2465 sed
430 2407 504 2484 qais
524 2401 629 2482 fratri
656 2421 721 2462 meo
743 2403 851 2479 uitam,
882 2403 958 2482 quis
984 2399 1121 2484 fratrem
1147 2400 1223 2464 mibi

44 2487 125 2564 reddit,
142 2509 238 2570 quens,
263 2491 389 2550 missurn
416 2487 460 2548 ad
480 2506 535 2547 vos
557 2506 578 2547 a
600 2483 790 2548 Gemanica
818 2485 962 2546 exercitu
990 2483 1029 2546 de
1057 2487 1222 2546 communi-

44 2567 82 2629 bus
97 2573 259 2648 mnmodis,
282 2583 376 2632 nocte
393 2573 542 2650 proxima
563 2569 727 2650 iugulavit
746 2587 806 2648 per
825 2565 1029 2648 gladiatores
1040 2585 1126 2646 suos,
1141 2586 1222 2650 quas

44 2671 64 2708 u
82 2659 193 2717 esitium
220 2655 354 2720 utilitum
381 2653 476 2716 babet
504 2662 601 2734 atque
628 2651 761 2716 ornroti'
793 2649 973 2730 Responde,
1009 2649 1138 2728 Blaese,
1165 2651 1223 2714 ubi

44 2737 142 2798 samer
157 2738 338 2802 obieceris!
378 2739 430 2800 Ne
451 2736 559 2798 baeles
580 2736 704 2818 quidem
717 2735 896 2814 'sepultura
922 2733 1079 2798 invident.
1123 2735 1222 2805 Qum

44 2821 246 2905 sterlinorum
268 2823 408 2884 lacrimis
430 2819 567 2882 dolorem
587 2839 682 2881 meum
703 2819 880 2898 implevero,
910 2835 1100 2900 nequaque
1122 2821 1222 2880 truci-

44 2902 92 2966 lari
106 2906 179 2983 iube,
199 2907 273 2968 dum
293 2904 484 2983 intersectas
504 2903 623 2964 nullum
644 2901 685 2966 ob
706 2902 821 2982 scelos,
842 2899 900 2965 sed
919 2905 997 2984 quio
1016 2899 1157 2967 utilitati
1178 2901 1222 2963 le-

43 2989 134 3062 gionum
153 2989 397 3064 conssulebomns,
420 2987 454 3050 bi
474 2987 639 3068 sepeliant.
1167 2999 1171 3008 '

91 3093 110 3142 l.
122 3093 207 3156 plures
222 3090 354 3144 seditioni
371 3090 458 3152 duces,
478 3106 506 3140 v.
529 3085 857 3140 inmutationem.
973 3143 975 3154 Ι
1112 3121 1117 3132 .

88 3163 309 3228 insistimus
327 3159 392 3216 asilii
409 3161 513 3214 reddite
540 3159 621 3212 Voss.
647 3157 683 3210 ad
701 3157 780 3211 Caes.
800 3155 830 3210 B.
852 3155 883 3209 Ο.
903 3161 929 3218 1,
955 3155 998 3211 ⁷5.
1022 3154 1099 3208 cani.
1118 3156 1221 3213 reddet.

46 3225 79 3278 tet
92 3233 239 3304 elegantius
258 3241 301 3286 est
319 3240 433 3301 tempus
453 3233 562 3286 instans
582 3230 685 3282 intuli
704 3228 918 3292 commodaret
940 3227 1029 3292 Wolf.
1049 3259 1079 3268 -
1102 3227 1135 3278 de
1154 3245 1222 3280 com-

45 3303 126 3356 nibus
141 3307 277 3359 conmodis
301 3305 459 3356 Pannonici
484 3312 512 3356 et
536 3302 706 3356 Gennanici
732 3301 890 3364 exercituss
914 3299 990 3367 Lips.
1010 3327 1047 3338 -
1073 3299 1221 3364 iugulavit,

47 3375 138 3446 upari
153 3379 244 3444 iussit,
264 3375 458 3451 iugulandum
479 3375 603 3437 curarit,
623 3393 659 3428 sc.
681 3374 806 3434 Blaesus,
825 3371 972 3431 δεικτικῶς.
991 3399 1026 3410 -—
1043 3387 1093 3438 per
1109 3371 1222 3434 gladia-

46 3452 90 3494 ΙΨ*
103 3466 167 3502 suos:
185 3468 252 3502 nam
271 3449 418 3518 praesides
437 3469 457 3501 s.
477 3447 618 3518 praefecti
637 3445 856 3516 provinciarum
875 3443 1001 3496 familias
1024 3441 1221 3517 gladiatorum

47 3515 124 3570 aiebam
139 3521 171 3574 sd
187 3523 354 3592 spectacula
375 3519 552 3586 exhibenda3
578 3521 653 3588 Lips.
686 3519 736 3572 sic
756 3525 784 3570 et
803 3517 888 3570 duces
906 3517 940 3570 in
958 3513 1079 3568 stativis.
1108 3513 1220 3578 Cf.'13‚

46 3589 191 3660 'il-Capitol.
214 3596 275 3646 vitu
299 3593 413 3646 biaxim.
439 3603 468 3646 et
493 3591 574 3646 Balbi
601 3607 626 3643 c.
642 3593 669 3647 8.
694 3598 723 3644 et
749 3591 831 3645 Voss.
852 3589 906 3644 l.1.
950 3587 1106 3654 „Fortasse
1125 3593 1222 3638 tamen

48 3675 83 3708 son
97 3671 194 3718 tentum
213 3667 365 3720 alebantur
384 3681 539 3717 munerum
559 3661 739 3738 edendorum
765 3678 850 3714 causa
875 3669 904 3714 et
928 3659 964 3714 ad
989 3668 1105 3729 tempus
1124 3663 1221 3711 teren-

47 3727 91 3783 dus
105 3737 130 3786 in
145 3739 262 3792 statione
281 3739 315 3790 ab
338 3738 458 3790 urbanis
486 3735 683 3807 voluptatibus
709 3742 829 3799 remota,
856 3733 905 3786 sed
927 3749 988 3786 nou
1012 3733 1109 3784 minus
1132 3732 1222 3784 utiles

48 3803 100 3858 iuste
113 3809 143 3860 ad
158 3811 307 3864 dominum
327 3808 549 3864 custodiendum
578 3807 658 3861 inter
683 3807 817 3881 legiones
841 3804 988 3874 inquietas
1018 3811 1223 3872 et=suspectae

48 3871 97 3928 iiti-
124 3883 189 3936 Nam
211 3887 320 3936 frastra
347 3882 511 3936 Vibulenus
537 3897 597 3934 non
620 3879 728 3934 dixerit
752 3895 816 3948 quos
833 3878 862 3932 in
881 3878 992 3932 erilium
1013 3876 1125 3932 militurn
1142 3875 1223 3930 babet
1318 3905 1320 3915 ·

48 3953 98 4016 sipia
112 3959 215 4012 mnut.“
234 3955 341 4010 Waltb.
368 3954 515 4008 invidiosa
534 3953 567 4008 id
584 3949 614 4006 h.
625 3951 646 4005 l.
668 3953 780 4006 dictum
798 3949 924 4007 videtur.

92 4026 169 4079 subl
190 4029 307 4082 cadauer
332 4027 478 4082 obieceris:
512 4023 634 4092 „Sicubi
651 4043 701 4095 quo
720 4021 895 4093 requiritur,
929 4019 995 4074 illic
1021 4021 1057 4087 τῷ
1075 4019 1122 4072 ubi
1139 4017 1222 4070 loeus

49 4105 86 4140 ΜΗ
99 4105 144 4148 est:
160 4107 188 4152 et
205 4109 285 4153 reete
304 4099 422 4168 quidem
441 4097 563 4151 dicimus
582 4115 632 4166 quo
650 4097 800 4163 obieceris;
819 4091 868 4148 sed
885 4095 934 4148 ubi
951 4093 1088 4146 obieceris
1106 4089 1223 4141 Tacitus

49 4159 97 4214 um
111 4165 258 4224 alio'sensu
284 4181 312 4224 et
337 4187 418 4223 more
446 4171 500 4224 illa
518 4185 571 4226 suo
611 4175 781 4243 raegnantes
805 4183 903 4220 sensus
921 4163 1053 4218 breviter
1078 4161 1223 4246 efferendi

50 4247 94 4298 pm:
107 4241 147 4292 ubi
163 4261 219 4298 non
237 4243 403 4298 humaveris
420 4249 470 4295 aut
489 4241 577 4296 sandi
598 4242 663 4304 eris,
681 4240 732 4294 sed
749 4239 792 4294 sie
810 4240 954 4293 abiectum
980 4235 1032 4290 sub
1060 4235 1110 4289 dia
1128 4233 1223 4286 relm-

50 4307 84 4372 ‘l'i
97 4309 196 4370 ituris
212 4317 284 4372 ieris
301 4315 498 4377 menmium,
516 4314 567 4368 ubi
586 4315 691 4369 feceris
707 4321 743 4366 ut
760 4311 843 4367 foede
861 4309 983 4364 iaceat.“
1001 4309 1083 4364 Gran.
1113 4306 1223 4372 „Reate
