2774 4784
280 301 283 307 ,
337 221 569 289 unrounrr
588 223 751 292 mum.
795 227 823 312 §-
845 223 889 290 x.
935 237 937 240 ·
1009 227 1013 234 ¹
1126 177 1224 280 :ruri

41 396 202 490 prompsit
241 394 343 493 Quid
367 396 408 466 in
431 395 588 467 urbibus
613 396 879 491 oppugnandis,
903 395 943 466 in
968 391 1076 466 bellis
1096 417 1222 490 geren-

40 497 87 584 dis,
104 497 143 566 in
167 493 339 590 eligendo
365 517 494 590 cumpo
519 493 672 592 locoque
697 505 908 587 castrorum,
945 496 985 566 in
1008 494 1223 566 instruendo

39 599 90 666 acie
99 605 133 665 et
144 595 324 667 subsidiis
346 595 595 689 disponendis,
620 595 710 690 quid
730 597 768 666 in
788 605 924 686 senatu,
949 596 990 664 in
1004 593 1222 687 Principum

39 695 162 788 palatiis,
190 697 232 766 in
257 696 485 789 privetonmr
510 695 661 766 aedibus
686 695 778 766 bene
803 705 865 765 aut
890 692 986 765 mele
1012 695 1060 766 sit
1085 703 1221 782 ectum,

38 805 95 886 epte
113 805 151 866 et
176 793 383 866 luculenter
413 792 617 864 declaravit.
670 793 877 866 Hominum
912 792 1112 865 celebrium
1146 815 1223 863 nou
1255 789 1257 795 ’

38 897 119 966 nodo
144 895 307 965 facinore
331 893 409 964 sive
432 894 529 964 bone
553 893 631 963 sive
656 893 762 982 mela,
780 894 858 992 ,sed
884 895 994 963 etiam
1018 889 1222 987 ingenium,
1318 906 1320 915 '

38 997 135 1082 utam,
165 1017 302 1084 mores,
333 995 421 1064 vitia
453 1003 490 1064 et
518 993 670 1064 virtutes
704 1015 791 1064 vere
823 993 1023 1086 descripsit.
1076 992 1221 1072 Quibus

38 1095 187 1184 consiliis,
212 1117 285 1188 que
309 1094 449 1164 ratione
473 1101 510 1163 et
534 1115 608 1187 quo
634 1091 761 1162 ordine
786 1090 1037 1162 memorabilis
1062 1115 1120 1164 res
1145 1099 1223 1161 ecte

39 1195 77 1280 sit,
95 1197 156 1285 qui
182 1195 263 1264 eiur
289 1202 451 1278 eventus,
476 1214 568 1282 quae
592 1190 703 1262 huius
729 1213 856 1260 causae
880 1189 1027 1280 luerint,
1053 1213 1144 1284 quae
1166 1211 1222 1260 ca-

38 1291 75 1358 sui
100 1313 165 1361 seu
199 1287 397 1362 temeritati
430 1311 497 1358 seu
530 1289 726 1381 sapientiae
755 1288 962 1377 tribuenda,
999 1289 1086 1374 (nou
1117 1281 1223 1359 ruodo

38 1409 116 1460 curru
140 1399 362 1482 euerrtueque
386 1407 518 1475 rerum,
543 1385 605 1480 qui
626 1383 839 1488 plerumque
856 1384 1011 1480 fortuiti
1035 1397 1132 1475 runt,
1158 1381 1227 1458 red

38 1488 190 1560 reticuere
214 1485 326 1559 etium
350 1507 552 1582 caurusque
576 1484 624 1556 H.
643 1486 674 1574 l,
693 1483 744 1571 4.)
770 1486 859 1556 scite
884 1483 1068 1578 explicuit.
1121 1484 1225 1564 Quae

38 1589 274 1658 srutvirtutes
298 1586 471 1656 historice
498 1589 825 1682 ἀποδεικτικῆς,
853 1583 1223 1672 (derstellender

37 1684 306 1780 Erziihlung)
332 1695 580 1785 ὀιὸακτικῆς
608 1687 1123 1784 einpuppurrerig‚,ct1ius
1147 1683 1223 1777 pri-

37 1811 118 1857 munr
157 1787 418 1880 egregiumque
456 1784 669 1881 exemplum
707 1785 753 1856 ed
790 1785 1013 1856 imitandum
1038 1782 1148 1854 Livio
1185 1791 1224 1852 et

36 1885 138 1958 lecito
160 1886 355 1981 proposuit
375 1883 562 1979 Polybius.
610 1883 666 1956 cf.
694 1885 774 1957 eius
799 1883 864 1956 lib.
894 1884 927 1976 l,
952 1881 986 1956 2.
1013 1881 1071 1958 35.
1098 1881 1136 1967 2,
1160 1879 1220 1955 37.

36 1983 61 2072 3,
83 1987 109 2058 l.
133 1987 173 2058 7.
193 1981 342 2058 31..3·2.
368 1983 404 2074 6,
429 1985 463 2059 5.
489 1987 525 2076 9,
549 1985 584 2058 2.

113 2087 234 2166 Quam
255 2085 357 2154 varie
380 2085 428 2154 sit
452 2086 506 2155 rei
530 2082 698 2179 publicae
730 2083 859 2174 forma,
893 2105 985 2180 quae
1016 2079 1149 2154 melior
1174 2090 1222 2170 et,

36 2187 131 2255 sinon
142 2185 251 2274 votis,
261 2181 388 2254 saltem
402 2185 630 2278 temporibus
643 2183 929 2278 hominibusque
939 2181 1222 2268 accommodate,

34 2285 191 2377 supienter
216 2283 403 2354 iudicavit.
455 2285 510 2355 Eo
536 2284 771 2378 potissimum
800 2282 989 2354 referenda
1013 2305 1105 2376 quee
1130 2278 1223 2351 dixit
1296 2327 1301 2346 .

34 2383 112 2452 Anu.
143 2383 177 2474 4,
212 2381 274 2456 33.
335 2379 500 2458 Cunctas
539 2383 708 2456 cotiones
742 2395 780 2455 et
815 2379 925 2454 urbes
955 2377 1123 2482 populus
1155 2390 1222 2450 out

30 2483 194 2580 primores
219 2495 286 2554 out
311 2479 451 2576 singuli
475 2505 518 2556 re
571 2496 631 2553 ur:
657 2479 803 2554 delectu
823 2503 869 2552 ec
887 2476 945 2553 tir
959 2493 996 2551 et
1009 2477 1248 2551 coooociotu'

35 2579 266 2681 reipublicae
289 2579 412 2674 forme
437 2579 499 2654 lou
553 2581 588 2655 ri
611 2579 765 2676 facilius
790 2603 893 2677 quum
920 2578 1063 2653 euenire
1087 2573 1157 2667 cel,
1189 2575 1224 2650 ri

33 2682 145 2770 creuit,
186 2677 290 2754 tund
324 2677 501 2754 diuturno
538 2703 617 2754 eree
651 2693 781 2784 potest
818 2690 883 2752 cet.
947 2681 1033 2774 Ipse
1070 2679 1234 2774 quidem

33 2803 160 2852 summo
184 2783 322 2876 petrice
348 2791 383 2852 et
408 2781 585 2852 libertatis
611 2803 734 2852 amore
759 2779 950 2874 flagrabat,
983 2777 1048 2850 sed
1080 2775 1221 2873 praedi·

31 2879 121 2948 rabat
149 2881 367 2976 obsequium
409 2891 446 2952 et
485 2881 716 2968 modestiam,
750 2903 825 2950 non
858 2879 1007 2952 inanem
1044 2875 1222 2948 libertatis

32 2977 243 3050 iactationem
269 2991 306 3050 et
330 2981 598 3052 contumacium
624 2979 833 3051 Stoicorum
857 2977 986 3049 illicita
1010 2986 1047 3046 et
1071 2977 1224 3070 abrupta

32 3078 239 3170 mirantium,
266 3079 368 3173 (Agr.
396 3077 453 3153 42.
489 3079 534 3150 cf.
560 3079 657 3150 Ann.
685 3077 719 3168 4,
744 3077 803 3154 20.
831 3090 888 3150 eet
913 3071 1058 3172 aliquid
1089 3075 1128 3147 iu
1160 3095 1223 3148 rto·

32 3177 114 3247 urio
142 3175 305 3250 conciliis
338 3175 492 3274 licetque
533 3177 632 3250 iuter
664 3175 862 3279 abruptam
893 3173 1163 3249 contumaciam*
1186 3187 1224 3247 et

33 3271 179 3366 deserere
203 3275 409 3373 obsequium
429 3299 596 3380 pergere
629 3277 704 3351 iter
720 3358 722 3363 ,
737 3275 932 3350 ambitione
964 3297 1011 3348 ec
1039 3271 1224 3376 periculis

33 3375 178 3462 rucuuru)
207 3379 404 3473 minusque
429 3377 576 3472 optabat
601 3377 869 3448 restitutionem
900 3373 1034 3446 liberae
1070 3375 1125 3446 rei
1156 3399 1224 3469 pu-

32 3471 146 3562 blicae,
166 3501 273 3571 quam
292 3479 522 3549 dominatum
539 3477 729 3572 prudentis
751 3477 923 3572 mitisque
939 3475 1133 3568 Principis,
1159 3473 1224 3569 qui

33 3591 190 3647 conuerso
226 3589 329 3650 stetu
365 3599 478 3672 oeque
516 3573 675 3650 aliare
704 3571 881 3668 Romana,
920 3597 1024 3670 quum
1061 3573 1096 3646 ri
1131 3593 1225 3645 urrue

35 3669 260 3769 imperitaret,
292 3676 473 3750 micturus
498 3689 595 3748 erret
620 3697 681 3748 ree
707 3671 791 3759 olim
821 3669 1088 3763 dissociabile,
1116 3671 1225 3775 priu-

33 3773 180 3940 cipetum
202 3799 246 3847 oc
271 3773 498 3849 titerrarem:
529 3797 601 3847 nou
626 3774 717 3848 euim
741 3769 812 3866 iric,
836 3787 879 3858 ut
904 3773 943 3847 ir
975 3771 1110 3845 ceteris
1135 3793 1225 3868 geu·

36 3869 60 3936 ti
76 3891 136 3966 aue,
156 3895 240 3968 quoe
265 3887 479 3971 regnentur,
512 3889 650 3947 certem
676 3895 755 3946 erre
779 3870 1000 3948 dominorum
1025 3867 1163 3966 domum
1188 3883 1226 3944 et
1330 3889 1337 3894 ·

35 3982 164 4082 meroe
178 3994 312 4064 servor,
338 3971 407 4046 red
426 3970 675 4076 imperoudum
699 3970 911 4063 homiuibus,
936 3971 999 4070 qui
1018 3994 1085 4044 nec
1110 3984 1226 4044 totum

38 4080 225 4144 emerem
260 4073 351 4178 poti
387 4075 549 4176 possint,
591 4094 658 4146 uec
692 4085 805 4158 totum
847 4070 1080 4154 libertatem
1126 4070 1222 4142 Aun.

42 4163 647 4267 tumemuuu
933 4256 935 4267 ‚

104 4293 138 4362 ¹¹)
152 4300 366 4361 Gl.Siive1-n.in
376 4303 449 4376 disp.
468 4299 630 4371 §.mut
650 4303 763 4361 laudate
781 4323 811 4377 p.
827 4305 863 4363 et
875 4323 917 4376 sq.
929 4303 1027 4360 trohr:
1047 4303 1089 4358 lib
1100 4319 1139 4358 er
1156 4301 1225 4366 und
