2774 4784
158 214 230 270 m
650 211 877 280 annaeus

158 395 255 458 corte
279 381 395 456 libros
420 383 668 478 compositum
708 407 787 456 esse
812 381 966 469 dixeris:
1002 383 1051 470 (v.
1078 384 1114 480 5.
1141 379 1263 468 XIV.)
1289 381 1381 450 nam*

158 484 313 558 diversis
337 485 567 578 temporibus
592 483 843 558 diversissime
861 483 1020 554 scribere
1046 479 1220 553 solemus.
1247 479 1372 574 Magna

157 607 304 680 quoquo
330 583 504 654 orationis
520 583 761 680 discrepantia
785 593 840 655 est
863 583 903 654 in
923 581 1076 678 singulis
1089 581 1207 655 Taciti
1234 581 1372 674 scriptis

156 693 265 780 atque
289 683 445 776 insignis
470 685 705 777 congruentia
728 686 769 756 in
790 681 937 777 dialogo
963 691 999 754 et
1023 679 1218 776 permultis
1242 679 1382 750 horuml

155 781 257 856 locis.
309 781 499 853 Praeterea
536 781 642 855 stilus
680 785 720 854 in
753 781 882 854 libello
917 791 1042 853 nostro
1068 803 1180 876 quam
1218 781 1375 850 maxime

155 879 300 976 dialogo
335 890 610 972 consentaneus,
644 893 681 953 et
706 881 814 977 longe
839 881 940 954 aliud
975 891 1030 952 est
1055 880 1242 974 dialogum
1269 901 1376 975 quam

154 981 346 1054 historiam
384 978 444 1050 vel
480 979 739 1074 philosophica
775 991 812 1052 et
852 979 1033 1052 rhetorica
1067 980 1235 1050 scribere.
1299 978 1379 1048 Huc

154 1079 293 1152 accedit
317 1079 418 1174 quod
444 1087 570 1150 auctor
593 1078 731 1173 dialogi
761 1078 928 1150 virorum
961 1081 1001 1150 in
1028 1102 1073 1151 eo
1099 1077 1379 1171 disputantium,

153 1202 229 1252 non
255 1201 323 1250 suo
349 1177 497 1249 dicendi
522 1199 653 1272 genere
684 1179 740 1251 uti
765 1176 904 1266 voluit,
950 1175 1051 1272 quod
1083 1175 1166 1270 ipse
1201 1174 1380 1268 significat

153 1301 230 1372 cap.
262 1278 293 1350 l.
321 1275 468 1348 disertis
493 1278 632 1347 verbis:
667 1275 952 1351 Percontationi
978 1287 1066 1346 tuoe
1090 1269 1326 1376 respondere
1347 1285 1384 1368 etl

153 1389 227 1449 tam
259 1396 417 1468 magnae
442 1374 671 1468 quaestionis
692 1371 844 1478 pondua
868 1373 1044 1476 excipere
1067 1413 1119 1428 -
1143 1372 1208 1445 oia
1232 1367 1384 1452 lermld

151 1471 337 1565 auderem,
363 1475 398 1546 si
422 1495 502 1544 mea
526 1473 711 1546 sententia
733 1469 971 1574 proferendo
1001 1493 1048 1543 ac
1078 1491 1151 1542 uon
1175 1467 1382 1544 disertissi-

154 1595 301 1664 morum,
344 1584 386 1644 ut
421 1571 564 1644 uostris
590 1570 828 1672 temporibus,
858 1567 1036 1644 domuum
1069 1589 1185 1640 sermo
1212 1582 1383 1668 repeter-

152 1668 223 1744 dur
249 1682 358 1760 estet,
385 1689 492 1764 quos
524 1665 672 1741 condem
706 1665 802 1742 lanc
826 1667 1075 1764 qaaestionem
1095 1679 1385 1768 pertractantes

153 1767 295 1842 iuuenis
320 1763 511 1842 admodum
535 1763 673 1842 oudini.
726 1765 793 1840 Ita
818 1790 907 1840 uon
939 1765 1161 1861 ingenio,
1193 1761 1280 1838 sed
1304 1789 1385 1838 me-

153 1867 304 1942 moria
329 1889 383 1938 ac
408 1863 758 1940 recordatione
784 1889 905 1968 opus
930 1878 1023 1956 eet,
1048 1877 1385 1968 utquoeaproe-

42 2038 46 2048 ,
153 1965 395 2040 ornatissimis
428 1965 524 2040 airis
558 1979 594 2038 et
627 1966 849 2062 excogitata
874 1961 1066 2038 subtiliter
1097 1977 1134 2040 et
1159 1959 1268 2038 dicto
1298 1987 1386 2062 gras

140 2065 252 2138 miter
277 2065 421 2167 accepi,
447 2087 552 2161 qaum
576 2061 719 2157 singuli
744 2061 917 2138 diuersae
940 2059 1002 2138 ael
1020 2059 1175 2154 easdem,
1201 2059 1273 2136 red
1296 2087 1386 2166 pro-

154 2161 295 2238 babiles
320 2187 455 2236 causae
480 2165 677 2261 afferrent,
715 2160 813 2236 dum
850 2165 1047 2258 formam
1080 2163 1152 2236 sui
1185 2163 1386 2260 quiaque

154 2277 200 2338 et
233 2263 380 2356 aubimi
403 2277 450 2335 et
484 2264 671 2360 ingenii
697 2259 947 2356 redderet,
974 2259 1135 2336 iisdem
1161 2285 1286 2335 nuuc
1312 2287 1386 2336 nu-

153 2361 293 2436 meris
318 2359 572 2458 iisdemque
598 2361 878 2438 rationibus
900 2385 1167 2466 persequar
1187 2377 1386 2438 servat

156 2459 327 2536 ordine
358 2457 732 2565 disputationis.

255 2563 289 2636 7.
317 2561 493 2657 Dialogus
518 2573 575 2634 est
599 2561 748 2635 libellus
772 2559 942 2636 aureolus
961 2573 998 2635 et
1019 2563 1146 2636 Tacito
1168 2563 1382 2662 neutiquan

155 2661 342 2756 indignus,
368 2661 447 2734 sive
471 2663 726 2736 inventionem
751 2671 788 2736 el
807 2663 1004 2754 iudicium,
1030 2664 1107 2736 sive
1122 2675 1328 2757 argument
1368 2698 1374 2729 ι

157 2771 194 2834 ei
218 2761 379 2832 formam
418 2771 454 2832 et
492 2759 620 2832 stilum
645 2771 810 2857 spectes,
846 2763 974 2858 iniqua
1007 2785 1094 2834 vero
1128 2763 1270 2835 iudicia
1307 2791 1383 2838 sun

156 2859 405 2950 Klossmanni,
431 2861 477 2932 de
503 2883 576 2956 quo
602 2885 636 2932 v.
663 2871 749 2934 nota
772 2861 833 2938 29.
860 2871 897 2934 et
910 2861 1115 2936 Gunnanni
1139 2863 1178 2934 in
1195 2859 1380 2938 Orellian

158 2961 243 3034 edit.
270 2985 306 3057 p.
337 2959 417 3033 106.
444 2959 553 3032 illum
579 2972 634 3034 tot
658 2963 759 3033 vitiis
784 2963 886 3034 etin
910 2963 1035 3034 verbio
1067 2973 1105 3034 et
1128 2963 1382 3038 inmutandi

158 3059 334 3150 laborare,
359 3070 402 3132 ut
425 3083 537 3132 nemo
563 3061 756 3134 subtiliore
782 3085 892 3134 sensu
916 3063 1105 3159 praeditus
1131 3062 1205 3134 sibi
1235 3087 1380 3157 peren

159 3185 267 3232 surus
302 3162 361 3250 sit,
399 3159 519 3233 Taciti
544 3160 684 3234 librmn
716 3187 932 3258 essequam
959 3161 1063 3257 legat
1103 3187 1136 3234 v.
1163 3162 1199 3258 5
1224 3163 1339 3240 XIX

85 3365 90 3382 “
258 3359 293 3454 5
319 3357 422 3432 XVl.
453 3355 731 3452 Quintilianum,
758 3363 862 3433 cuins
881 3361 1028 3457 scriptis
1048 3363 1090 3432 in
1106 3361 1206 3434 editt.
1234 3377 1381 3440 recent

160 3469 323 3530 annexus
348 3467 404 3530 est
428 3457 596 3554 dialogus
620 3471 756 3552 noster,
780 3461 860 3532 eius
885 3485 925 3532 re
945 3485 1033 3532 vera
1058 3472 1247 3534 auctorem
1275 3465 1383 3539 suis

161 3559 334 3654 suspicati
373 3567 459 3628 sunt
491 3557 681 3652 Graevius,
720 3561 791 3650 (ad
824 3559 902 3632 Cic.
942 3561 989 3632 de
1027 3561 1089 3633 off.
1121 3561 1158 3652 2,
1194 3559 1252 3636 13.
1291 3571 1381 3638 eti

160 3657 276 3730 Lectt.
303 3657 471 3744 Hesiod.)
499 3657 659 3750 Modius,
686 3661 739 3747 (in
764 3661 918 3734 Norant
944 3657 1047 3736 Lect.
1066 3686 1124 3757 ep.
1148 3655 1220 3746 15.)
1247 3661 1387 3738 Dous

161 3755 422 3851 Bemeggerus,
471 3758 758 3850 Freinshemius,
796 3759 1014 3833 Buahnerus
1053 3759 1198 3855 aliique.
1262 3763 1357 3845 Qu.

55 3944 58 3955 Ι
157 3857 377 3952 opinionem
403 3859 578 3930 acerrime
604 3861 849 3954 propugnavit
873 3859 1129 3950 Heumannus,
1146 3859 1228 3953 ¹sed
1253 3867 1378 3940 mult

162 3957 386 4050 argumentis
428 3955 640 4030 refellerant
675 3957 906 4050 Dodwellus,
947 3961 1008 4046 (in
1040 3959 1174 4032 Annal.
1202 3957 1374 4040 Quintil

163 4055 504 4172 Sehprnlleischim,
530 4057 1253 4176 Schulzipset‘Gramine-gravissimis
1285 4062 1385 4162 Spa

163 4155 261 4328 pp·
274 4181 329 4350 :t
355 4157 899 4354 titttsslqitfflltttl
914 4157 1072 4332 ‘'itll,
1085 4159 1150 4332 ll
1175 4157 1381 4338 delii.
