2868 4792
169 201 232 268 284
485 239 488 249 ·
550 198 794 268 ANNaLwM
821 201 905 266 ula.
930 199 991 264 111.

169 365 304 430 domum
326 385 419 430 suam
441 365 656 448 pertinerent
696 368 826 429 Exemit
846 371 947 430 etism
969 367 1118 429 Drusum
1140 370 1305 430 consulem
1328 369 1383 430 de-

170 442 336 536 signatum
365 448 522 511 dicendae
550 452 659 532 primo
680 452 753 513 loco
775 452 973 523 sentent.iae;
1003 450 1089 532 quod
1118 453 1175 512 alii
1202 454 1301 514 civile
1330 473 1382 514 re-

170 535 303 611 bantur,
326 553 366 593 ne
388 534 508 594 ceteris
530 533 730 597 assentiendi
752 536 927 596 necessitas
950 533 1057 612 fleret,
1085 533 1218 616 quidam
1246 533 1288 596 ad
1315 557 1384 598 sae-

168 618 287 678 uitiam
310 615 499 682 trahebant:
529 619 741 698 nequeenim
771 637 943 679 cessurum
972 617 1036 678 nisi
1057 615 1234 679 damnandi
1262 621 1384 680 officio.

241 739 266 789 l.
288 732 403 800 Lepido,
420 733 464 784 cui
482 735 511 788 1..
532 733 611 788 sana
629 741 655 786 et
674 735 722 790 Gn.
735 733 871 802 Pompeius
886 733 985 802 proma·
1002 742 1095 786 erunt:
1114 735 1217 806 „quod
1234 737 1330 792 Noris.
1350 737 1384 789 ad

172 811 265 859 cenot.
291 805 346 860 Pis.
370 822 399 875 p.
419 807 479 861 25⁷.
508 805 649 859 laboriose
675 815 704 860 et
729 806 920 878 probabiliter
943 807 1129 860 demonstrat.
1175 805 1256 860 idem
1288 815 1383 861 tamen

170 893 323 946 perperam
347 876 442 946 carpit
464 876 596 946 Lipsiurn
624 885 652 930 et
670 877 782 932 lleines.
804 896 847 948 ep.
869 883 912 934 31.
930 895 959 948 p.
979 880 1040 934 att.
1066 877 1251 948 lapidemque
1276 880 1384 954 Bergo-

171 965 298 1002 mensem
317 947 388 1000 citat
406 955 542 1017 tanquam
561 945 607 1001 sui
624 947 756 1002 beneficii
775 947 871 1013 decus,
897 967 986 1020 quum
1015 947 1196 1020 epitaphium
1219 949 1310 1004 hocce
1335 953 1396 1003 esc-⁸

171 1027 289 1090 stetap.
309 1019 430 1073 Gruter.
456 1036 484 1088 p·
503 1021 563 1076 653.
589 1027 619 1072 et
641 1019 740 1072 alibi.“
763 1021 819 1072 lue.
842 1021 923 1072 tiron.
960 1018 1005 1072 Ad
1022 1018 1078 1072 boc
1101 1029 1187 1090 caput
1205 1023 1282 1078 conf,
1302 1021 1381 1074 Suet.

170 1088 231 1142 ‘l'ib
255 1094 299 1146 ts.
319 1097 345 1142 et
365 1090 414 1141 Cn.
434 1088 490 1142 MS.
512 1097 541 1143 et
559 1091 602 1143 ed.
622 1089 711 1146 Bekk.
732 1092 769 1146 ll.
798 1107 832 1142 uc
850 1091 983 1146 Gn.·edd.
1004 1091 1058 1146 rel.
1088 1124 1120 1134 -
1148 1091 1180 1147 P.
1200 1093 1324 1156 Quirino,
1356 1111 1381 1146 v.

170 1161 206 1214 ad
223 1165 251 1228 2,
270 1165 316 1227 11),
340 1163 366 1216 1.
405 1159 529 1216 Quirinio
553 1161 615 1215 edd
640 1170 697 1218 vet.
720 1170 787 1214 ante
810 1161 902 1233 ilyck.
941 1193 974 1206 -
1011 1162 1206 1231 quameunque
1225 1179 1275 1228 per
1304 1163 1382 1216 cnu-

171 1234 254 1285 doeos
271 1233 300 1284 in
319 1234 416 1286 domuin
436 1231 580 1286 Caesaris:
601 1233 700 1302 „quod
719 1249 833 1303 semper
851 1234 991 1304 capitale:
1025 1235 1069 1284 cai
1087 1235 1155 1287 enin
1181 1251 1246 1300 opus
1262 1249 1382 1300 peraeru-

171 1304 228 1356 tcn'
244 1320 324 1372 super
343 1303 473 1356 Caesaris
495 1303 590 1367 solute,
616 1305 671 1356 nisi
695 1321 714 1354 o
737 1321 786 1372 quo
810 1305 919 1374 aliquid
942 1305 1070 1358 adam
1093 1305 1169 1358 illuns
1186 1305 1327 1369 cogitetur
1346 1307 1384 1358 net

171 1381 289 1442 optetur,
313 1382 360 1428 aut
376 1381 437 1441 poet
453 1375 528 1427 ittann
546 1381 671 1441 sperotm
688 1381 715 1427 et
732 1375 894 1429 sustinetur!
920 1393 972 1428 non
998 1375 1123 1428 enimes
1144 1383 1228 1427 mente
1253 1377 1287 1427 de
1312 1377 1383 1430 curis

170 1447 330 1514 concutitur,
348 1461 400 1512 quo
417 1446 450 1496 de
468 1445 589 1512 domines,
607 1447 649 1500 ait
666 1447 796 1518 apposito
814 1447 850 1500 ad
867 1447 942 1500 banc
969 1464 1033 1500 rem
1059 1445 1184 1501 Tertull.
1210 1445 1297 1517 Apol.
1322 1447 1382 1504 35ss

171 1518 247 1584 Lips.
267 1517 311 1573 (li.
332 1517 368 1570 ad
385 1520 413 1583 1,
431 1519 476 1582 at,
497 1522 521 1572 1.
542 1543 576 1556 -
593 1517 692 1570 Manio
710 1518 813 1584 Lepido
831 1520 929 1584 fratre,
948 1537 975 1572 r.
995 1517 1031 1570 ad
1049 1523 1074 1583 1,
1094 1520 1140 1584 13,
1157 1521 1182 1573 2
1212 1551 1245 1560 -
1263 1525 1326 1584 poet
1345 1519 1381 1570 di-

170 1595 239 1641 ctum
256 1589 401 1655 repudias,
418 1596 571 1658 postquam
590 1589 652 1658 ipae
671 1605 732 1642 eam
757 1589 945 1660 repudiasset,
971 1588 1049 1660 quod
1072 1597 1138 1642 ante
1161 1605 1250 1642 anum
1268 1588 1319 1641 XX
1344 1591 1383 1641 ta·

171 1659 267 1726 ctum,
294 1661 367 1726 Lips.
395 1659 438 1713 cf.
466 1657 544 1715 Suet.
564 1659 584 1714 1.
598 1659 618 1714 l.
657 1691 690 1703 —
719 1663 825 1712 nocenti
846 1661 1040 1714 miserationem
1070 1659 1200 1712 iudicum
1228 1661 1384 1722 addiderat,

171 1739 376 1786 commoverat.
422 1730 583 1807 Longiores
610 1732 816 1808 gravioresque
841 1734 903 1787 irae
929 1732 1072 1785 invidiam
1097 1731 1247 1797 minuunt,
1276 1731 1384 1784 addunt

170 1803 409 1868 miserationem
427 1803 505 1854 Brut.

240 1911 266 1966 2.
296 1908 451 1978 dispexerit
470 1935 503 1947 —
521 1915 632 1964 nienten
655 1908 810 1982 Principis,
845 1929 873 1964 v.
898 1911 934 1966 ad
959 1909 1029 1998 Agr.
1056 1913 1099 1966 1⁰.
1128 1928 1157 1962 u.
1182 1913 1208 1966 6.
1249 1938 1282 1946 -
1317 1911 1385 1962 odeo

170 1982 253 2034 vertit
283 1996 317 2032 cc
340 1981 447 2034 miscuit
469 1979 531 2032 irae
560 1989 587 2034 et
609 1981 761 2036 clementiae
787 1983 886 2046 signa:
924 1982 1091 2049 „Qurdnam
1126 1979 1226 2035 uertit!
1260 1998 1298 2033 an
1327 1983 1385 2034 irae

170 2059 197 2106 et
226 2054 305 2108 'cient
335 2051 438 2118 signat
473 2051 539 2105 Non
565 2061 675 2123 putem.
713 2053 878 2130 intelligam
904 2069 943 2118 se,
974 2053 1013 2118 (r.
1041 2053 1077 2106 ad
1102 2057 1135 2120 4,
1164 2055 1221 2119 41.)
1259 2053 1385 2105 tnumvit

171 2141 254 2195 saepe
279 2125 449 2188 orationem,
475 2123 592 2176 modum
624 2125 761 2201 agendi.“
787 2125 851 2179 Ernss
890 2125 1006 2192 „Immo
1032 2124 1113 2176 uertit
1135 2133 1165 2177 et
1188 2124 1297 2176 miscuit
1320 2131 1384 2178 sunt

170 2213 331 2266 synonyma
349 2203 378 2249 et
396 2203 552 2264 utrumque
571 2204 682 2265 spectat
699 2195 836 2261 adsigna
854 2197 914 2249 irae
932 2203 958 2248 et
977 2195 1142 2258 clementiae,
1161 2193 1191 2246 b.
1203 2213 1228 2249 e.
1248 2196 1290 2250 ita
1315 2197 1384 2272 egit,

170 2275 203 2320 ut
221 2283 300 2320 nunc
318 2267 389 2328 irae,
401 2284 485 2337 ,nunc
503 2265 675 2322 clementiae
694 2269 776 2342 signa
794 2267 968 2324 ostenderet.
1004 2267 1079 2320 Nam
1096 2273 1199 2319 uertere
1217 2267 1386 2320 inconstan-

170 2339 241 2392 tiam
260 2338 393 2402 deuotat;
412 2337 488 2391 unde
507 2338 656 2392 versutus.“
677 2338 782 2391 Want.
802 2369 833 2380 -
845 2339 1012 2405 deprecatus,
1031 2347 1176 2409 precatus,
1196 2346 1230 2390 ut
1248 2353 1274 2390 c.
1294 2341 1340 2394 24.
1359 2345 1384 2390 et

170 2413 214 2475 15,
233 2413 276 2466 53.
298 2437 330 2447 -·
349 2416 431 2462 testes
448 2408 540 2461 illexit
558 2410 596 2461 nd
611 2409 783 2476 proferenda,
803 2425 869 2476 quoe
887 2412 958 2462 vetut
976 2410 1091 2462 reticere
1116 2411 1252 2462 voluerat.-
1278 2411 1309 2461 in
1329 2409 1383 2463 idS.
1419 2473 1420 2480 ἵ

168 2481 300 2548 profonda
318 2479 355 2546 (v.
376 2479 412 2532 ad
430 2483 457 2546 1,
475 2481 520 2544 63,
538 2479 576 2544 3.)
596 2489 625 2534 et
642 2481 752 2533 reicere.
773 2481 849 2533 Hinc
867 2482 905 2532 od
924 2481 1062 2548 profando
1076 2479 1186 2534 emend
1215 2479 1272 2536 lac.
1292 2481 1383 2533 Gron.

170 2562 200 2606 et
218 2551 265 2608 Sd.
294 2553 325 2604 in
343 2550 466 2622 Ephesi.
490 2550 535 2602 lit.
559 2551 618 2613 len.
646 2571 670 2605 a.
693 2555 769 2608 1824.
794 2570 821 2623 p.
840 2554 902 2614 193,
927 2553 964 2603 ad
983 2553 1147 2618 proterenda
1166 2551 1296 2618 (delicta)
1324 2567 1385 2620 quae

170 2621 311 2694 (quorum
329 2623 538 2708 cognitionem)
556 2625 628 2676 vetut
645 2624 759 2676 reiicere
776 2625 897 2676 voluerat
921 2622 1006 2677 dedit
1021 2621 1101 2678 Pioh.
1131 2625 1161 2676 in
1181 2622 1224 2678 ed.
1244 2623 1268 2678 l.
1289 2631 1322 2676 et
1346 2640 1385 2675 re-

168 2694 250 2747 ticeri
263 2695 342 2764 lips.
368 2713 399 2746 m
427 2693 471 2748 ed.
498 2712 524 2749 a.
544 2697 622 2752 lant.
649 2696 788 2748 uoluerant
814 2694 939 2748 malebat
963 2697 1037 2749 lilur.
1074 2693 1133 2748 Aut
1151 2691 1308 2748 delendum
1330 2712 1385 2748 esse
1419 2753 1420 2756 Ἴ

136 2807 138 2812 .
168 2765 250 2828 veliti,
276 2771 326 2818 aut
350 2765 378 2819 le
402 2803 409 2816 .
434 2771 552 2818 senatum
577 2764 738 2818 arbitratur
764 2765 897 2842 Wagner
920 2767 951 2817 in
998 2766 1087 2820 rolus.
1114 2774 1181 2819 ante
1199 2763 1284 2820 catal.
1305 2764 1384 2818 lectt.
1419 2789 1420 2804 2

168 2837 313 2914 Marburg.
335 2785 413 2893 ldlgd.
445 2835 632 2904 „proferendo
655 2845 685 2891 et
702 2839 775 2889 vetut
798 2839 913 2890 reticere
937 2785 998 2892 edi
1019 2833 1082 2890 liei.
1102 2836 1193 2892 liban.
1214 2825 1280 2891 Ᾰ111,
1308 2837 1383 2906 Lips.
1419 2895 1420 2900 Ἰ

168 2909 292 2980 priores,
312 2907 388 2962 Picb.
408 2905 446 2962 il.
468 2907 553 2960 Grut.
574 2907 611 2964 lt.
631 2916 660 2962 et
678 2926 736 2965 reo.
765 2907 797 2960 in
816 2907 919 2978 quibus
939 2908 1047 2963 merito
1066 2908 1287 2980 acquiescimus.
1333 2909 1383 2960 Vo-
1419 2919 1420 2968 1

168 2981 256 3032 tnerct
275 2981 397 3051 respicit
415 2978 450 3032 ad
468 2978 711 3049 deprecationem,
743 2997 829 3049 mam
856 2981 984 3050 scriptor
1007 2987 1073 3032 ante
1097 2979 1210 3032 dixerat
1234 2998 1252 3032 a
1270 2977 1386 3033 Tiberio
1419 2989 1420 2994 ’

169 3053 201 3104 in
225 3061 326 3106 senatu
351 3052 465 3105 factam.
508 3051 587 3104 Velut
612 3051 830 3104 simulationem
859 3051 985 3116 denotat,
1017 3049 1118 3106 Germ.
1143 3049 1385 3127 vorgeblicb,
1419 3097 1420 3106 ,

168 3131 202 3175 ιι1
221 3127 246 3188 l,
265 3127 290 3180 8.
311 3123 412 3176 milites
429 3122 501 3175 vetut
517 3121 657 3188 praesidio
676 3129 784 3188 stetere,
807 3121 836 3178 h.
852 3140 874 3176 e.
895 3139 955 3176 non
973 3121 1123 3193 praesidii,
1149 3121 1199 3175 sed
1217 3122 1386 3176 ostentatio·
1419 3135 1420 3162 1

169 3196 215 3248 nis
236 3194 444 3267 imperatoriae
462 3210 561 3258 causa,
581 3197 606 3259 1,
627 3196 668 3248 to.
690 3196 846 3260 praevelat
864 3194 1016 3246 excusando
1036 3193 1222 3260 exprobraret,
1246 3191 1277 3244 b.
1292 3211 1317 3246 e.
1340 3211 1386 3246 ex·

168 3267 329 3320 cusationis
353 3267 448 3342 gratia
470 3263 623 3318 videbatur
646 3281 677 3317 ea
700 3265 845 3336 proferre,
864 3263 914 3318 sed
938 3283 971 3319 re
999 3283 1069 3319 vera
1086 3263 1296 3335 exprobrabat.
1341 3262 1386 3316 Sic

168 3335 253 3392 verba
273 3354 339 3406 qaae
356 3337 428 3388 vetut
446 3337 563 3388 reticere
580 3337 702 3388 uoluerat
721 3337 896 3411 significant,
915 3354 989 3406 quae
1003 3351 1062 3389 non
1080 3352 1112 3390 re
1126 3353 1196 3390 vera
1209 3353 1256 3389 eos
1274 3335 1386 3401 (testes)
1419 3315 1420 3368 1

168 3410 293 3472 reticere
312 3409 454 3472 voluerat,
474 3405 524 3460 sed
542 3415 652 3460 tantum
671 3405 986 3470 vellesimulaveratss
1006 3405 1111 3459 Want.
1142 3439 1175 3449 -
1193 3423 1287 3460 anuos
1306 3406 1385 3472 Lepi
1419 3429 1420 3480 ss

167 3479 230 3542 due,
260 3497 334 3546 quum
360 3477 475 3531 militari
500 3478 624 3531 custodio
647 3475 820 3542 induentur,
846 3478 997 3532 'transtulit
1023 3479 1061 3528 od
1085 3480 1217 3543 consules,
1254 3496 1281 3533 r.
1307 3479 1385 3546 [ips.
1419 3485 1420 3514 ³

167 3553 238 3604 nse.
259 3549 296 3606 ll.
317 3549 353 3604 ad
370 3549 438 3606 Tac.
458 3549 533 3604 Anu.
554 3549 607 3603 111.
628 3556 657 3602 et
675 3549 710 3602 ad
728 3549 803 3605 Anu.
822 3553 850 3616 6,
868 3553 895 3606 3,
915 3549 964 3602 ubi
982 3549 1054 3604 haec
1081 3550 1248 3602 annotavit:
1278 3549 1386 3614 „Prae-
1419 3543 1420 3608 1

168 3632 217 3676 ter
234 3622 380 3674 custodium
404 3622 545 3674 militarem
571 3620 630 3674 alia
653 3619 771 3690 duplex,
798 3621 874 3691 apud
892 3623 1082 3698 magistratus
1101 3619 1176 3683 (h.1.·
1195 3620 1333 3688 comta)
1359 3627 1387 3672 et
1419 3629 1420 3704 p

168 3693 245 3764 apud
262 3693 356 3749 vades.
394 3693 475 3758 Apud
492 3691 680 3758 magistratus,
700 3709 789 3762 quum
807 3710 875 3747 reus
894 3692 1024 3757 Consuli,
1043 3692 1183 3757 Praetori,
1208 3691 1317 3756 Aedili,
1342 3691 1386 3742 iu·

168 3766 285 3819 terdum
304 3772 333 3819 et
351 3763 490 3829 senatori,
518 3764 604 3817 etiam
624 3779 683 3816 non
707 3765 924 3840 amagistratu,
944 3761 1198 3828 committebatur3
1225 3763 1304 3834 quod
1328 3779 1386 3815 non
1419 3749 1420 3822 Ῐ

167 3839 227 3890 nisi
245 3839 276 3889 in
294 3838 353 3890 reis
372 3835 583 3890 illustrioribus
601 3843 783 3904 usurpatum,
805 3853 895 3906 eaque
917 3835 1041 3888 custodia
1058 3834 1148 3888 libera
1166 3833 1253 3888 dicta.
1272 3851 1300 3886 v.
1320 3835 1384 3896 6,3.
1419 3879 1420 3914 ,

168 3907 236 3962 sall.
259 3908 319 3965 cat.
338 3911 382 3964 47.
401 3908 465 3962 hiv.
485 3909 512 3972 6,
530 3909 566 3963 36
586 3914 659 3960 extr.
679 3905 739 3962 Cio.
759 3907 840 3963 Brut.
860 3909 905 3963 96.
929 3905 1049 3973 111οὸ8,
1072 3909 1098 3962 3-
1125 3903 1222 3958 Sidon.
1250 3923 1293 3976 ep.
1314 3909 1343 3969 1,
1361 3905 1385 3960 7.
1419 3929 1420 3976 3

169 3981 301 4034 Custodia
322 3980 396 4049 opud
418 3977 508 4042 vades,
533 3995 624 4049 quum
651 3993 751 4037 eorum
774 3977 907 4048 periculo
926 3976 1141 4032 fideiussoribus
1166 3995 1234 4030 reus
1257 3974 1387 4030 tradeba-
1419 3979 1420 4034 1

168 4059 223 4104 tur.
243 4069 272 4108 v.
291 4053 318 4116 6,
336 4055 362 4108 8.
381 4048 460 4103 Suet.
489 4049 549 4106 vit.
573 4053 599 4106 1.
619 4047 736 4119 Ulpian.
762 4049 783 4105 l.
804 4054 828 4106 1.
858 4049 893 4103 de
911 4057 983 4104 cust.
1013 4065 1133 4103 reorum
1160 4055 1189 4102 et
1206 4045 1318 4118 Syrum.
1341 4064 1385 4116 ep.

167 4123 225 4178 1.1.
252 4123 352 4186 Sintai,
371 4119 492 4176 utFelia
509 4121 632 4186 uadibus,
657 4121 703 4188 qui
720 4119 867 4185 Fulgentio
885 4137 937 4172 non
955 4127 1043 4174 essent
1062 4118 1177 4185 cogniti,
1204 4115 1387 4171 traderetur.“
1419 4113 1420 4182 1

121 4203 124 4216 ¹
169 4193 213 4248 ct.
232 4193 269 4246 ad
286 4199 312 4258 1,
330 4197 375 4257 al,
396 4191 467 4257 ta,
486 4193 532 4257 ³6,
550 4195 577 4248 1.
596 4195 625 4257 3,
642 4193 688 4257 61,
709 4197 733 4247 1.
754 4196 799 4254 lt,
818 4193 862 4248 60.
883 4193 918 4248 H.
938 4195 966 4258 3,
985 4193 1030 4256 la,
1048 4193 1074 4248 4.
1097 4199 1127 4246 at
1144 4193 1234 4257 t,·11‚
1252 4193 1277 4247 9.
1419 4191 1420 4264 1

238 4303 264 4354 3.
285 4297 489 4360 Euenitetiom
507 4297 622 4352 Dnuann
639 4299 770 4352 cumton
788 4297 956 4364 designatius
982 4297 1113 4351 dicendus
1135 4295 1221 4365 princ
1243 4298 1302 4352 tom
1327 4311 1385 4349 een-
