2904 4798
189 199 252 264 400
580 195 825 264 ANNALIUM
844 198 929 264 LlB.
953 197 1013 262 lv.

189 383 250 422 non
271 367 468 426 necessarium
494 371 576 452 puto.
612 365 675 422 Nso
697 363 774 418 illu'd
797 371 920 431 oenum,
951 381 998 420 eas
1024 383 1041 420 e
1066 366 1179 420 civibus
1204 364 1287 422 non.
1320 366 1407 422 lectas

188 439 294 493 fuisse:
312 457 379 492 nam
397 437 562 524 legionibus
581 439 668 494 mium
686 437 831 492 sociorum
849 437 963 509 equites
986 438 1078 493 luisse
1096 437 1208 492 additos
1230 440 1289 492 iam
1309 437 1407 492 Caesa-

190 511 232 566 ris
257 518 286 565 et
313 519 453 566 extremas
480 509 588 564 liberae
610 510 656 564 rei
679 507 760 580 publ.
784 508 976 580 temporibus,
1004 507 1118 564 clarum
1146 519 1245 566 estex
1263 509 1358 562 Hirtii
1375 509 1405 562 B.

188 581 272 636 Alex.
293 600 319 636 c.
339 585 382 640 34.
401 580 521 636 ubilin.
542 579 688 636 Domitius
706 579 819 658 legioni
836 579 948 633 XXXVI
967 581 1080 650 equites
1103 589 1218 636 oentum
1237 599 1253 634 a
1270 581 1405 634 Deiotaro

188 652 368 724 totidemque
386 651 420 706 ab
438 651 633 708 Ariobarzane
650 651 819 728 adiungit.“
838 651 907 704 Ern.
944 651 1065 717 „immo
1084 653 1197 706 olarios
1215 668 1298 722 eques
1317 653 1406 705 socio-

188 741 255 777 rum
274 732 338 777 erat
356 731 385 778 et
403 723 534 778 diversus
553 725 587 778 ab
606 723 748 795 eqns'ts'bns
766 723 918 792 legionem,
941 730 975 775 ut
992 731 1074 794 patet
1092 741 1128 778 ex
1144 723 1175 776 b.
1188 724 1209 780 l.
1229 733 1259 778 et
1278 723 1343 777 biv.
1362 727 1405 790 40,

186 797 232 852 40.
269 793 392 867 Equites
417 794 471 848 bos
496 795 638 850 Romanos
655 795 744 850 luisse
768 795 914 863 equestris
931 794 1043 848 ordinis
1066 795 1188 850 minime
1212 795 1355 860 dixerim3
1378 803 1407 847 st

187 867 266 920 cives
284 865 429 921 Romanos
447 867 537 921 luisse
557 868 701 924 existimo.
737 865 795 920 Diu
813 865 931 936 quidem
949 865 1079 942 legiones
1097 866 1244 938 equitibus
1270 883 1406 932 caruere3

187 937 238 992 sed
255 947 357 1009 postes
372 939 506 1006 proprios
523 945 552 992 et
570 937 627 992 sibi
654 937 760 992 insitos
783 955 800 991 e
818 937 893 990 ns'tee
910 937 1087 1006 &nouenos
1113 939 1219 992 s's'edem
1244 937 1406 992 matriculis

186 1015 308 1066 renuere.
346 1009 391 1064 lta
416 1011 518 1087 Veget.
543 1011 570 1076 4,
601 1012 627 1065 4.
664 1009 726 1064 Neo
749 955 908 1081 probabilia
935 1009 1054 1064 videtur
1084 1009 1218 1064 Ernestii
1252 1010 1405 1074 sententia,

186 1079 250 1134 istis
275 1081 456 1152 temporibus
484 1081 644 1152 equitatum
672 1097 787 1136 omnem
806 1099 822 1134 e
840 1081 926 1134 sociis
945 1081 1141 1135 constitisse.“
1165 1081 1247 1133 Brot.
1285 1081 1407 1152 Equites

186 1153 332 1204 sociorum
351 1151 445 1205 alaeis'
463 1151 603 1206 dicuntur
620 1153 709 1206 etiam
728 1155 754 1219 3,
774 1155 818 1208 30.
840 1155 882 1217 14,
901 1153 946 1208 47.
968 1155 1010 1216 13,
1025 1155 1069 1208 35.
1090 1153 1130 1215 15,
1151 1157 1192 1207 10.
1213 1153 1279 1205 lain.
1299 1155 1345 1216 40,
1364 1155 1405 1207 40.

184 1229 218 1278 ut
231 1219 358 1276 cobortes
375 1223 487 1276 alariae
506 1242 529 1277 s.
549 1223 644 1276 olores
662 1225 726 1276 biv.
747 1227 791 1289 10,
810 1225 853 1279 10.
873 1238 975 1276 eorum
993 1223 1147 1293 peditatus.
1184 1223 1308 1277 Socialis
1329 1223 1406 1277 enim

184 1295 333 1348 exercitiis
353 1295 384 1348 in
402 1295 458 1349 duo
478 1311 600 1366 corpora
625 1293 816 1360 dividebatur,
837 1295 868 1346 in
887 1295 965 1347 olum
987 1293 1116 1348 deorsam
1139 1303 1169 1350 et
1193 1295 1355 1348 ss'ne'strmn.
1379 1313 1406 1349 v.

184 1365 250 1420 Ην.
270 1369 314 1430 10,
333 1369 378 1422 40.
397 1368 443 1433 47,
462 1369 491 1422 4.
509 1369 555 1434 01,
574 1370 618 1424 41.
637 1369 682 1432 35,
701 1369 727 1423 5.
746 1371 792 1432 40,
810 1369 853 1422 31.
874 1369 921 1422 40.
957 1364 1014 1420 Sed
1031 1366 1080 1420 olo
1107 1369 1196 1420 etiam
1221 1367 1336 1438 equites
1353 1366 1406 1420 lio·

184 1437 265 1491 mani
289 1437 429 1492 dicuntur
451 1439 517 1491 Lir.
537 1440 564 1504 4,
588 1441 678 1504 400,
704 1441 748 1495 30.
768 1441 813 1506 43,
830 1439 876 1494 st.
896 1440 940 1502 49,
960 1441 985 1494 1.
1011 1445 1041 1492 et
1064 1438 1101 1492 al.
1138 1439 1200 1494 Gur
1224 1454 1297 1494 vero
1317 1438 1407 1492 altera

184 1507 230 1562 ala
247 1517 350 1562 vocata
369 1511 407 1562 sit
425 1511 535 1575 dextro,
554 1509 647 1564 altera
664 1509 797 1578 sindana,
822 1509 969 1562 nonsatis
997 1517 1119 1573 constat,
1145 1525 1199 1564 nec
1224 1510 1329 1563 docuit
1357 1525 1406 1562 nos

184 1577 1172 1666 1017111046.ν.1.1Ρι.1οιιιὶΙ.11οιιι.4,47εῒῦιιῌᾴὴίν.
1199 1583 1245 1646 47,
1271 1583 1316 1636 14.
1355 1579 1406 1664 ille

183 1651 1405 1799 ’111111111111111115.’111“.1·,1“.1.11111,.114.112

182 1739 236 1858 llos.
251 1793 327 1848 Gall.
341 1795 386 1860 10,
402 1798 419 1852 4
433 1795 520 1859 extr.)
538 1793 590 1846 laic
614 1809 685 1848 vero
704 1810 764 1848 non
778 1813 795 1848 a
815 1795 899 1860 locis,
918 1811 1005 1864 quem
1024 1795 1056 1848 in
1069 1795 1131 1848 acis
1148 1795 1314 1850 senuissent
1327 1793 1407 1866 (quia

180 1865 382 1919 tamdettram
395 1867 427 1920 in
436 1866 568 1930 sinistro,
622 1883 669 1920 arn
681 1865 832 1919 sinistram
846 1866 989 1920 indextro
1007 1881 1099 1920 cornu
1132 1884 1256 1943 ugnasse
1270 1867 1323 1920 vel
1334 1884 1407 1919 unus

181 1935 262 1990 locus
280 1937 344 1990 Liv.
359 1939 404 2000 47,
415 1941 441 1994 4.
463 1937 594 1992 ostendat
623 1936 673 1991 sed
690 1929 746 2007 pbo
763 1935 886 1990 arbitrio
899 1885 1191 2007 impentorumlaec
1209 1937 1272 1990 illis
1288 1937 1407 1990 nonnae

94 2025 101 2032 ’
180 2007 273 2062 tuisse
291 2008 456 2079 impositae
472 2009 555 2074 locis,
574 2025 646 2078 qum
659 2016 847 2078 occupassent
861 2007 893 2060 in
910 2007 1023 2074 castris,
1040 2006 1071 2063 1ι.
1084 2026 1108 2062 e.
1120 2025 1156 2062 ex
1169 2025 1202 2062 eo
1217 2008 1298 2078 quod
1317 2007 1407 2062 altera

181 2095 283 2132 mrum
301 2080 334 2132 in
351 2079 463 2142 dextra,
482 2079 574 2134 altera
591 2081 623 2132 in
641 2079 761 2132 sinistra
779 2087 941 2132 castrorum
965 2084 1049 2146 parte
1067 2077 1245 2132 tetendisset.
1274 2077 1322 2131 Cf.
1344 2079 1405 2134 tna.

178 2150 226 2218 40,
245 2151 289 2205 14.
308 2149 354 2212 47,
373 2151 416 2204 14.
436 2153 482 2215 31,
500 2150 544 2204 41.
573 2179 605 2190 -
630 2147 659 2200 ss'
684 2147 772 2202 ιιίιιιιΙ
789 2148 993 2214 inonbnieeent,
1011 2165 1039 2202 v.
1058 2147 1094 2202 ad
1111 2165 1137 2202 c.
1157 2152 1199 2206 44.
1218 2167 1248 2202 ιι.
1270 2155 1296 2203 1.

252 2257 277 2312 4.
299 2251 420 2324 Cethego
439 2253 565 2308 Labeoni
583 2254 677 2322 iegato
697 2253 812 2326 quintae
830 2254 963 2324 legionis,
984 2253 1020 2309 de
1038 2271 1095 2326 qua
1111 2271 1140 2306 v·
1160 2259 1187 2322 l,
1205 2259 1249 2312 45.
1285 2255 1407 2325 Cethego

179 2325 244 2382 edd.
264 2326 342 2398 Lips.
362 2333 391 2380 et
410 2342 467 2380 rec.
504 2323 632 2380 caroccio
652 2327 759 2381 vitiose
779 2325 840 2381 edd.
860 2335 919 2381 vet.
947 2353 979 2364 -
1004 2326 1068 2379 acsi
1088 2341 1187 2395 pugno
1207 2329 1287 2382 inter
1312 2327 1405 2382 Sneck

180 2405 212 2452 et
229 2397 367 2452 Lewerde
385 2399 550 2464 commisse,
570 2397 605 2452 de
625 2415 680 2468 qua
697 2416 726 2454 v.
746 2397 829 2451 Altin
853 2436 859 2449 .
881 2399 981 2452 Germ.
1002 2397 1054 2453 inf.
1075 2407 1134 2454 ant.
1148 2417 1176 2468 p.
1187 2401 1228 2454 14.
1241 2401 1304 2466 15.;
1323 2401 1406 2456 Brot.

181 2497 215 2507 -
232 2468 326 2539 Neque
350 2470 407 2524 dux
425 2469 569 2522 lioneonns
596 2469 686 2522 aelium
709 2469 747 2522 s's't
772 2417 856 2526 illud.
891 2470 936 2526 Gi.
965 2469 1046 2535 adl,
1066 2473 1093 2534 1,
1112 2471 1138 2526 4.
1168 2470 1312 2524 Romanos
1330 2475 1405 2526 coni.

179 2539 259 2596 Pich.
282 2570 312 2579 —
332 2541 464 2608 insignes
482 2541 667 2605 centuriones,
685 2559 713 2596 v.
733 2541 814 2607 1114,
834 2545 879 2607 ll,
900 2546 924 2597 1.
954 2575 987 2584 -
1007 2539 1084 2609 opud
1102 2541 1192 2596 locum
1210 2560 1336 2608 sacrum,
1366 2545 1404 2609 (v.

180 2611 216 2666 ed
234 2611 270 2666 G.
290 2613 317 2668 9.
336 2629 366 2667 n.
386 2611 426 2679 7.)
445 2629 524 2683 quem
542 2611 734 2666 Baduhennae
752 2620 850 2666 secane
869 2613 981 2678 lucum,
1011 2629 1054 2678 „a
1078 2614 1198 2667 nomine
1216 2613 1306 2668 Padae
1325 2615 1406 2679 deae,

180 2698 260 2737 nuno
277 2683 345 2736 Han
363 2681 441 2736 Pnde
460 2685 491 2736 in
509 2683 623 2737 Frisiae
642 2684 829 2738 occidentalis
847 2691 942 2755 parte,
962 2701 1036 2754 quae
1055 2682 1264 2739 Sevenwolden
1284 2685 1405 2741 dicitur.

178 2756 246 2810 Non
264 2753 369 2826 procul
388 2753 456 2808 inde
475 2755 601 2808 eiusdem
622 2755 691 2810 deae
708 2755 883 2808 vocabulum
903 2755 968 2808 loco
988 2755 1066 2808 edito
1079 2755 1225 2810 tributum
1241 2758 1405 2828 reperitur,

178 2825 270 2904 vulgo
289 2823 411 2878 Podesto
430 2843 479 2878 seu
497 2825 598 2879 Paesto
617 2827 637 2882 i.
652 2845 678 2881 e.
698 2826 788 2881 Padae
807 2827 962 2880 excelsum.
995 2823 1035 2878 Et
1054 2827 1085 2879 in
1105 2827 1278 2881 Chattorum
1297 2827 1406 2881 tinibus

179 2897 228 2952 vel
245 2913 339 2968 prope
358 2905 402 2951 est
428 2899 495 2951 fons
513 2896 603 2952 Padae
627 2915 717 2964 sacer,
743 2917 759 2952 a
778 2915 835 2969 quo
854 2897 1039 2952 Podoeborno
1058 2899 1209 2970 appellata.
1247 2899 1406 2953 Cluverius

180 2969 283 3024 Germ.
308 2977 366 3022 ant.
395 2969 419 3034 1,
442 2969 486 3024 40.
510 2987 540 3040 p.
560 2969 621 3024 574.
653 2969 734 3022 vocis
760 2978 880 3039 etymon
903 2967 1022 3023 deducit
1048 2969 1082 3026 ab
1110 2971 1188 3024 arab.
1217 2971 1329 3034 Redon,
1357 2972 1406 3024 lat.

176 3039 361 3110 principium,
388 3039 487 3096 Genu.
508 3041 683 3115 tenfang‚
712 3048 798 3112 atque
822 3048 907 3113 putat
926 3041 1003 3094 idem
1020 3041 1110 3095 fuisse
1129 3059 1235 3095 nurraen
1254 3039 1406 3096 Boeota-

178 3128 245 3166 nom
264 3119 293 3165 et
314 3111 481 3179 Tonfonnm.
502 3111 629 3178 „Menso
648 3111 761 3180 Alting.
781 3113 869 3165 notit.
889 3110 984 3166 Batar.
1004 3119 1035 3166 et
1052 3111 1129 3164 Fris.
1149 3121 1209 3168 ant.
1228 3111 1263 3171 T.
1272 3113 1295 3170 l.
1316 3133 1349 3186 p.
1366 3117 1404 3169 14.

178 3183 236 3238 Sed
254 3185 353 3236 lucum
373 3181 565 3237 Baduhennae
584 3184 675 3238 fuisse
694 3184 725 3236 in
743 3183 862 3237 Batavis
881 3189 1038 3253 septentr.,·
1054 3191 1138 3254 parte
1149 3183 1265 3238 Galliae
1282 3187 1406 3256 provin-

178 3257 252 3322 ciae,
279 3255 430 3308 contendit
447 3253 600 3308 Reiehard.
621 3255 652 3306 in
670 3254 746 3310 Orbe
765 3263 836 3310 terr.
856 3263 915 3310 ent.
937 3261 966 3307 et
984 3255 1102 3325 quidem
1122 3255 1153 3307 in
1171 3256 1227 3312 tab.
1247 3257 1295 3308 tx.
1326 3257 1407 3310 lndi·

179 3335 271 3452 dlsvlo
294 3325 418 3451 oerdlellle
435 3325 816 3452 dbddldlidmlbfferAdddun
826 3323 1025 3452 ollddrbddddh
1030 3326 1077 3452 Ι(111
1080 3325 1281 3455 11111181111
1292 3345 1333 3472 lp.
1345 3331 1404 3455 1164

178 3501 210 3512 -
230 3469 422 3536 inposterum
441 3485 479 3524 sc.
499 3467 586 3526 diem.
607 3469 652 3525 Cf.
672 3467 708 3522 ed
726 3486 749 3521 c.
771 3469 815 3525 45.
834 3487 863 3525 n.
883 3471 909 3524 4.
939 3495 971 3505 -
992 3469 1172 3538 Omptorics's
1198 3469 1271 3522 villo
1289 3473 1324 3525 in
1340 3471 1406 3523 Fri·

178 3541 221 3593 sia
239 3539 319 3593 haud
335 3538 441 3612 procul
459 3539 493 3593 ab
512 3541 583 3594 urbe
602 3539 713 3608 Sneck3
733 3541 816 3594 Brol.
854 3539 1055 3608 „Hem-non
1077 3541 1159 3594 vicus
1184 3541 1217 3594 in
1234 3541 1404 3612 Opsterlan·

177 3609 235 3676 dia,
254 3613 337 3682 quasi
355 3611 442 3664 Herm
460 3626 515 3664 oon
533 3611 613 3678 Rite,
631 3611 705 3665 villa
723 3611 814 3677 ilicis,
834 3611 940 3665 omissa
956 3611 1054 3680 prima
1065 3611 1192 3666 nominis
1210 3621 1308 3683 parte,
1330 3613 1405 3684 quod

162 3687 352 3754 'praenomen
373 3699 434 3735 esso
452 3684 550 3752 potuit
568 3691 618 3736 aut
635 3683 729 3754 patris
747 3698 863 3748 nomen,
884 3681 993 3735 Grnbbe
1010 3681 1086 3750 Rota
1105 3699 1157 3737 seu
1175 3683 1301 3738 Gretoo·
1320 3682 1402 3755 liele,

177 3753 228 3807 vel
246 3753 383 3822 Gruppele
409 3753 489 3820 ltine,
517 3771 534 3806 a
552 3753 774 3820 claudicatione,
795 3771 830 3806 ex
849 3751 986 3819 vulnere3
1004 3753 1081 3807 unde
1100 3755 1279 3826 qnondam
1299 3758 1404 3824 stipen-

178 3825 301 3878 diarii.“
320 3825 431 3893 Alting.
451 3824 470 3880 l.
483 3825 504 3880 1.
523 3829 616 3897 pola
628 3859 661 3868 —
676 3825 818 3896 quondam
836 3823 1035 3893 stipendiarii,
1055 3833 1089 3878 ot
1101 3829 1128 3892 4,
1138 3827 1175 3882 40
1188 3843 1253 3896 pr.;
1273 3827 1402 3882 Freinai.

178 3904 209 3951 et
230 3893 338 3954 Wann.
358 3896 467 3950 Immo:
494 3895 546 3969 qui
565 3897 709 3970 stipendia
727 3895 799 3950 olim
818 3897 850 3950 in
868 3895 1001 3950 exercitu
1021 3895 1105 3950 Rom.
1131 3905 1298 3966 meruerat3
1324 3901 1401 3954 Brol.

585 4087 608 4142 G
626 4089 651 4142 A
670 4089 690 4142 P
708 4085 778 4142 ut
831 4088 981 4142 LXXIV.

261 4191 396 4256 Clarum
417 4191 494 4257 inde
515 4199 608 4258 inter
629 4195 814 4260 Germanos
836 4195 979 4260 Frisium
1007 4217 1140 4276 nomen,
1171 4193 1400 4263 dissimulante

180 4271 319 4336 Tiberio
342 4273 472 4356 demna,
495 4297 536 4340 ne
558 4280 612 4342 cui
634 4277 759 4344 bellum
790 4281 1011 4362 permitteret.
1054 4279 1173 4363 Neque
1205 4289 1341 4346 senatus
1369 4285 1400 4343 io

697 4441 706 4470 l
