2872 4792
163 191 224 256 iss
350 284 352 290 Ι
559 136 803 252 omniorum
837 187 921 253 ute.
943 189 984 254 11.

162 353 228 408 Tac.
249 359 286 408 er
303 352 357 408 heo
374 353 541 408 narratione
561 355 702 426 suspicari
719 370 771 408 nos
789 353 918 410 volebat:
944 371 1016 426 quae
1042 371 1100 409 non
1129 354 1283 410 admodum
1302 357 1381 410 inso-

162 427 224 480 lens
244 426 320 479 ratio
339 426 410 480 est.“
433 425 519 490 Wolf.
556 425 631 480 Aliis
654 425 802 480 obscurior
830 428 950 482 videtur
972 445 1005 480 ac
1021 425 1134 480 'manca
1157 427 1229 480 haec
1247 429 1381 482 narratio

162 507 191 552 et
210 495 329 552 silentio
347 498 551 567 praetermissa
569 498 665 551 omnis
684 498 853 552 Germanioi
872 497 1018 570 expeditio
1042 499 1076 552 ab
1095 499 1171 552 ostio
1189 498 1317 552 Amisiae
1345 500 1382 552 ad

161 569 321 646 Visurgim.
347 587 375 622 v.
401 565 563 624 Wilhelmi
588 570 725 624 German.
749 567 912 641 p.163sq.
940 569 1080 624 Rickleis.
1109 569 1146 622 ad
1162 570 1226 624 h.l.
1253 579 1283 624 et
1301 573 1382 624 Aian-

162 643 241 694 nerti
260 639 366 716 Geogr.
392 639 425 693 T.
446 629 497 695 111.
529 657 558 710 p.
583 644 635 697 104
659 659 708 718 sq.
740 641 797 706 „At
839 643 883 694 uis
902 641 1017 696 tandem
1045 641 1213 708 affimnabit,
1245 641 1382 712 plurium

162 713 279 764 dierum
297 713 390 784 spatio
409 721 571 766 memoratu
589 711 711 788 dignum
731 660 842 783 aliquid
865 711 1025 768 accidisse?
1062 713 1255 766 Germanicus
1273 731 1381 790 agmen

162 783 246 840 duxit
263 799 319 854 per
335 785 467 836 nationes
485 791 599 853 pacatas
618 792 668 843 aut
686 784 730 836 nil
749 792 851 838 contra
868 785 963 855 ipsum
982 783 1151 850 molientes3
1178 783 1250 836 hino
1267 787 1381 838 factum

162 863 214 921 est,
234 862 267 906 ut
285 854 460 908 illacessitus
479 855 515 908 ad
533 855 682 931 Visurgim
694 857 874 926 perveniret,
894 855 943 908 ubi
961 853 1060 909 hostes
1083 865 1176 921 erant,
1243 871 1274 910 os
1299 865 1382 926 pete·

161 927 217 983 bat.
254 925 308 978 lbi·
321 933 417 978 castro
443 933 555 978 metatus
578 933 619 978 est
645 943 683 978 sc.
709 927 814 980 stativa
841 936 871 980 et
895 927 954 980 rite
976 927 1153 997 permunita.
1191 873 1241 980 [qu
1249 927 1382 998 primum

162 1007 233 1050 tuuc
251 1005 414 1050 memoratu
433 997 554 1074 dignum
572 997 681 1051 accidit
704 1005 771 1070 post
800 1004 964 1068 superatam
982 997 1133 1050 Amisiam.
1170 1000 1246 1052 Nam
1269 998 1301 1051 in
1329 999 1381 1050 iti-

161 1086 242 1135 nere,
262 1069 312 1122 ubi
330 1069 421 1121 nimia
439 1069 593 1124 necessitas
613 1085 671 1122 non
689 1077 846 1140 premeret,
869 1069 991 1122 Romani
1015 1068 1189 1140 caespitibus
1217 1070 1382 1122 circumda-

161 1142 199 1194 tis
217 1141 301 1194 velut
318 1157 435 1193 murum
455 1141 614 1206 struebant,
633 1158 726 1210 neque
745 1140 926 1194 metabantur
950 1149 1053 1207 castra,
1084 1139 1134 1194 sed
1157 1139 1317 1194 secundum
1337 1141 1382 1194 io·

161 1229 263 1266 corum
287 1213 429 1266 rationem
454 1229 532 1264 nnnc
556 1211 690 1278 rotunda,
723 1228 801 1264 nunc
826 1212 990 1288 triangula,
1018 1227 1096 1264 nunc
1121 1212 1261 1282 qrsadreta
1289 1213 1383 1266 facie·

160 1284 237 1340 bant.
263 1303 292 1338 v.
312 1283 348 1336 ad
411 1301 435 1336 r.
455 1286 498 1338 22.
518 1301 546 1334 n.
565 1286 592 1338 3.
611 1285 711 1360 Veget.
733 1288 759 1348 1,
779 1286 822 1338 24.
842 1286 870 1348 5,
890 1287 917 1339 8.
937 1281 1009 1337 Sall.
1028 1283 1091 1360 lug.
1111 1300 1138 1336 o·
1157 1286 1201 1339 4⁵.
1238 1283 1301 1336 lam
1319 1285 1381 1336 Ast·

160 1355 344 1420 gremiorum
362 1355 396 1406 cie
411 1356 480 1407 ectio
498 1371 551 1408 noo
571 1353 651 1408 iubet
669 1354 821 1425 suspicari,
845 1371 908 1408 eam
936 1363 1055 1431 gentem
1079 1355 1162 1425 prius
1186 1355 1277 1408 fuisse
1296 1373 1381 1425 paca·

161 1435 231 1492 tam,
255 1441 314 1478 non
335 1441 405 1480 vero
431 1426 463 1478 in
487 1424 543 1478 hoc
567 1427 683 1480 demum
708 1425 825 1493 itinere,
851 1425 895 1489 (id
917 1427 998 1480 enim
1022 1441 1081 1478 non
1104 1425 1242 1480 tacuisset
1260 1425 1381 1480 Tacitus

182 1505 283 1569 mpter
306 1497 429 1550 subitam
453 1495 648 1552 deiectionem
672 1496 778 1550 deinde
804 1498 943 1560 secutam)
980 1497 1031 1550 sed
1054 1498 1150 1568 priori
1174 1497 1271 1568 potius
1291 1515 1380 1552 anno.

160 1515 269 1624 {banci
289 1569 401 1633 saltem,
421 1569 602 1632 contermina
619 1585 700 1646 gens,
726 1577 790 1622 tum
809 1571 840 1622 in
860 1567 1070 1622 commilitium
1094 1569 1179 1621 asciti
1198 1575 1274 1620 sunt.
1300 1587 1331 1622 v.
1353 1575 1380 1632 1,

158 1644 203 1698 oo.
240 1639 335 1707 Quare
353 1647 382 1693 et
401 1638 478 1693 idom
498 1639 648 1693 Siminina
665 1657 744 1692 nunc
761 1641 902 1706 mittitur,
922 1640 974 1710 qui
991 1639 1088 1710 priori
1111 1655 1187 1693 anno
1212 1641 1293 1692 inter
1319 1659 1381 1694 eas-

160 1711 227 1765 dem
246 1707 346 1787 gente!
366 1728 430 1764 rem
448 1719 585 1787 gesserat.
623 1712 790 1781 Quanquam
809 1711 928 1776 defectio
945 1711 1007 1764 dici
1025 1712 1101 1765 solet
1118 1711 1285 1780 quicunque
1304 1713 1381 1765 Ger-

161 1800 314 1836 manorum
332 1789 462 1848 conatus,
481 1799 538 1851 quo
557 1782 822 1836 libertatemsuam
841 1791 943 1836 contra
960 1781 1104 1836 Romanos
1129 1789 1291 1835 tuerentur.
1330 1781 1381 1836 Sic

160 1873 186 1909 o.
206 1859 249 1911 13.
287 1853 429 1908 Cherusci
447 1854 534 1906 etiam
554 1853 692 1907 dicuntur
707 1853 814 1919 perfidi
831 1860 856 1906 et
875 1861 998 1920 mptores
1019 1855 1124 1921 pocis.“
1148 1853 1253 1910 Wattlt.
1281 1884 1313 1898 -
1334 1871 1379 1908 or-

157 1933 263 1980 motoro
281 1925 344 1992 tevi,
369 1943 398 1978 v.
417 1923 452 1978 ad
472 1929 498 1990 1,
517 1929 562 1990 51,
581 1928 606 1982 i.
633 1931 662 1980 et
680 1925 743 1978 ind.
762 1925 814 1978 111.
833 1943 862 1978 v.
883 1925 1033 1978 Abstrocto
1049 1941 1102 1993 pro
1121 1925 1270 1978 Concretis.

585 2067 805 2136 'curer
858 2079 920 2134 rx.

241 2187 376 2250 Flumen
397 2187 553 2272 Visurgis
575 2187 741 2248 Romanos
764 2185 1012 2267 Cheruscosque
1034 2187 1256 2252 interfluebat.
1299 2187 1381 2250 Eius

158 2271 194 2329 in
222 2271 296 2352 ripa
322 2289 398 2332 cum
433 2273 554 2330 ceteris
576 2269 780 2352 primoribus
801 2267 974 2330 Arminius
995 2267 1125 2331 adstitit
1153 2270 1381 2350 quaesitoque,

159 2371 201 2414 oo
224 2351 344 2417 Caesar
364 2351 523 2414 venisset?
551 2361 723 2434 postquam
752 2352 863 2414 adesse
890 2370 1084 2432 responsum
1115 2358 1174 2426 est,
1208 2360 1244 2412 ut
1268 2349 1381 2414 liceret

146 2453 226 2497 cum
252 2435 359 2516 fratrc
390 2435 538 2516 colloqui,
573 2436 693 2497 stravit.
743 2434 823 2496 Erat
850 2435 878 2494 is
907 2435 943 2494 in
965 2435 1128 2511 exercitu,
1157 2443 1382 2518 cognomento

158 2517 302 2594 Flavius,
334 2521 399 2578 insi
424 2521 473 2578 nis
501 2517 565 2580 fide
595 2527 628 2578 et
655 2519 776 2578 amisso
805 2536 865 2598 per
892 2517 1015 2577 vulnus
1048 2517 1143 2576 oculo
1165 2519 1279 2596 paucis
1300 2525 1382 2578 ante

159 2604 254 2662 annis
276 2600 386 2662 duco'
413 2603 530 2663 iberio.
574 2599 662 2662 Tum
684 2603 895 2680 permissum,
923 2618 1184 2683 progressusque
1212 2599 1381 2660 salutatur

158 2684 199 2744 ab
230 2683 392 2760 Arminio,
429 2685 488 2764 qui
519 2683 637 2744 amotis
659 2682 886 2764 stipatoribus
914 2691 953 2742 ut
979 2683 1145 2768 sagittarii
1171 2689 1380 2764 nostrafflro

159 2769 233 2848 ripa
254 2765 407 2846 dispositi
428 2763 653 2840 abscederent,
683 2765 829 2846 postulat
851 2773 884 2826 et
906 2773 1078 2846 postquam
1106 2764 1259 2848 digressi,
1294 2767 1381 2830 ende

159 2871 196 2910 eo
217 2847 403 2927 deformitas
425 2847 513 2910 oris?
536 2852 724 2933 interrogat
745 2853 894 2910 fratrem.
938 2847 1001 2908 1110
1024 2848 1133 2908 locum
1156 2856 1190 2908 et
1211 2849 1380 2928 proelium

159 2935 336 3008 referente,
360 2933 513 3014 quodnam
533 2934 702 3010 proemium
725 2928 913 3009 recepisset?
936 2933 1092 3011 exquirit.
1137 2931 1266 2992 Flavius
1281 2939 1381 2993 aucta

158 3015 332 3098 stipendia,
355 3027 508 3098 torquem
530 3023 564 3075 et
585 3033 742 3076 coronam
764 3015 892 3095 aliaque
913 3014 1072 3074 militaria
1093 3013 1180 3074 dona
1202 3025 1380 3094 memorat,

159 3099 322 3162 irridente
344 3099 494 3162 Arminio
517 3099 597 3160 vilia
619 3099 748 3160 servitii
770 3099 889 3179 pretia.

230 3223 254 3272 l.
285 3217 417 3290 Visurgis
442 3217 561 3281 fluvius,
589 3216 640 3286 qui
667 3213 723 3268 hoo
747 3231 855 3268 nomen
880 3213 988 3284 accipit
1014 3213 1050 3267 ad
1069 3213 1178 3267 Fuldae
1203 3221 1233 3267 et
1250 3213 1380 3270 Werrae

159 3290 336 3344 confluentes
360 3288 596 3359 temporibusque
620 3287 814 3357 potissimum
826 3285 996 3340 Germanici
1013 3285 1151 3338 Romanis
1170 3285 1312 3338 innotuit.
1342 3282 1382 3339 ι0

30 3335 32 3350 ¹
78 3367 80 3372 '
159 3365 307 3430 Btoospyrs
331 3357 423 3413 Strab.
448 3359 512 3422 vll,
542 3363 567 3424 1,
593 3362 619 3414 3.
652 3353 667 3410 ὁ
695 3355 860 3428 ΟιίῗσουργιςΙ
886 3365 916 3411 et
943 3353 1116 3428 Οὐϊσοὺριγις
1141 3357 1215 3410 Ptol.
1242 3362 1270 3422 2,
1296 3363 1337 3412 11.
1364 3355 1380 3410 ὁ

161 3429 331 3500 Οὖΐσούργος
358 3439 387 3484 et
409 3425 571 3498 Οὐῒσούργις
588 3429 673 3484 Dion.
693 3432 737 3494 st,
756 3433 800 3486 23.
822 3429 866 3494 55,
886 3434 910 3484 1.
930 3430 974 3482 ⁰28.
993 3431 1038 3494 56,
1058 3431 1102 3484 te.
1132 3428 1293 3494 Wt'ourolm,
1317 3430 1381 3482 Wi-

157 3504 283 3568 sororio,
315 3503 456 3564 Wirtono‚
481 3503 582 3554 Werro
608 3501 640 3552 in
667 3501 763 3554 medio
786 3517 868 3554 aevo.
898 3517 927 3552 r.
955 3499 1045 3553 Barth
1063 3499 1214 3554 Teutschl.
1233 3499 1380 3576 Urgesirb.

158 3574 180 3640 1.
201 3577 262 3631 433.
298 3573 459 3630 Wilhelmi
478 3574 616 3626 German.
636 3591 666 3642 p.
687 3575 730 3628 75.
766 3569 923 3626 Reiehsrdi
942 3572 1081 3626 German.
1107 3574 1219 3642 p.1so.
1258 3603 1291 3612 -
1312 3571 1383 3626 Flo-

157 3647 235 3698 m'us:
255 3647 299 3700 ius
318 3646 447 3698 civitatis
466 3645 545 3698 Rom.
566 3643 711 3714 acceperit
729 3661 855 3710 necesse,
875 3644 927 3713 qui
945 3649 1153 3708 cognomentum,
1178 3641 1209 3694 A.
1224 3659 1249 3696 e.
1269 3657 1382 3698 nomen

158 3719 239 3771 Rom.
259 3717 411 3780 asciverit;
429 3715 497 3772 Ero.
517 3716 552 3768 1ιι
570 3713 625 3768 MS.
646 3723 750 3784 quater
768 3715 869 3767 Flavus
887 3721 916 3767 et
934 3730 958 3766 c.
974 3719 1015 3769 11.
1038 3713 1235 3768 ctartooamo.
1255 3715 1382 3768 Utrum·

159 3807 215 3862 que
236 3789 323 3860 plane
347 3805 451 3841 rerum
474 3796 562 3858 puto;
590 3786 678 3849 Wolf.
721 3785 834 3839 Flauius
852 3785 923 3838 libri
947 3785 1014 3852 rel„
1042 3793 1077 3838 ut
1095 3802 1195 3840 omnes
1215 3789 1258 3852 ll,
1279 3788 1323 3842 lt.
1347 3817 1382 3828 -

158 3862 257 3914 amiam
273 3877 321 3928 per
339 3857 433 3912 volnus
451 3858 537 3922 emto,
555 3877 583 3911 r.
603 3857 638 3913 ad
657 3857 693 3909 H.
713 3859 741 3923 t,
762 3861 805 3923 13,
825 3859 852 3913 2.
883 3889 915 3900 -
936 3857 1003 3908 doce
1024 3857 1143 3922 Tiberio,
1173 3856 1277 3910 subeo
1296 3858 1382 3911 mili·

142 3935 237 3986 ‘tans·
257 3933 321 3988 Ern.
1221 3931 1225 3940 '

226 3969 253 4059 i.
276 4006 340 4057 Tum
358 4001 524 4070 permissum:
543 4003 696 4066 „Muretus
715 4007 766 4053 teon
784 3999 873 4054 delet.
902 4000 1041 4054 Heinsius
1060 4003 1136 4055 coni.
1172 4002 1246 4063 Toto,
1264 4007 1294 4053 et
1311 4017 1381 4068 per·

158 4077 272 4142 missum,
291 4076 345 4128 Vir
362 4075 462 4127 doctus
480 4092 526 4145 ap.
546 4071 639 4144 Ryck.
676 4072 711 4124 ld
726 4077 780 4124 tem
797 4071 979 4138 permieaem.“
998 4073 1063 4124 sm.
1096 4105 1113 4136 „
1124 4075 1187 4124 Tum
1205 4071 1381 4144 transitioni

158 4145 399 4272 ιιιιιιιι
448 4131 814 4272 *statutis
938 4147 989 4270 s
1007 4145 1071 4268 st:
1088 4145 1197 4268 m.

113 4335 118 4352 ,
158 4233 916 4361 dotemporetampraeterito,1(damals)lquam
943 4288 1092 4357 praesenti
1118 4295 1147 4340 et
1165 4289 1283 4352 tuturo,
1320 4303 1380 4356 pro
