2868 4792
190 235 253 302 3⁰8
583 231 830 300 ANNALIUM
852 229 936 298 bnt.
959 229 1019 294 111.

106 457 109 474 ,
190 399 319 456 tomuli
346 399 487 455 sollennis
511 399 547 454 de
574 400 781 456 controversiis
808 399 883 454 iuris
910 397 1086 462 forensibus,
1117 403 1152 452 ut
1177 392 1301 464 experiri
1315 393 1359 448 ius
1375 401 1401 446 et

191 474 257 526 iure
281 479 310 526 et
336 471 444 526 iudicio
471 489 516 542 sp.
537 469 597 525 Cic.
625 491 653 542 p.
675 472 757 530 Ceec.
784 477 811 528 t.
832 473 874 528 tt.
901 488 932 541 p.
952 471 1050 537 Quint.
1070 473 1112 538 11.
1131 485 1162 540 p.
1182 466 1263 520 Ruso.
1282 463 1359 520 Com.
1375 467 1401 520 9.

192 543 242 600 Sic
274 549 305 598 et
332 543 457 614 simplex
488 543 617 612 experiri
643 547 670 608 3,
704 545 747 599 15.
773 561 817 615 sp.
847 542 909 595 cio.
940 561 971 614 p.
997 539 1077 594 Coel.
1100 541 1127 596 8.
1156 538 1252 606 Quint
1278 539 1319 594 tt.
1343 535 1403 594 ‘ib-‘⁴

191 613 329 685 Experiri
347 615 392 668 ius
409 613 440 666 h.
460 613 483 666 l.
503 623 547 670 est
563 613 608 668 uti
625 621 767 686 potestate
784 632 838 686 per
860 613 941 690 leges
961 628 1095 668 concesse
1119 609 1277 664 abducendi
1300 607 1402 662 fraudis

191 687 366 751 convictum,
384 686 476 739 donec
490 685 649 739 iudicatum
665 685 811 740 solveret:
832 703 898 738 nam
910 684 960 738 hio
978 700 1037 738 non
1050 683 1085 736 de
1104 681 1278 735 intendenda
1288 681 1403 742 actione,

192 756 243 812 sed
261 757 296 810 de
316 755 445 812 ducende
464 755 589 812 iudicate
608 757 715 832 egitur.
754 757 802 810 Sic
821 756 868 809 ius
887 755 1015 825 experiri
1034 761 1062 808 et
1081 753 1225 806 addietum
1244 752 1405 806 iudicatum·

86 821 102 846 ¹
136 871 139 877 .
191 843 243 902 qus
262 829 361 884 ducere
389 829 502 898 saeptus
527 845 573 899 sp.
594 829 676 882 Oio.“
703 827 789 881 Gron.
810 827 929 894 obest,
955 832 987 882 11
1013 831 1088 882 extr.
1125 823 1273 894 Experiri,
1301 831 1404 876 tenure

190 901 407 956 exsecutionem
425 899 510 966 iuris,
531 899 607 970 quod
625 899 680 952 sibi
699 901 738 952 sit
756 901 787 952 in
811 897 923 952 fraudis
942 898 1122 962 demustsm3
1150 893 1258 950 Woltb.
1280 927 1312 938 -
1347 909 1404 946 eon·

190 971 362 1041 uictumques
393 970 476 1034 „scil
503 987 562 1024 non
581 969 703 1036 fraudis,
722 971 804 1024 cuius
824 970 881 1022 ism
900 978 966 1023 unte
983 968 1119 1022 convicte
1136 968 1244 1032 lueret,
1271 965 1321 1020 sed
1343 963 1404 1017 nori

190 1043 303 1108 delicti,
329 1041 499 1110 probrorum
525 1049 552 1096 et
575 1041 727 1108 minarum,
756 1059 826 1112 ques
856 1039 954 1094 Cestio
979 1038 1152 1094 intenderet.
1190 1038 1268 1090 llinc
1292 1053 1348 1092 nou
1363 1034 1405 1088 sd-

192 1113 271 1168 dicte
290 1112 397 1179 Cestio,
415 1120 449 1164 ut
466 1111 537 1167 elius
555 1113 665 1166 iactum
685 1121 760 1166 esset
777 1111 858 1164 iuxta
876 1111 966 1188 leges,
992 1111 1041 1164 sed
1064 1109 1194 1178 publicae
1211 1105 1402 1174 custodienti

193 1201 219 1312 ps
247 1183 572 1312 qsqoepq'eqiudimu.“
598 1183 682 1254 Rycb.
702 1214 735 1226 -
774 1181 896 1236 attineri
916 1181 1033 1252 publice
1056 1181 1199 1248 custodio,
1221 1197 1250 1236 r.
1272 1181 1308 1234 sd
1326 1179 1403 1242 135,

213 1272 255 1311 .e
418 1291 426 1307 .

305 1291 314 1321 ’
370 1291 379 1320 '
593 1324 788 1382 cseur
839 1323 1022 1382 xxxvu.

276 1399 318 1460 Et
345 1396 521 1462 Considius
546 1397 681 1482 Aequus
711 1405 745 1460 et
772 1397 908 1462 Coelius
944 1395 1072 1461 Cursor
1100 1396 1237 1481 Equites
1265 1394 1402 1468 Romani,

194 1479 284 1566 quod
304 1483 390 1546 fictis
412 1485 593 1545 maiestatis
610 1481 806 1562 criminibus
819 1479 970 1567 Magium
982 1477 1204 1544 Caecilianum
1227 1487 1404 1564 praetorem

194 1567 400 1648 petivissent,
421 1573 559 1628 auctore
581 1565 737 1646 Principe
758 1583 796 1626 ac
818 1563 953 1627 decreto
975 1573 1107 1626 senatus
1129 1567 1251 1646 puniti.
1279 1561 1403 1624 Utrum·

194 1669 258 1730 que
280 1650 315 1708 iu
344 1646 477 1710 leudem
498 1648 602 1709 Drusi
623 1647 839 1710 trahebatur:
862 1645 904 1708 ab
925 1667 962 1709 eo
983 1651 1018 1710 in
1042 1646 1128 1712 Urbe
1148 1651 1237 1712 inter
1259 1655 1360 1708 coetus
1379 1651 1403 1703 et

194 1749 350 1793 sermones
383 1729 538 1793 bominum
569 1729 760 1792 obuersante
790 1740 914 1794 secreto
943 1733 1052 1812 putris
1089 1733 1247 1813 mitigeri.
1303 1729 1404 1810 Neque

196 1814 294 1876 luxus
315 1815 349 1874 in
371 1815 493 1876 iuvene
514 1811 598 1875 adeo
627 1813 830 1896 displicebat.
874 1815 952 1877 Huc
976 1817 1088 1895 potius
1115 1815 1307 1891 intenderet,
1338 1811 1404 1872 dien

196 1897 491 1981 aedificationibus,
513 1906 634 1958 noctem
646 1901 803 1960 conviviis
822 1895 975 1975 traheret,
998 1917 1088 1980 quom
1102 1899 1190 1962 solus
1203 1908 1237 1960 et
1253 1895 1347 1958 nullis
1360 1913 1403 1954 oo

197 1979 377 2062 luptatibus
399 1990 553 2042 euocatus
574 1990 722 2042 moestum
744 1982 946 2062 vigilantiam
968 1991 998 2044 et
1019 1981 1118 2045 maios
1141 1983 1402 2044 cserosexerceret.

269 2067 295 2118 1.
315 2061 429 2117 Coelius
447 2063 511 2118 edd.
531 2063 611 2135 Lips.
632 2071 661 2117 et
679 2081 738 2120 rec.
758 2063 873 2118 Caelius
891 2063 954 2120 edd
975 2071 1032 2118 vet.
1045 2095 1075 2106 -
1098 2063 1172 2134 quod
1188 2063 1267 2131 fictis
1285 2063 1404 2115 rnuieeto-

196 2134 237 2188 tis
254 2134 422 2188 crinsinibus
446 2131 488 2200 (v.
507 2133 544 2187 ed
561 2139 588 2200 1,
608 2138 653 2200 72,
673 2135 712 2202 2)
737 2142 900 2204 praetorem
920 2135 1098 2205 petivissent,
1111 2137 1207 2208 ¹quui
1233 2135 1402 2196 inussissent,

196 2205 294 2260 sdorti
313 2213 420 2272 essent,
438 2213 472 2258 ut
490 2205 527 2258 ll.
547 2209 574 2272 4,
593 2209 637 2262 bb.
657 2215 686 2260 et
704 2205 743 2259 sl.

268 2279 296 2334 2.
326 2283 437 2330 secreto
458 2275 557 2346 petris
590 2277 736 2346 mitigari,
773 2288 914 2334 secretam
941 2279 1106 2346 saevitiem
1144 2279 1229 2337 Brut.
1275 2275 1403 2332 luridum

197 2347 292 2402 tristis
312 2349 389 2402 vitre
408 2355 437 2402 et
456 2357 595 2416 secretae,
615 2367 670 2420 qus
688 2357 772 2420 peter
784 2349 945 2405 offenderet
964 2351 1052 2418 cives,
1071 2351 1161 2406 leniri
1180 2349 1323 2406 versando
1340 2349 1404 2401 inter

196 2419 331 2474 homines
351 2427 379 2472 et
398 2419 529 2472 civiliter
546 2419 686 2486 visendos
705 2421 775 2476 Ern.
797 2449 830 2460 —
865 2423 928 2476 Huc
942 2423 1040 2490 potius
1058 2421 1232 2490 intenderet,
1251 2441 1280 2476 v.
1300 2421 1333 2475 ed
1349 2419 1403 2484 bb

198 2496 225 2548 1.
248 2519 281 2530 -·
319 2491 394 2544 diem
412 2489 661 2558 aedificationibus
680 2497 735 2546 cet.
761 2491 806 2546 Ci.
826 2493 956 2548 lurensi.
979 2497 1006 2560 4,
1027 2498 1077 2550 15⁰
1097 2512 1140 2564 sq.
1162 2503 1191 2548 et
1217 2491 1283 2549 Seu.
1302 2493 1336 2546 de
1351 2489 1402 2542 ben.

197 2563 227 2630 l,
243 2565 293 2628 2⁰3
313 2562 399 2615 Gron.
431 2561 505 2614 diem
522 2563 766 2630 aedificationibus
784 2563 846 2620 edd.
863 2573 922 2620 vet.
944 2565 1019 2618 diem
1037 2565 1212 2619 editionibus
1230 2565 1293 2622 edd.
1311 2579 1362 2617 rec.
1376 2575 1404 2612 ex

199 2633 310 2686 emend.
330 2631 407 2703 Lips.
428 2633 479 2702 qui
491 2629 564 2686 lineo
577 2636 744 2689 annotavit:
772 2635 822 2700 „si
838 2653 907 2690 vers
925 2636 1015 2690 lectio
1034 2637 1096 2702 ills,
1115 2653 1173 2690 non
1193 2654 1334 2709 exponam
1352 2647 1404 2686 cum

199 2703 335 2757 Ferretto
354 2703 390 2756 de
409 2703 593 2758 emendandis
612 2705 708 2770 rebus,
728 2707 778 2760 sed
797 2707 831 2760 de
852 2707 947 2760 studio
965 2707 1134 2762 aedificandi
1153 2716 1182 2762 et
1207 2707 1318 2762 crebris
1343 2705 1404 2756 iuss·

200 2775 303 2844 nisque
322 2773 593 2842 substructionibus,
612 2775 647 2829 de
666 2777 769 2846 quibus
788 2797 817 2831 v.
837 2775 915 2833 Suid.
935 2797 963 2832 v.
986 2777 1211 2856 thodcpsiuotm
1231 2781 1278 2845 (ut
1295 2785 1322 2831 et
1336 2775 1405 2828 lure·

199 2845 260 2900 nol.
281 2847 324 2912 14,
344 2847 379 2901 86
398 2863 441 2916 sq.
460 2847 587 2900 lllertisl.
611 2850 639 2914 9,
658 2845 720 2912 tt.)
748 2849 816 2916 Quis
842 2865 912 2904 vero
936 2852 1013 2922 spud
1036 2849 1179 2906 Romanos
1202 2851 1271 2905 viro
1292 2843 1404 2922 principi

200 2915 415 2971 aedificationes
434 2917 508 2970 vitio
527 2917 626 2972 dedit?
645 2917 724 2972 leudi
742 2921 850 2992 potius,
872 2929 905 2974 ut
916 2923 950 2976 bt.
963 2924 1122 3001 Agrippae,
1141 2923 1277 3000 Augusto
1289 2919 1403 2988 aliisque·

199 2987 241 3042 Et
258 2995 292 3040 ut
309 2988 418 3040 vitium
437 2987 506 3054 sint,
526 2989 592 3060 quis
611 2991 740 3062 scriptor
758 2991 788 3045 id
806 2991 937 3062 prodidit
954 2993 990 3048 de
1007 2993 1123 3048 Druso?
1148 2995 1229 3072 Lego
1250 2989 1405 3048 editionibus

201 3077 241 3146 sc:
271 3058 500 3146 spectaculopum
530 3077 752 3146 munerumque.
798 3063 852 3117 llis
880 3065 960 3117 enim
992 3063 1189 3119 delectabatur
1220 3063 1341 3124 Drusus,
1363 3073 1405 3111 nec

201 3135 884 3260 tutudit’tt'tttttstttttt
897 3134 959 3260 30¹3
977 3137 1083 3262 {tt
1103 3125 1404 3260 stetistis.

201 3273 327 3344 Vopisco
355 3273 417 3326 rite
445 3273 546 3327 Carini
574 3291 599 3328 c.
618 3277 663 3330 bt).
692 3293 746 3330 nec
772 3278 841 3330 setis
865 3275 1021 3348 probabilis
1075 3251 1120 3332 'ec
1140 3245 1227 3334 vocis,
1247 3271 1403 3360 corruptela·

203 3343 401 3412 „Aedificmdi
421 3343 548 3398 studium
568 3345 600 3398 in
617 3345 744 3416 publicis
764 3347 900 3419 operibus
925 3347 1039 3403 tuendis
1057 3349 1263 3403 reficiendisue
1307 3355 1403 3404 certum,

203 3423 238 3468 ut
255 3413 412 3498 Agrippae,
430 3413 566 3500 'Augusti
592 3415 786 3490 aliorumque,
815 3437 881 3474 sune
899 3419 978 3473 laudi
997 3438 1083 3492 quem
1106 3421 1256 3492 vituperio
1275 3365 1334 3472 iltis
1349 3415 1404 3496 fuit·

204 3485 261 3540 Sed
278 3503 310 3537 su
328 3493 452 3555 privetis
471 3487 717 3543 aedificationibus
735 3505 855 3560 percum
875 3491 1028 3544 laudabunt
1046 3493 1127 3546 iuxta
1146 3510 1222 3558 eum,
1242 3491 1294 3562 qui
1311 3507 1351 3542 me
1371 3505 1404 3536 nt-

204 3555 278 3608 fious
297 3563 372 3608 esset
391 3556 421 3608 in
440 3557 611 3628 publicum
630 3566 659 3612 et
678 3559 709 3612 iu
727 3559 902 3616 aedificando
920 3565 1072 3634 profusum
1089 3561 1302 3634 vituperabunt.
1330 3507 1370 3614 Cb.
1384 3559 1404 3618 bs

205 3625 344 3712 411111.
363 3643 431 3696 peu.
451 3631 496 3712 ⁵.¹·
517 3637 545 3681 et
564 3627 643 3682 Suet.
662 3631 732 3684 Ner.
753 3634 798 3688 31.
837 3631 929 3699 Quare
953 3635 1058 3701 miror,
1085 3633 1231 3706 quomodo
1254 3633 1306 3687 ills
1322 3629 1404 3753 lipsio

206 3697 341 3752 excidere
359 3705 511 3767 potuerint
529 3706 558 3752 et
576 3701 653 3754 coni.
673 3701 856 3756 editionibus.
894 3705 956 3758 lem
975 3703 1045 3758 licet
1062 3704 1152 3758 Drusi
1176 3721 1281 3760 nomeu
1299 3701 1351 3774 pub
1365 3697 1417 3764 'cis÷

206 3767 341 3840 operibus
360 3784 419 3820 uon
438 3769 609 3836 innotuerit,
639 3775 736 3844 potuit
763 3779 860 3828 tusuen
887 3775 1055 3830 sedificator
1072 3794 1135 3831 esse
1159 3777 1191 3830 in
1213 3777 1344 3848 privatis,
1371 3767 1405 3821 uti

206 3848 269 3892 tum
288 3837 416 3920 solebant
434 3839 587 3894 luxuriosi.
608 3843 652 3899 Cf.
672 3861 696 3897 c.
718 3847 760 3900 53.
780 3845 852 3917 Nep.
872 3845 932 3904 Au.
953 3851 997 3903 1³·
1018 3847 1149 3904 lurensi.
1170 3850 1274 3914 1486.
1295 3845 1369 3899 rtor.
1384 3843 1416 3900 1..

205 3913 232 3968 Β,
252 3911 315 3963 Vox
334 3910 473 3964 editiones
490 3909 540 3965 hic
559 3911 648 3967 nihili
667 3923 720 3981 est,
738 3933 792 3970 nec
811 3917 851 3971 ite
870 3919 946 3972 nude
964 3919 1057 3989 posits
1073 3919 1133 3974 dici
1150 3927 1247 3992 potest
1261 3917 1296 3974 ‹le
1314 3919 1416 3988 spectrt

207 3981 291 4044 culis,
310 3981 360 4034 ubi
379 3981 577 4066 nulls'eerum
597 3987 707 4039 mentio
726 3989 897 4058 praecessit:
917 4007 1010 4059 neque
1029 3991 1150 4062 aptiora,
1170 4007 1241 4061 quse
1257 3989 1311 4043 alii
1327 3985 1406 4040 00an

207 4059 319 4114 cerunt,
347 4053 523 4108 editionibus
550 4055 601 4122 (sd
627 4067 735 4124 coetus,
763 4059 899 4126 circulos,
918 4061 1037 4128 amicos,
1061 4063 1177 4126 emices,
1196 4079 1306 4124 coenes,
1325 4051 1405 4116 ludos)

207 4131 238 4176 et
260 4125 509 4187 ambulationibus.
532 4126 693 4200 Aptissime
718 4131 1046 4199 sutemuedificationes
1068 4135 1245 4188 conveniunt
1269 4130 1357 4194 luxui,
1378 4123 1405 4176 tlt

207 4209 264 4264 quo
282 4193 333 4247 hic
352 4211 447 4249 sermo
466 4197 538 4250 est.“
562 4197 667 4255 Woltb.
688 4232 720 4243 -
759 4200 886 4256 truderet
912 4203 975 4258 edd.
1000 4203 1079 4276 lips.
1107 4211 1137 4258 et
1154 4221 1214 4259 rec.
1232 4201 1343 4256 trabere
1358 4191 1414 4260 MS„

209 4271 239 4316 et
256 4263 320 4316 edd.
339 4273 397 4322 eet.
417 4268 495 4337 quod
511 4269 651 4346 penderet
671 4289 706 4324 ex
724 4269 893 4328 intenderet.
908 4301 941 4314 -
965 4289 1048 4346 quoin
1064 4275 1143 4328 solue
1160 4278 1205 4342 (in
1222 4271 1345 4338 secreto)
1360 4273 1405 4320 oet·

209 4337 242 4383 ut
259 4341 343 4401 peter
361 4343 390 4388 et
408 4346 598 4398 accusatores.

1409 4629 1412 4756 t
