2868 4792
183 195 246 266 314
567 189 810 258 ANNALIUM
840 189 1007 258 LIB.111.

184 359 263 433 qaod
278 363 309 426 1,
325 363 369 418 bb·
389 359 471 414 nulls
488 358 606 413 macelli
623 358 761 416 mentio.“
779 358 848 412 nm.
883 357 931 412 Ex
947 357 1028 414 Suet.
1054 357 1119 414 Tib.
1138 361 1183 417 st.
1209 357 1380 438 inteiliffl'tur,

183 433 272 488 verbs
289 431 384 488 Taciti
402 432 438 488 tis
456 448 570 486 annona
587 433 704 488 snscelii
720 432 888 504 accipienda
905 449 982 498 esses
1003 431 1108 486 Wattb.
1135 463 1167 476 -
1192 447 1239 484 nee
1255 435 1382 487 medimn-

183 507 233 558 bus
250 505 373 560 rensidus
389 504 453 556 sisti
468 519 558 570 posse,
578 505 716 570 coerceri,
735 503 872 572 inhiberi,
891 503 1022 561 cohiberi
1043 520 1084 560 sc.
1103 519 1158 556 resa
1182 503 1248 568 (nisi
1271 503 1300 556 it
1315 505 1383 558 exci-

182 575 229 630 dit
246 584 312 630 ante
329 576 465 661 remediis)
483 577 545 630 sire
561 577 662 644 pretia,
681 575 730 632 val
748 594 812 632 rem
830 577 970 632 sustineri
989 583 1018 629 ct
1036 591 1128 648 remp.
1139 573 1261 660 'sairam
1283 575 1382 659 incolu-

182 665 323 774 titii
341 647 847 792 tittnttittfttsitittt
854 668 890 772 ἲ.
908 647 1383 790 ittittstittttttti

183 809 314 916 ‘titt-t
325 792 565 929 iiiiiifflt
583 791 663 916 *3¹⁸⁹
681 789 1384 916 *tinniit*iiiiii-‘titii

182 881 304 988 ianitoris
315 881 444 1000 edicitur)
454 882 510 990 13vel
523 883 627 1000 iibqiis,
639 881 759 1006 sffiuez
777 881 890 989 Iiibrico
909 941 959 987 sut
975 933 1102 1004 palustri
1112 883 1188 988 ‚silo
1206 881 1385 988 eitrainniir

183 1013 212 1062 et
230 1006 266 1061 sd
283 1005 407 1062 solidum
427 1023 507 1060 emer
548 1013 590 1070 nt,
610 1009 641 1060 in
661 1023 718 1076 quo
736 1005 856 1060 firmum
872 1006 976 1082 pedem
1000 1022 1110 1076 ponere
1132 1005 1254 1076 possint.
1290 1001 1384 1072 Deinde

182 1075 284 1131 sistere
303 1077 487 1132 intransitive
507 1023 615 1152 {icitur
636 1095 690 1148 pro
708 1079 872 1142 consistere,
899 1075 1062 1144 subsistere,
1088 1094 1118 1130 se
1145 1077 1295 1130 continere
1318 1083 1347 1127 ut
1362 1077 1384 1154 1,

182 1153 227 1208 10.
248 1149 293 1206 Cf.
313 1149 369 1202 lnd
396 1149 436 1200 11.
455 1149 517 1204 Lis.
538 1153 566 1216 2,
585 1152 630 1206 19.
650 1149 711 1210 (ubi
729 1166 758 1202 r.
778 1146 900 1214 Stroth.)
919 1150 1010 1216 ⁴⁴2³,
1030 1151 1056 1203 ii·
1085 1151 1128 1204 lb.
1147 1150 1190 1203 2⁰.
1217 1151 1245 1214 i,
1265 1149 1304 1202 lb.
1331 1143 1385 1210 (ubi

184 1221 222 1276 ci.
243 1220 352 1286 Gran.)
372 1222 414 1275 16.
434 1223 480 1286 39,
500 1224 541 1276 lb.
560 1223 606 1285 to,
626 1224 669 1278 19.
689 1223 734 1286 45,
755 1224 796 1276 19.
816 1218 950 1274 remediis
967 1218 1035 1272 sisti
1052 1217 1116 1274 edd.
1145 1235 1204 1276 rec.
1233 1237 1269 1274 cx
1286 1215 1384 1270 emend

183 1290 264 1346 Pich.
283 1291 404 1344 remedii
421 1291 474 1344 isti
491 1290 549 1348 MS.
567 1291 702 1346 remediis
718 1291 816 1362 resisti
835 1289 898 1346 edd.
922 1298 979 1346 vet.
1003 1297 1071 1344 ants
1089 1287 1168 1345 Picis.
1203 1322 1236 1334 -
1259 1287 1386 1358 turegum

182 1362 217 1418 t'd
234 1363 379 1432 negotium
396 1357 434 1416 ad
451 1361 614 1430 Principem
631 1364 813 1427 distulerant,
832 1361 1002 1418 differentes
1021 1361 1208 1427 remiserant,
1225 1367 1259 1414 ut
1275 1378 1318 1431 sp.
1332 1359 1384 1410 Lis.

183 1436 229 1495 26,
247 1438 307 1501 bl.;
328 1434 424 1502 Wopb.
447 1433 492 1490 Cf.
511 1435 547 1488 sd
567 1440 592 1500 l,
610 1438 655 1500 26,
673 1438 700 1490 3.
720 1435 839 1502 integra
859 1441 888 1488 et
906 1434 937 1486 in
953 1433 1068 1501 integro
1086 1448 1144 1485 esse
1163 1431 1309 1495 dicuntur,
1326 1443 1385 1500 quas

182 1507 313 1560 nondum
332 1505 426 1560 decisa
445 1513 474 1558 et
491 1509 623 1560 coniecta
641 1513 718 1572 sunt,
738 1505 789 1559 sed
806 1504 901 1558 adhuc
919 1504 1007 1558 liberi
1024 1503 1150 1568 arbitrii,
1170 1511 1204 1554 ut
1224 1507 1267 1570 15,
1292 1503 1330 1558 lt.
1356 1499 1385 1554 ii.

182 1579 211 1644 3,
229 1579 256 1634 2.
276 1577 361 1632 ct'si.
381 1575 427 1631 Cf.
448 1575 511 1633 ind.
532 1575 573 1629 11.
594 1605 627 1614 -
647 1592 712 1629 num
729 1575 864 1630 coercitio
884 1592 983 1644 esrum
998 1575 1064 1644 pius
1081 1573 1180 1628 darnni
1191 1575 1223 1626 in
1240 1589 1322 1642 remp.
1340 1572 1386 1638 {er-

183 1650 239 1714 rei,
265 1649 293 1701 ei
317 1649 455 1709 inferret,
482 1648 533 1711 (cf.
553 1647 618 1700 Ind.
638 1647 676 1700 11.
696 1665 724 1702 v.
749 1640 795 1714 In)
822 1647 886 1702 scil.
912 1664 928 1700 e
953 1661 1073 1700 numero
1117 1644 1332 1710 criclitsntium,
1358 1657 1386 1693 cx

184 1719 296 1774 malitia
314 1718 476 1772 delatorum
494 1727 523 1772 et
541 1720 664 1772 infamis
682 1725 725 1772 tot
743 1720 876 1771 virorum
894 1715 1075 1784 illustrium
1094 1663 1174 1784 Ispa.
1203 1749 1239 1760 -
1258 1731 1335 1786 quarn
1350 1712 1387 1763 in·

182 1789 315 1844 decorum
332 1789 388 1842 sibi
406 1796 491 1854 esset,
509 1791 598 1856 foret,
619 1796 785 1856 attrectare,
805 1789 952 1854 inchoare,
978 1789 1088 1854 conari,
1106 1793 1231 1851 tentare,
1256 1785 1325 1858 quod
1342 1799 1386 1836 non

184 1861 333 1927 obtineret,
350 1861 535 1932 perfecturus
555 1869 631 1914 essct
649 1869 678 1914 et
695 1861 837 1932 perficere
877 1868 961 1915 osset.
995 1859 1133 1914 obtineret
1158 1857 1218 1914 MS.
1248 1857 1308 1912 edd.
1333 1855 1386 1910 ber.

184 1931 241 1986 lac.
261 1931 352 1987 Grou.
372 1929 445 1986 Ern.
467 1939 496 1986 et
513 1947 571 1986 rec.
590 1931 764 1986 obtineretur
782 1931 844 1987 cdd.
888 1931 956 1985 hen.
977 1937 1006 1985 et
1025 1938 1083 1984 cet.
1107 1927 1162 1981 Est
1178 1945 1251 1985 vero
1268 1927 1325 1984 tii
1344 1925 1387 1978 ills

184 2003 247 2076 ipsa
264 2003 397 2058 doctrina
415 2001 547 2056 Marcelli
565 2021 609 2072 ap.
636 2003 699 2059 Lis.
719 2005 764 2069 at,
783 2005 818 2058 1⁹
841 2003 916 2060 med.
940 2001 1030 2054 muita
1054 2000 1168 2069 maguis
1188 2000 1305 2056 ducibus
1326 1997 1387 2050 sicu

184 2089 240 2130 non
257 2073 463 2145 aggrediendo,
495 2075 540 2126 ita
562 2075 648 2128 semet
668 2073 818 2142 aggressis
844 2089 901 2126 non
924 2071 1095 2127 dimittenda
1113 2087 1181 2140 esse,
1212 2071 1281 2144 quio
1297 2082 1387 2138 magna

184 2149 278 2212 {umus
293 2151 433 2202 moserata
450 2143 483 2199 in
500 2151 647 2216 utramque
661 2152 775 2216 partem
790 2147 877 2212 fiant,
903 2144 930 2198 1.
949 2144 1036 2198 Gran.

619 2297 815 2354 CAPUT
865 2297 966 2354 LIII.

268 2405 396 2470 Geteris
415 2405 561 2487 forsitan
582 2408 616 2470 in
638 2405 743 2486 rebus,
765 2403 803 2472 P.
829 2405 894 2485 0.,
915 2407 1020 2488 magis
1041 2407 1205 2487 expediat,
1233 2425 1280 2468 me
1299 2421 1388 2468 coron

184 2492 387 2572 interrogari
408 2503 440 2552 et
460 2491 577 2568 dicere,
599 2491 679 2572 quid
698 2509 715 2552 e
737 2489 922 2572 republica
943 2501 1098 2552 censeam:
1120 2495 1155 2552 in
1177 2489 1388 2552 bacrelations

184 2573 334 2637 subtrahi
363 2573 472 2636 oculos
500 2593 583 2636 meos
603 2575 713 2637 melius
733 2573 812 2654 fuit,
839 2593 878 2635 ne
910 2573 1137 2636 denotantibus
1166 2573 1259 2636 vobis
1285 2593 1339 2636 ora
1357 2587 1389 2634 ac

182 2665 294 2720 metum
321 2656 532 2736 singulorum,
565 2659 622 2736 qui
652 2649 794 2736 pudersdi
827 2657 922 2720 luxus
950 2667 1176 2738 arguerentur,
1215 2661 1284 2737 ipse
1310 2659 1388 2717 etiosa

185 2739 321 2802 uiderem
351 2759 406 2802 eos
433 2760 472 2804 ac
502 2739 588 2802 velut
617 2737 848 2820 deprenderem,
902 2740 996 2810 Quod
1025 2743 1056 2802 si
1086 2757 1202 2802 mentm
1236 2749 1309 2802 onte
1336 2737 1389 2800 oiri

184 2823 311 2885 strenui
329 2821 449 2886 aediles
482 2821 645 2885 consitium
667 2823 869 2896 titutum,-
907 2827 1012 2887 nescio
1034 2843 1077 2884 ars
1103 2843 1260 2886 saausmss
1277 2823 1388 2904 fuerim,

185 2909 331 2970 omittere
349 2909 459 2988 potius
477 2903 666 2986 praevalida
687 2915 718 2968 et
740 2907 853 2970 adulta
874 2909 966 2987 vitia,
998 2925 1089 2990 quam
1111 2906 1170 2970 boc
1191 2909 1328 2990 assequi,
1355 2911 1385 2964 ut

179 2989 289 3070 potam
309 2989 413 3076 fleret,
444 2989 562 3074 quibus
581 2991 728 3074 flagitiis
755 2993 890 3072 impares
918 3009 1061 3056 essemus.
1104 2988 1173 3054 Sed
1200 2990 1253 3054 illi
1280 2989 1389 3074 quiden

95 3148 104 3166 ,
185 3072 306 3154 officio
336 3071 445 3154 functi
475 3083 562 3150 sunt,
594 3083 631 3136 ut
665 3083 787 3138 ceteros
837 3093 940 3156 noque
965 3077 1183 3156 magistratus
1210 3093 1271 3138 suo
1299 3073 1390 3134 munis

186 3155 315 3238 implere
335 3157 440 3221 uelim:
463 3157 538 3230 mibi
559 3166 661 3220 autem
699 3177 800 3240 neque
815 3095 982 3221 &nestum
1003 3158 1108 3237 silere,
1130 3177 1233 3239 neque
1251 3153 1390 3238 proloqui

188 3239 380 3320 expeditum,
412 3243 489 3322 quia
519 3259 584 3302 non
615 3241 731 3304 aedilis
761 3251 818 3302 aut
842 3245 1006 3322 praetoris
1034 3251 1090 3304 aut
1121 3241 1265 3326 aemulis
1292 3248 1389 3319 portes

185 3325 339 3386 sustineo.
382 3323 495 3386 Maius
525 3323 651 3406 aliquid
680 3334 712 3386 et
742 3323 899 3411 excelsius
920 3345 941 3386 a
960 3321 1113 3405 Principe
1140 3322 1337 3406 postulator,
1364 3327 1390 3381 st

135 3439 140 3446 ·
185 3425 281 3490 quam
301 3415 387 3468 recte
406 3405 567 3484 fertonem
588 3407 654 3470 sibi
672 3409 806 3490 qusque
845 3412 989 3489 gratiam
1010 3405 1152 3486 trabant,
1173 3403 1390 3472 sstsstsudts

187 3488 229 3552 ab
251 3487 393 3552 omnibus
411 3499 574 3568 macana.
624 3491 711 3560 Quid
734 3495 830 3556 enim·
841 3493 973 3570 prinum
1001 3491 1173 3572 probibere
1203 3499 1237 3552 et
1266 3493 1391 3572 priscum

186 3572 232 3636 ad
250 3591 361 3634 morem
382 3573 523 3634 recidere
543 3571 743 3654 aggrediar?
790 3573 983 3640 Viliammne
1003 3578 1134 3660 infinita
1155 3573 1290 3652 spatia!
1309 3571 1390 3651 sami·

187 3655 301 3719 tiorum
323 3673 477 3718 numerum
499 3662 530 3717 et
551 3655 720 3720 nationes!
740 3661 871 3740 argenti
891 3667 922 3719 et
944 3663 1018 3720 auri
1035 3653 1181 3738 pondus?
1202 3660 1289 3718 aeris
1311 3655 1389 3717 tabu-

188 3739 349 3820 loricasque
368 3737 543 3804 miracula!
559 3743 757 3820 promiscuas
778 3745 860 3804 viris
880 3753 912 3803 et
932 3739 1061 3821 feminis
1082 3741 1208 3804 uestes!
1228 3750 1324 3822 atque
1341 3737 1390 3800 itta

187 3822 373 3904 feminarum
389 3827 539 3903 propria,
561 3824 633 3906 quis
655 3823 792 3904 lapidum
813 3843 911 3888 causa
938 3828 1091 3904 pecuniae
1116 3834 1248 3888 nostrae
1280 3823 1322 3886 ad
1346 3841 1390 3882 er·

188 3916 298 3968 terreos
318 3915 376 3968 aut
397 3905 526 3970 bostiiis
546 3916 660 3988 gentes
681 3905 948 3988 transfemnturi

258 4011 283 4062 1.
303 4007 373 4078 quid
390 4023 405 4060 e
421 4021 481 4078 rep.
499 4023 626 4062 censeam
645 4027 715 4066 esse.
734 4027 764 4066 r.
782 4009 819 4064 sd
836 4013 863 4076 i,
882 4013 928 4074 3³,
946 4011 974 4066 1.
999 4025 1015 4062 e
1039 4013 1098 4085 ripn
1126 4007 1217 4062 estin
1236 4005 1295 4060 MS.
1322 3985 1391 4057 *sen

186 4093 287 4202 iis
300 4075 1390 4228 isitii{minitareturtetttttt‘ttttii'·
1419 4103 1420 4106 ‘

186 4191 330 4302 nantibus,
349 4194 398 4276 set
415 4189 640 4290 observintibns,
669 4231 703 4278 ut
727 4225 864 4279 denotare
886 4231 916 4280 et
942 4229 1044 4276 notare
1067 4239 1112 4293 sp.
1132 4179 1232 4276 (binni.
1254 4161 1391 4273 Manilii

187 4305 220 4344 in
237 4287 368 4360 matt,
389 4293 413 4350 1.
437 4299 467 4348 st
490 4293 571 4372 virg.
599 4296 664 4354 tici.
682 4299 711 4362 3,
735 4295 897 4356 bb.“‘Ern.
936 4295 1030 4350 Immo
1054 4289 1180 4350 unitate
1200 4287 1341 4352 Tiberius,
1366 4301 1392 4338 *θ
