2868 4792
189 207 255 274 322
586 203 832 274 ANNALIUM
851 205 937 272 LIB.
955 203 1016 272 111.

190 388 267 430 men.
287 371 398 430 reddit:
435 368 538 448 litigo
555 387 577 430 s.
601 389 639 430 ea
663 377 789 430 mtisee
805 371 890 428 aber
906 370 1112 428 immerlsin
1137 372 1320 432 swiscben
1336 395 1392 434 uns

191 447 260 500 und
286 446 399 509 eucb,
425 463 443 502 o
468 444 530 499 ihr
546 445 660 512 V'a'ter
683 447 750 500 der
772 445 956 510 Vorwelt,
984 445 1049 498 der
1071 445 1394 518 Wettkampliiber

188 517 335 574 'erubrus
362 513 582 593 Ebrgei'iihl
605 517 805 572 besteben!
838 516 985 570 Similiter
1002 517 1135 582 Ricllese.
1172 516 1228 573 Sed
1250 539 1345 589 preces
1365 525 1394 575 ad

190 594 315 646 maiores
334 607 489 645 conversae
507 605 594 658 paam
612 597 748 662 poterant
764 590 826 642 vim
850 587 980 642 habere?
997 585 1191 655 Borbornius,
1211 589 1330 648 Peeebal.
1347 593 1394 646 Ro-

188 665 270 718 thius
289 663 325 716 ad
342 663 415 740 Agr.
433 679 462 733 p.
479 663 532 718 222
546 679 579 732 sq
608 669 639 714 et
657 661 737 718 Brut.
755 660 844 714 verba
861 659 934 714 baec
952 660 993 712 ita
1011 659 1211 738 distinguunt:
1234 663 1324 716 Verum
1338 664 1394 716 laec

189 735 336 802 (immensi
359 735 445 786 luxus
471 741 500 786 et
523 732 591 786 dein
615 733 811 802 parcimoniae
834 729 982 803 exempla)
1006 732 1083 784 robis
1101 733 1218 786 maiorer
1244 735 1393 798 retulere,

188 807 338 876 reliquere
364 804 529 860 tradidere:
557 806 707 858 certamino
733 819 768 856 es
794 804 904 857 loaeeto
933 809 1068 866 maneant,
1096 801 1126 858 b.
1146 821 1171 860 e.
1197 803 1327 872 honesta,
1353 809 1393 860 vel

188 895 345 954 pergamus
378 893 445 930 cum
471 875 533 930 illis
560 875 596 928 de
620 873 742 930 honesto
773 893 807 929 ae
831 877 942 928 virtute
972 881 1094 930 certare.
1139 873 1200 928 alii
1231 885 1296 930 ente
1323 878 1393 930 uate

187 967 233 1008 rea
260 957 310 1004 aut
333 948 420 1020 plura
452 947 593 1002 excidisse
620 955 735 1018 putant,
762 947 841 1018 quod
870 945 1007 1000 asterisco
1039 947 1081 1000 ibi
1108 947 1204 1016 posito
1234 949 1392 1026 significant,

187 1031 239 1078 aut
268 1028 347 1076 certe
373 1020 403 1074 s'a
432 1037 454 1073 a.
480 1033 549 1082 erge
579 1036 600 1070 s.
631 1020 768 1072 adoneus.
804 1019 882 1072 Hinc
912 1016 1139 1072 Strombeccius:
1179 1017 1250 1078 Une
1282 1019 1392 1074 bleibe

171 1096 277 1150 ‘aber
295 1093 361 1146 mit
388 1091 457 1144 den
474 1087 689 1144 Vorl'ahren
711 1087 903 1168 lediglicb
927 1088 1118 1144 Wettkam
1156 1091 1172 1142 i
1195 1091 1242 1144 im
1265 1089 1394 1144 Bhren-

186 1165 324 1220 rollen.
363 1165 420 1215 Vix
437 1171 534 1215 tamen
553 1161 683 1216 invenias
701 1169 806 1216 ceram
825 1162 855 1213 ia
873 1175 961 1228 quem
981 1161 1071 1216 Oberl.
1148 1162 1170 1214 ii
1197 1161 1287 1216 verba
1312 1181 1393 1216 emen-

187 1239 265 1292 dms.
286 1233 415 1290 Orollins
434 1234 510 1288 coni.
539 1234 663 1296 meliora,
682 1235 774 1308 magia
791 1235 963 1305 profuturae
982 1231 1112 1286 Hillerue
1136 1249 1241 1289 racem.
1261 1237 1285 1289 2.
1305 1237 1394 1288 ariao

186 1325 212 1366 e.
232 1325 267 1360 es
284 1307 327 1371 t,
345 1308 381 1362 de
397 1307 525 1372 virtutes
543 1305 691 1360 Acidaliae
709 1321 815 1374 quorun
833 1305 1044 1376 (posterorum)
1068 1303 1136 1357 laec
1154 1304 1234 1358 nobie
1250 1304 1280 1358 ιἰι
1295 1307 1394 1360 maiorer

185 1397 210 1432 c.
231 1397 265 1431 es
282 1379 308 1432 l.
329 1395 379 1444 ηις
399 1379 540 1432 llustius:
566 1394 654 1432 vereat
676 1377 745 1432 duee
766 1376 844 1430 satis
866 1377 951 1430 maior
969 1393 1023 1442 ree,
1050 1375 1108 1430 boc
1125 1393 1225 1432 sensu:
1257 1379 1392 1432 verumin

185 1453 313 1524 pristina
330 1450 484 1506 honestate
501 1449 653 1504 mtinenda
669 1451 720 1504 vel
737 1447 934 1522 recuperanda
951 1447 1020 1519 plus
1038 1447 1119 1502 nobis
1139 1449 1198 1503 erit
1210 1449 1392 1516 laborandum,

185 1525 266 1596 qnod
283 1525 369 1596 plura
388 1523 475 1577 luxua
492 1529 522 1578 et
540 1523 725 1594 corruptelae
742 1521 877 1594 exempla
894 1519 1058 1578 habeamus.
1095 1521 1211 1594 Optima
1237 1523 1334 1595 utique
1358 1533 1393 1578 est

186 1599 334 1652 correctio
352 1595 435 1662 baec,
452 1615 470 1650 a
487 1595 569 1650 nobis
587 1613 702 1668 qnoque
720 1605 848 1666 recepta,
865 1593 916 1650 sed
931 1592 1020 1648 verba
1041 1593 1130 1648 aliter
1148 1601 1178 1648 et
1204 1595 1393 1675 distinguenda

185 1678 216 1724 et
235 1667 414 1740 explicanda
435 1667 515 1734 Quod
533 1669 740 1722 animadvertit
760 1665 873 1720 Watct.
896 1667 930 1720 in
948 1663 1042 1720 Melet.
1062 1668 1130 1720 crit.
1149 1666 1212 1724 len.
1233 1671 1310 1724 1829.
1328 1671 1393 1738 Ρ.22

187 1773 220 1784 -
235 1744 280 1798 24.
298 1741 350 1794 ubi
367 1758 400 1794 ea
417 1741 460 1794 sic
478 1741 707 1811 interpretatur:
735 1739 895 1806 „Fortasse
913 1739 945 1790 in
963 1737 1068 1792 curtis
1090 1739 1171 1792 relus
1187 1739 1260 1792 iacet
1277 1741 1344 1792 octat
1358 1756 1391 1790 ur-

184 1814 237 1878 bis,
256 1811 370 1876 (Germ.
390 1811 610 1879 Kreielaui)
628 1821 672 1876 nt,
690 1811 933 1882 quemadmodem]
951 1819 1083 1882 tempora
1097 1829 1127 1866 se
1143 1819 1271 1874 vertant,
1290 1813 1328 1864 ita
1342 1827 1392 1864 mo·

184 1901 234 1939 res
252 1887 453 1938 immutentur.
490 1883 574 1937 Unde
599 1899 651 1938 tter
667 1883 764 1936 ornatu
782 1883 860 1951 opud
878 1883 1002 1952 priores,
1026 1883 1160 1948 maiores,
1177 1881 1218 1948 (r.
1239 1885 1277 1938 ad
1289 1887 1346 1948 1‚1,
1361 1885 1392 1944 2)

182 1957 306 2010 meliora
324 1957 447 2023 fuerint,
465 1957 516 2010 sed
532 1963 632 2009 nostra
649 1969 757 2026 qaoque
775 1961 866 2020 aetas,
893 1955 997 2024 quibus
1016 1954 1174 2008 maioribus
1199 1963 1335 2024 praestet,
1356 1963 1393 2006 tu-

184 2029 258 2083 lerit
274 2029 365 2081 malta
385 2027 480 2082 tesedia
497 2034 526 2082 et
544 2028 663 2094 artium,
685 2027 793 2082 multas
812 2025 970 2080 laudabiles
988 2033 1074 2092 artes,
1096 2025 1256 2080 imitandae
1272 2028 1392 2094 porteris.

185 2100 320 2156 Attamen
338 2100 421 2154 nebia
436 2100 532 2154 maior
552 2115 601 2154 ree
625 2099 876 2171 exoptabiliompie
898 2095 1045 2152 desertum
1066 2105 1111 2151 est
1135 2119 1158 2152 s.
1177 2099 1291 2152 virtus:
1316 2100 1356 2162 (ut
1370 2101 1391 2160 ³,

182 2173 228 2228 26.
250 2175 293 2238 16,
312 2175 355 2228 32.
376 2173 411 2225 ll.
431 2173 458 2238 4,
476 2175 503 2228 6.
520 2171 572 2225 ubi
590 2173 630 2228 ci.
649 2180 717 2226 nota
735 2170 773 2236 4.)
792 2187 882 2240 quare
900 2171 1060 2223 certamina
1083 2185 1118 2222 er
1135 2167 1262 2236 laureto,
1287 2167 1321 2222 de
1342 2169 1392 2222 rir-

183 2249 258 2312 tute‚
275 2259 366 2314 porro
384 2251 418 2297 ut
434 2251 570 2298 mancat
587 2231 711 2314 qnamb3
729 2243 838 2314 quippe
855 2241 985 2295 nondum
1008 2242 1040 2294 in
1058 2242 1095 2294 iis
1114 2242 1155 2294 ita
1172 2243 1301 2294 vicimus
1326 2243 1392 2311 prio-

184 2331 243 2380 res,
261 2325 296 2368 ut
314 2315 449 2370 imitandi
467 2317 558 2370 simus
576 2317 712 2386 porteris.
750 2315 952 2366 Honestum
969 2319 1020 2366 cut
1037 2312 1103 2381 ipsa
1121 2313 1215 2366 virtus
1233 2319 1392 2366 estruem

183 2387 387 2456 gestavirtate
404 2389 464 2441 Cic.
484 2389 521 2442 de
539 2387 589 2440 lin.
608 2387 672 2440 bon.
691 2387 742 2440 lib.
761 2389 787 2442 ὅ.
808 2393 839 2439 et
855 2383 1003 2440 meretum
1018 2402 1071 2454 per
1089 2399 1120 2438 se
1136 2399 1198 2438 esee
1215 2384 1391 2454 expetendam,

183 2459 259 2530 quod
276 2475 311 2511 es·
326 2459 481 2513 virtutibus
498 2459 648 2512 esuriatur
673 2465 702 2512 et
725 2457 758 2510 a'te
778 2455 956 2510 dirimerent
975 2457 1013 2510 ist
1038 2457 1096 2512 alio
1124 2457 1199 2510 loco.
1236 2455 1392 2510 laudabiles

182 2538 263 2584 artes
280 2549 469 2602 quaeeunque
484 2529 617 2608 intelligi
639 2537 763 2601 possunt
786 2529 822 2582 ad
839 2529 953 2604 ingenii
968 2530 1031 2583 aive
1049 2525 1285 2582 vitaehumanae
1296 2527 1391 2580 cultum

183 2611 375 2673 comparatae,
393 2603 508 2672 quibus,
528 2605 583 2656 etsi
602 2603 639 2656 ad
656 2601 792 2655 honestas
809 2603 993 2668 referuntur,
1012 2599 1135 2674 proprie
1152 2607 1254 2656 tamen
1272 2616 1334 2654 cusu
1350 2599 1392 2652 bo-

183 2681 266 2726 nesto
285 2691 309 2727 s.
327 2675 439 2728 virtute
456 2672 535 2728 nihil
552 2689 706 2727 commune
724 2671 799 2729 est.“

620 2805 815 2862 CAPUT
866 2803 969 2862 LVI.

264 2897 425 2961 Tiberius
455 2901 542 2962 lema
568 2897 809 2960 moderationis
835 2906 944 2982 parta,
976 2893 1066 2980 qnod
1089 2897 1281 2984 ingruentis
1307 2915 1388 2959 accu-

183 2991 313 3046 satores
334 2991 555 3066 represserat,
582 2983 688 3043 mittit
709 2983 825 3044 literas
847 2980 888 3043 ed
910 2989 1072 3057 senatum,
1105 2983 1177 3064 quis
1201 2989 1390 3126 potestatem

182 3067 397 3130 tribuniciam
418 3067 531 3128 Druso
541 3065 697 3148 ‚petebat
750 3063 788 3126 ld
816 3065 936 3128 summi
964 3065 1089 3150 fastigii
1118 3085 1199 3128 voca
1225 3065 1316 3128 ulum
1334 3065 1389 3125 An-

181 3161 298 3236 gustus
320 3153 461 3232 reperit,
492 3169 534 3212 ne
562 3151 651 3230 regis
671 3155 730 3210 aut
750 3149 924 3212 dictatoris
944 3167 1067 3210 nomen
1089 3159 1277 3212 assumeret
1296 3167 1332 3210 ac
1350 3155 1389 3208 ts-

181 3253 258 3294 men
279 3235 503 3316 appellatione
520 3233 632 3315 aliqua
650 3239 762 3294 cetera
780 3233 923 3315 imperia
940 3231 1176 3311 praemineret.
1221 3231 1271 3294 M.
1284 3227 1389 3294 deinde

180 3315 365 3404 Agrippam
387 3319 514 3379 socium
535 3319 607 3379 eine
629 3318 816 3399 potestatis,
852 3335 917 3396 quo
945 3312 1102 3376 defuncto
1128 3313 1306 3376 Tiberium
1332 3311 1388 3374 Ne·

181 3419 298 3462 ronem
331 3399 471 3485 delegit,
504 3419 546 3460 ne
578 3417 750 3460 successor
781 3400 817 3460 in
848 3400 978 3460 incerto
1011 3399 1108 3460 foret.
1162 3397 1220 3460 Sic
1251 3397 1389 3460 cohiberi

180 3501 302 3564 pravas
323 3483 465 3544 aliorum
487 3501 561 3564 spes
583 3483 740 3556 rebatur3
768 3481 870 3542 simul
890 3477 1072 3542 modestiae
1093 3479 1241 3544 Neronis
1270 3491 1303 3542 et
1322 3497 1389 3544 suae

180 3565 403 3652 magnitudini
422 3563 554 3628 fidebat.
596 3563 669 3629 Quo
691 3575 770 3628 tunc
791 3565 940 3710 exemplo
962 3561 1119 3626 Tiberius
1140 3563 1290 3626 Drusum
1311 3584 1388 3625 sum-

181 3667 253 3712 mae
275 3649 328 3711 rei
349 3647 522 3725 admovet,
555 3667 658 3728 quum
686 3649 847 3710 incolumi
906 3649 1074 3708 ermanico
1106 3649 1277 3734 integrum
1309 3649 1388 3708 inter

180 3731 264 3794 duos
296 3731 460 3794 iudicium
491 3731 663 3794 tenuisset.
716 3731 782 3794 Sed
808 3732 975 3814 principio
1012 3732 1191 3793 literarum
1221 3737 1387 3796 veneratus

179 3813 271 3895 deos,
292 3823 333 3877 ut
353 3815 492 3876 consilia
513 3833 573 3874 sue
593 3815 645 3874 rei
666 3814 821 3896 publicae
843 3823 1094 3898 prosperarent,
1115 3811 1308 3878 modicaade
1328 3832 1386 3872 mo·

180 3899 274 3962 ribus
296 3897 511 3962 adolescentis
533 3917 639 3980 neque
660 3900 695 3958 in
717 3899 837 3959 salsum
858 3897 1099 3959 auctaretulitt
1123 3917 1193 3959 esse
1214 3898 1267 3958 illi
1283 3897 1386 3958 coniu-

203 4003 254 4044 em
276 3991 310 4044 et
331 3993 401 4044 tres
423 3982 555 4044 liberos
568 4001 704 4064 eamque
725 3989 879 4060 aetatem,
902 4001 967 4063 qua
988 3983 1060 4062 ipse
1081 3976 1245 4064 qnondam
1268 3999 1286 4040 a
1318 3977 1385 4038 divo

178 4003 331 4151 {ugncio
357 4063 400 4128 ad
420 4063 656 4148 capessendum
685 4065 749 4128 hoc
771 4085 889 4126 munus
911 4073 1049 4126 vocatus
1071 4065 1124 4124 sit.
1169 4065 1285 4146 Neque
1310 4077 1386 4121 nuno

125 4165 133 4198 ι
179 4165 343 4230 propere,
374 4147 433 4212 sed
463 4167 525 4230 per
552 4157 629 4210 octo
657 4167 761 4210 annos
786 4157 884 4230 capto
916 4151 1163 4228 experimento,
1198 4145 1385 4228 compressis

179 4229 418 4310 seditionibus,
449 4233 643 4314 compositis
671 4231 779 4310 bellis,
810 4230 1050 4314 triumphalem
1081 4239 1116 4294 et
1146 4229 1197 4294 bia
1225 4227 1385 4293 consulem

181 4315 253 4374 noti
273 4313 401 4378 laboris
421 4315 618 4398 participem
638 4315 735 4378 anmi.
