2868 4792
250 186 394 253 GAPUT
416 188 666 257 xva-xlx.
700 192 754 276 (A.
765 191 806 260 tl.
818 192 890 262 773.
924 197 963 260 Δ.
985 192 1021 260 C.
1040 196 1107 276 30.)
1144 217 1146 221 ·
1215 197 1278 264 379

473 356 666 414 CAPUT
715 357 852 416 xv111.

134 461 246 526 Multa
267 485 307 528 ex
328 485 370 528 ea
387 469 554 530 sententia
574 468 728 554 mitigata
754 476 832 532 sunt
852 489 872 532 a
893 469 1049 554 Principe
1058 495 1071 550 e¹
1089 490 1131 533 ne
1152 491 1294 535 nomen*

40 569 42 577 ⁴
61 543 181 608 Pisonis
208 549 300 610 fastis
327 551 551 628 eximeretur,
589 549 720 633 quando
742 551 790 616 M.
812 553 965 632 Antonii,
992 557 1049 638 qui
1069 555 1194 618 bellum
1215 575 1272 638 pa-

61 632 139 691 triae
158 633 303 711 fecisset,
325 634 390 695 luli
412 633 560 712 Antonii,
582 636 640 716 qui
662 631 796 698 domum
808 635 952 724 Augusti
973 639 1272 718 violasset,'mane-

60 721 137 774 rent.
179 715 222 774 Et
234 715 281 780 M.
298 717 450 779 Pisonem
462 719 666 805 ignominiae
687 719 810 780 exemit
830 721 1058 804 concessitque
1080 723 1112 784 ei
1132 732 1272 804 paterna

61 795 147 875 bona,
177 799 257 860 satis
285 799 412 878 firmus,
441 809 481 868 ut
501 816 598 882 saepe
618 800 814 879 memoravi,
843 801 1020 867 adversum
1042 809 1217 888 pecuniam
1239 813 1273 868 et

60 885 122 940 tum
143 879 272 962 pudore
293 883 466 945 absolutae
475 883 653 946 Plancinae
669 884 874 965 placabilior.
918 886 962 948 At
984 908 1025 950 ue
1046 887 1146 963 idem,
1169 907 1272 969 quum

58 961 206 1026 Valerius
235 963 433 1028 Messalinus
467 967 495 1028 si
520 987 598 1027 num
635 985 775 1029 auream
803 969 839 1028 in
867 968 948 1032 aede
1017 973 1100 1032 artis
1130 969 1271 1051 Ultoris,

59 1041 189 1108 Caecina
217 1047 362 1112 Severus
391 1069 484 1112 aram
535 1050 634 1112 ltioni
662 1050 871 1114 statuendam
893 1055 1117 1133 censuissent,
1155 1055 1270 1138 prohiss

58 1128 132 1208 buit,
164 1129 205 1194 ob
237 1141 386 1196 externas
407 1153 444 1196 ea
466 1135 621 1196 victorias
641 1136 770 1198 sacrari
790 1133 958 1214 dictitans,
997 1137 1168 1200 domestica
1188 1138 1270 1202 mala

60 1217 188 1278 tristitia
210 1217 391 1296 aperienda.
433 1215 617 1280 Addiderat
644 1217 858 1299 Messalinus,
888 1217 1029 1286 Tiberio
1052 1231 1085 1284 et
1098 1221 1269 1310 Augustae

58 1306 87 1359 et
107 1300 272 1364 Antoniae
301 1311 335 1366 et
354 1302 561 1391 Agrippinae
589 1303 767 1388 Drusoque
796 1303 839 1365 ob
865 1303 1048 1368 vindictam
1076 1301 1269 1368 Germanici

58 1391 196 1472 gratesa
223 1385 332 1467 endas,
354 1389 578 1472 omiseratque
591 1386 721 1451 Claudii
741 1389 954 1450 mentionem.
997 1390 1038 1451 Et
1049 1388 1269 1453 Messalinum

58 1467 178 1550 quidem
198 1407 240 1534 A».
257 1471 423 1554 Asprenas
444 1479 562 1535 senata
584 1491 697 1535 coram
717 1479 953 1556 percunctatus
975 1482 1036 1549 est,
1059 1493 1100 1534 an
1122 1471 1269 1556 prudens

57 1553 278 1697 ppaeterisseti
313 1575 351 1618 ac
383 1563 455 1618 tum
485 1555 618 1618 demum
654 1576 774 1619 nomen
803 1553 935 1618 Claudii
969 1553 1176 1639 adscriptum
1207 1563 1280 1620 est,
1357 1585 1360 1592 2

91 1637 144 1710 ihi,
165 1645 290 1723 quanta
311 1639 411 1722 plura
432 1642 617 1704 recentium
638 1659 698 1702 seu
711 1649 865 1702 veterum
881 1639 1030 1718 revolvo,
1054 1649 1148 1710 tanta
1163 1643 1267 1728 magis

57 1719 189 1794 ludibria
225 1741 341 1786 rerum
378 1723 570 1786 mortalium
608 1727 735 1786 cunctis
773 1723 808 1783 in
846 1725 988 1810 negotiis
1028 1723 1268 1786 obversantur:

58 1805 167 1888 quippe
187 1809 288 1885 lama,
326 1826 395 1888 spe,
425 1809 640 1870 veneratione
662 1809 773 1888 potius
796 1825 909 1868 omnes
932 1805 1185 1892 destinabantur
1207 1808 1267 1868 im-

57 1889 140 1966 perio
169 1909 269 1973 quam
292 1909 402 1972 ¹quem
436 1892 588 1956 futurum
615 1891 807 1972 Principem
835 1889 983 1952 Fortuna
1010 1891 1198 1954 inocculto
1221 1898 1267 1952 te-

57 1971 153 2036 nebat.

119 2077 142 2130 1.
160 2089 194 2126 ne
216 2089 308 2126 nomen
325 2072 434 2128 Pisanis
458 2073 540 2138 fastis
563 2073 731 2140 eximeretur,
757 2069 795 2140 (r.
816 2072 896 2140 ad3,
916 2075 959 2140 17,
978 2072 1017 2140 3.)
1044 2073 1158 2141 quando,
1177 2091 1267 2143 quan-

60 2141 213 2214 doquidem,
233 2145 272 2211 (r.
291 2143 327 2199 ad
344 2149 371 2210 1,
390 2147 434 2212 67,
454 2145 491 2212 1.)
510 2147 553 2202 M.
573 2145 689 2198 Antonii
706 2143 812 2198 lllviri
831 2151 866 2200 et
884 2145 941 2197 Iuli
958 2144 1073 2196 Antonii
1091 2161 1128 2199 se.
1149 2147 1268 2198 nomina

59 2225 181 2269 mannent
199 2219 232 2270 in
251 2217 342 2272 fastis.
380 2215 406 2268 E
429 2217 513 2270 fastis
537 2226 636 2270 tamen
655 2215 780 2286 Capitol.
801 2233 916 2269 erasnm
935 2219 972 2272 Μ,
992 2215 1113 2269 Antonii
1139 2232 1196 2272 cos.
1215 2233 1268 2270 no-

58 2301 114 2339 meu
131 2296 159 2342 et
175 2296 278 2358 postea
295 2289 481 2355 restitutum3
505 2289 582 2342 Mur.
603 2289 647 2343 Cf,
667 2288 728 2345 Cic.
747 2285 822 2342 Phil.
843 2291 886 2354 13,
906 2291 947 2345 13.
974 2286 1049 2350 iulii,
1077 2287 1183 2338 antonii
1208 2286 1264 2343 MS.

56 2357 113 2410 lolii
128 2357 244 2412 Antonii
262 2359 325 2416 edd.
345 2365 403 2416 vet.
422 2379 451 2416 v.
472 2359 508 2413 ad
525 2365 551 2426 1,
571 2363 614 2424 10,
632 2361 657 2416 3-
678 2391 710 2404 -
747 2358 793 2426 qut
817 2359 916 2412 domum
933 2357 1212 2424 Augustianorum,
1238 2378 1264 2414 v.

55 2429 85 2481 ad
101 2433 124 2496 1,
143 2433 186 2497 10,
205 2433 233 2488 3.
254 2463 286 2474 -
323 2433 394 2484 satis
410 2434 500 2498 firmus
518 2431 656 2484 aduersum
673 2431 827 2497 pecuniam,
841 2432 903 2485 eius
923 2431 1126 2501 cupiditatem,
1146 2438 1180 2483 nt
1198 2447 1266 2484 con-

55 2507 94 2554 tra
108 2503 225 2568 infirmus
242 2497 304 2554 adu.
322 2519 380 2571 pec.
400 2504 590 2574 Vespasianus
614 2501 685 2558 Aur.
704 2501 778 2558 vict.
799 2501 835 2556 de
854 2499 932 2559 Gaea.
953 2519 978 2559 c.
997 2505 1023 2559 3.
1044 2501 1265 2568 dicitur31'icls.

55 2598 82 2608 —
98 2579 124 2624 ut
140 2591 221 2642 saepe
238 2577 391 2638 memoravi,
411 2579 437 2640 1,
456 2577 499 2631 76.
520 2577 547 2642 3,
566 2577 608 2630 48.
630 2577 656 2639 4,
675 2575 720 2630 64.
739 2576 766 2638 6,
786 2575 872 2632 46.,-
898 2581 926 2625 et
943 2581 996 2626 tana
1012 2574 1124 2641 pudore,
1143 2581 1266 2645 propter

53 2643 190 2712 pudorem,
210 2645 349 2698 absolutae
368 2645 526 2713 Plancinae,
552 2645 621 2716 quia
640 2661 707 2699 eum
724 2643 851 2716 pudebat
868 2643 955 2700 buius
974 2645 1173 2702 absolutionis.
1207 2647 1266 2698 dam

54 2731 100 2782 pro
116 2723 165 2769 am
183 2715 242 2773 ms,
263 2724 296 2770 ut
315 2722 341 2784 l,
359 2721 385 2774 3.
406 2720 479 2783 eti,
504 2720 549 2774 36.
569 2745 603 2755 -
643 2717 771 2772 Valerius
794 2717 975 2782 Messalinus,
1006 2735 1034 2774 v.
1062 2716 1098 2770 ad
1120 2719 1147 2783 3,
1172 2720 1264 2783 33,1.

54 2789 116 2853 33,
135 2793 160 2844 3.
179 2791 207 2854 3,
228 2791 271 2853 17,
299 2793 325 2844 3.
343 2823 379 2836 ·-
415 2789 523 2854 signum
550 2804 655 2842 asarum
684 2803 723 2844 sc.
750 2789 850 2842 blartis
878 2787 1001 2845 Ultoris.
1022 2821 1055 2832 -
1094 2787 1216 2842 Caecina
1234 2788 1263 2845 S.

53 2872 119 2910 aran
137 2859 244 2915 Ultiani
261 2860 427 2914 statuendam
445 2877 480 2928 a,
491 2865 525 2916 r.
543 2859 579 2913 atl
592 2863 604 2915 1
609 2897 619 2925 ,
633 2863 677 2926 14,
689 2863 715 2915 3.
737 2859 875 2913 cnecinna
894 2860 936 2914 ed.
956 2859 1021 2916 Ald.
1043 2868 1073 2914 et
1092 2859 1180 2930 paulo
1198 2868 1266 2931 post

54 2929 158 2982 uictoria
176 2933 220 2988 ed.
239 2929 304 2988 Ber.
325 2964 356 2976 -
395 2931 540 2984 domestica
557 2932 629 2984 mata
648 2931 768 2984 tristitia
785 2931 941 2998 operienda,
969 2931 1023 2997 „ab
1041 2932 1199 2985 tristitiam
1217 2949 1265 2984 su·
1314 2953 1316 2956 ·

54 3015 100 3068 per
116 3002 176 3058 illis
194 3005 304 3056 tamam
322 3019 424 3058 eorum
442 3001 560 3056 silentio
578 3001 747 3056 abolendam
761 3019 833 3069 esse,
851 3009 885 3054 ut
897 3003 1004 3068 operire
1021 3004 1118 3054 luctum
1135 3009 1165 3056 et
1183 3019 1265 3070 quara

193 1541 198 1550 ι

54 3075 97 3122 nm
113 3073 275 3128 eruditorum
298 3075 372 3142 quies
395 3074 482 3142 operit
506 3089 541 3126 ae
564 3073 701 3126 subtrabit
727 3073 816 3139 tanae
841 3089 887 3144 sp.
908 3073 983 3129 Plin.
1011 3090 1055 3144 ep.
1079 3075 1106 3140 3,
1126 3077 1168 3130 16.
1190 3081 1219 3128 et
1237 3077 1263 3140 7,
1377 3119 1380 3124 .

53 3142 107 3198 36.“
125 3143 230 3202 WaltA.
251 3146 295 3203 Cf.
315 3144 352 3199 ad
371 3151 413 3211 11,
432 3147 477 3211 36,
497 3149 522 3201 1.

112 3236 137 3290 3.
161 3234 338 3304 omiseratque
357 3235 468 3289 Claudii
491 3233 654 3298 mentionem,
681 3253 709 3292 v.
735 3233 772 3288 ad
795 3235 823 3300 3,
851 3235 895 3298 71,
922 3235 947 3290 1.
967 3265 1000 3278 -
1038 3233 1159 3287 ludibria
1176 3251 1264 3289 rerum

53 3305 187 3358 aortalium
215 3315 244 3360 et
262 3307 406 3371 Fortunae,
435 3309 472 3359 ut
493 3307 628 3359 Fortunae
657 3305 779 3360 ludibria
804 3313 834 3360 et
851 3304 971 3358 ludibria
990 3319 1070 3359 casus
1094 3306 1199 3360 edentis
1217 3325 1262 3380 ap.

55 3371 105 3430 Gis.
122 3377 219 3446 parad.
240 3383 265 3446 1,
283 3381 309 3434 3.
338 3388 368 3434 et
392 3379 458 3431 niv.
486 3381 532 3445 30,
557 3381 602 3433 30.
630 3375 764 3430 Fortunae
789 3384 907 3430 secretus
933 3375 1033 3442 mimus,
1062 3377 1151 3443 ludus,
1179 3379 1262 3447 lusus,

53 3443 127 3513 iocus,
146 3449 256 3514 fortuiti
275 3465 353 3502 casin
370 3459 401 3504 et
420 3449 537 3506 similia.
558 3449 602 3506 Gi.
624 3449 658 3502 ad
677 3451 703 3514 6,
722 3451 768 3514 33,
788 3451 813 3504 l.
834 3451 879 3516 14,
898 3449 924 3504 6.
944 3449 980 3505 H.
1002 3453 1028 3514 1,
1047 3451 1074 3514 4,
1093 3453 1119 3504 1.
1145 3447 1215 3528 Agr.
1235 3453 1261 3508 3.

53 3531 76 3570 tt.
93 3519 116 3573 4.
135 3521 228 3591 intpp.
248 3520 377 3577 luvenal.
396 3525 427 3588 3,
447 3525 482 3576 40
500 3539 542 3592 sq.
562 3524 589 3588 6,
609 3523 663 3577 605
682 3539 724 3592 sq.
748 3519 873 3577 Oudend.
894 3519 930 3574 ad
949 3519 1027 3578 Suet.
1048 3517 1112 3578 Tib.
1133 3525 1175 3579 19.
1196 3521 1263 3575 blit-

53 3584 298 3720 qcberl..ad2lior.
318 3593 365 3646 od.
385 3596 412 3658 1,
431 3593 476 3659 ³5,
495 3597 520 3650 1.
539 3595 566 3658 3,
592 3595 637 3660 30,
663 3595 698 3649 43
723 3609 765 3664 eq.
791 3591 897 3650 lacobs.
923 3591 959 3646 ad
991 3591 1112 3647 Anthol.
1140 3593 1193 3652 Gr.
1222 3593 1262 3660 ll,

482 3769 678 3826 CAPUT
724 3770 815 3828 xlx.

123 3877 238 3940 Paucis
271 3888 346 3962 post
374 3877 491 3943 diebus
513 3877 636 3942 Caesar
657 3889 777 3942 auctor
805 3878 936 3942 senatui
964 3881 1030 3940 fuit
1049 3878 1190 3940 Vitellio
1212 3887 1260 3942 at-

54 3973 105 4034 que
124 3959 273 4024 Veranio
301 3971 336 4024 et
357 3963 504 4026 Servaeo
526 3959 714 4026 sacerdotia
734 3960 917 4026 tribuendi.
959 3961 1112 4025 Fulcinio
1141 3963 1259 4022 suffra-

54 4039 132 4122 gium
162 4044 204 4106 ad
238 4043 383 4109 honores
417 4047 589 4128 pollicitus
619 4047 768 4122 monuit,
801 4066 845 4110 ue
877 4043 1064 4108 facundiam
1099 4043 1261 4107 violentia

53 4127 287 4208 praecipitaret.
331 4129 363 4190 Is
390 4127 467 4190 finis
498 4131 565 4192 fait
591 4127 782 4192 ulciscenda
810 4127 1002 4191 Germanioi
1033 4135 1159 4205 morte,
1192 4146 1259 4188 non

54 4205 140 4268 modo
161 4210 248 4293 apud
268 4211 343 4277 illos
363 4213 525 4291 homines,
551 4215 608 4295 qui
629 4221 702 4274 tum
723 4231 743 4273 a
766 4211 877 4292 ebant,
909 4213 1010 4273 etiam
1031 4211 1153 4273 secutis
1175 4218 1258 4271 tem-

54 4290 181 4368 poribus
211 4297 309 4358 sario
346 4313 482 4360 rumore
519 4297 654 4358 iactata
704 4293 797 4359 Aeo
829 4295 973 4358 maxima
1010 4313 1155 4378 quaeque
1188 4313 1257 4355 am-
