2868 4792
156 211 220 280 ars
302 217 306 248 ¹
546 157 793 278 mnemon
817 211 908 276 nm.
939 211 999 278 111.

158 380 300 456 cenauit,
328 385 493 441 otorano
514 395 533 440 e
555 375 735 462 Campania
756 379 882 444 Urbem
903 383 1072 444 introiret.
1106 381 1229 468 'Igitur
1248 391 1374 444 secutam

158 461 310 526 Caesaris
332 463 461 540 literae,
490 461 609 542 quibus
629 483 665 525 se
685 481 752 546 non
772 471 841 525 tam
861 483 1005 528 vacuum
1026 463 1135 552 gloria
1157 463 1374 546 praedicabat,

157 555 293 630 etpost
314 547 537 608 ferocissimas
559 553 673 632 gentes
694 545 907 630 perdomitas,
940 555 991 610 tot
1013 555 1167 632 receptos
1188 549 1224 608 in
1245 549 1373 612 iuventa

157 639 216 692 aut
237 637 367 714 spretos
390 627 591 712 triumphos,
618 631 685 692 iam
718 633 832 693 senior
860 631 1144 718 peregrinationis
1174 631 1375 694 suburbanae

156 733 256 852 uumle.
278 731 465 862 gddrdetmuiddtini
485 720 647 859 {illidium
666 793 703 850 ed
719 796 748 860 ²,
771 796 815 860 26,
835 799 860 854 l.
886 827 919 838 -
943 811 974 848 ee
990 795 1116 852 coneiiiie
1133 796 1311 863 apersuiaee,
1335 787 1375 852 a'i·

155 867 257 935 inissa,
276 884 293 922 o
315 884 362 922 em
380 865 496 932 tuliue3
519 867 587 922 nn.
606 865 679 920 Rem
697 868 872 934 mniecinees
894 867 974 924 Brot.
1011 867 1112 925 Potius
1137 869 1253 935 vicisse,
1279 887 1375 940 super·

155 957 233 1008 ense,
254 885 356 992 iiidice.
375 955 480 992 racem
499 939 545 994 38.
565 937 611 991 Gi.
630 938 707 993 Gell-
728 943 754 1003 1,
772 941 816 994 33.
844 946 875 994 et
893 939 931 994 ei.
949 940 1044 1011 intpp.
1074 940 1119 994 aio
1136 947 1167 996 et
1184 947 1376 1012 περιγενέσθαι

155 1029 202 1084 np-
220 1009 351 1082 Xenopb.
371 1010 479 1081 Cyrop·
499 1014 526 1075 1,
544 1011 571 1076 6,
590 1013 617 1068 8.
635 1014 662 1066 3
682 1013 786 1076 t‚19.;
807 1009 913 1064 Wattn.
941 1041 974 1054 ·-
1003 1027 1086 1078 nepte
1104 1011 1376 1080 decerunt'l'rincipi-

155 1086 206 1138 bue
224 1101 262 1138 sc.
281 1083 338 1137 boc
357 1099 433 1166 esse,
462 1081 602 1148 proficisci
625 1083 663 1134 nd
679 1082 711 1134 id
722 1079 840 1168 'bellus
868 1080 945 1138 Pieli.
978 1079 1090 1152 Supple
1107 1083 1159 1148 ire,
1187 1085 1327 1138 ominum
1343 1083 1375 1168 ob

154 1164 350 1288 03661
368 1151 516 1281 &itti
528 1151 797 1280 titiani·
815 1153 1376 1298 ru¹tm0¹⁰tni⁰utut..⁰tz

155 1298 248 1354 brarii
265 1297 388 1352 lineolae
405 1295 543 1350 finalibus
569 1296 718 1350 vocalibus
742 1295 808 1350 loco
831 1295 937 1350 literne
953 1312 978 1348 an
996 1297 1149 1368 imponere
1174 1299 1373 1374 neglexerint,

156 1373 248 1428 (liert.
285 1367 368 1438 „Sed
385 1369 473 1422 unice
498 1367 659 1424 audiendus
677 1365 813 1424 l'icbena.
848 1367 893 1423 ct.
917 1367 954 1420 Η.
979 1371 1004 1434 1,
1029 1371 1073 1426 83.
1100 1371 1144 1428 66.
1173 1374 1239 1428 81.ιι
1277 1369 1375 1427 Watrn.

156 1443 285 1499 Onittere
301 1443 400 1506 urben,
425 1457 458 1494 ea
482 1441 572 1507 exire,
597 1457 664 1494 cnm
687 1439 874 1494 adiunctione
897 1438 1065 1516 neglectim
1093 1439 1160 1496 Ere.
1198 1443 1245 1496 lta
1269 1439 1376 1511 saepiri

155 1515 278 1568 omittere
296 1530 354 1578 res,
370 1513 565 1584 provinciam,
584 1510 694 1566 bellom
712 1520 779 1576 cet,
798 1519 832 1564 ut
845 1510 899 1567 Gr.
917 1507 1042 1581 ἀφιέναι,
1059 1525 1114 1582 pro
1132 1515 1375 1582 praeter-mittem

154 1585 205 1642 vel
222 1584 383 1662 negligere,
402 1582 450 1638 vel
468 1583 645 1653 relinquere.
666 1583 711 1640 06.
731 1582 768 1638 nd
786 1588 812 1648 1,
830 1585 876 1649 36,
896 1587 920 1639 1.
940 1587 967 1650 1,
986 1585 1032 1650 47,
1059 1587 1132 1649 1.4,
1159 1587 1203 1640 61.
1225 1588 1270 1642 74.
1289 1590 1316 1651 6,
1333 1589 1374 1643 36.

155 1661 201 1723 11,
219 1660 245 1714 8.
268 1661 310 1722 14,
328 1659 372 1712 61.
391 1659 436 1720 16,
455 1657 481 1710 6.
501 1657 528 1712 6.
548 1659 592 1712 68.
612 1653 650 1710 11.
668 1657 696 1720 3,
715 1658 759 1712 66.
776 1659 806 1720 3,
824 1658 851 1712 4.
870 1657 898 1722 4,
917 1658 943 1712 6.
973 1687 1007 1698 -
1027 1655 1128 1709 civitae
1146 1657 1253 1711 turbet:
1278 1657 1376 1723 „abso-

154 1727 218 1784 lute
234 1743 291 1798 pro
309 1727 402 1780 turbon
419 1733 532 1791 mouent,
550 1734 585 1779 ut
602 1727 630 1791 4,
649 1729 673 1782 1.
694 1725 730 1782 ll.
751 1731 777 1790 1,
795 1730 840 1782 85.
858 1729 886 1792 1,
904 1725 968 1784 W
987 1727 1055 1780 Era.
1075 1726 1121 1780 06.
1140 1725 1223 1794 adl,
1242 1730 1289 1794 64,
1307 1731 1373 1786 7.-

153 1801 218 1870 quin
235 1815 287 1850 non
304 1799 428 1861 ducato,
445 1805 609 1864 inoveatur,
627 1805 709 1852 metu
725 1797 854 1868 periculi
878 1813 915 1852 ex
942 1797 1086 1852 eiusmodi
1108 1798 1203 1854 turbis
1231 1801 1264 1854 in
1287 1817 1374 1872 rernp.
1415 1859 1417 1864 ,

35 1867 48 1892 “
153 1870 354 1927 redundeturi.
373 1869 462 1936 ‚‚puin
478 1886 537 1923 non
555 1868 783 1941 propterquod,
801 1869 1030 1940 sedquomcdoi
1059 1883 1138 1937 nuno,
1163 1869 1214 1924 ubi
1237 1888 1299 1926 non
1321 1873 1375 1927 dici

153 1945 250 2018 poenit
267 1951 349 1996 metu
368 1941 464 1995 duci.“
484 1942 591 1999 Woltlt.
611 1971 646 1984 ·-
663 1941 769 2004 iturum,
789 1943 826 1997 of.
846 1945 873 2007 1,
892 1945 926 1998 47
948 1949 1023 1996 extr.

225 2017 252 2071 2.
272 2013 421 2066 Dolabella
440 2013 650 2076 Cornelianus.
670 2013 706 2066 ed
723 2017 750 2078 3,
769 2015 814 2079 66,
834 2017 858 2068 1.
879 2021 909 2068 et
925 2017 952 2080 3,
972 2016 1015 2079 76,
1035 2018 1060 2070 1.
1079 2013 1230 2068 Dolabella
1242 2015 1377 2070 scribitur

153 2103 172 2141 n
188 2085 348 2142 nonnullis.
366 2103 395 2142 u.
415 2083 451 2139 nd
469 2085 500 2139 0.
519 2087 563 2142 34.
582 2101 612 2140 n.
631 2088 657 2142 6.
697 2111 730 2122 -
749 2085 890 2138 eburnam
907 2087 937 2138 in
954 2085 1146 2153 adulationem,
1172 2084 1376 2142 abhorrentem

154 2165 186 2214 et
203 2157 238 2212 ab
257 2159 339 2213 omni
356 2173 449 2223 more,
468 2165 498 2210 et
515 2175 531 2210 a
550 2159 698 2211 maiestate
717 2157 794 2210 senis
809 2156 971 2228 Principis,
990 2156 1116 2214 Freinaii.
1135 2187 1170 2202 -·
1181 2166 1249 2226 poet
1267 2160 1376 2224 [σοεὲι-

152 2229 238 2283 ιὺιιαι
254 2237 352 2294 genter
374 2228 548 2296 perdonetis,
572 2247 601 2281 v.
625 2225 689 2284 lud
715 2227 770 2282 lll.
801 2245 830 2284 n.
856 2228 1011 2294 Porticipia
1037 2227 1113 2294 Pers.
1129 2229 1213 2284 Pane.
1236 2247 1289 2300 pro
1312 2231 1377 2285 Seb-

152 2307 235 2428 etdont.
255 2301 341 2359 atate.
371 2329 407 2346 -
431 2299 667 2368 peregrinationi«
682 2300 862 2368 winae,
885 2301 918 2354 in
937 2299 1105 2372 Campania.
1135 2299 1182 2360 06.
1201 2317 1267 2374 eep.
1285 2305 1330 2360 61,
1349 2310 1375 2354 et

152 2389 170 2428 a
208 2375 253 2442 13,
270 2375 315 2431 43.

545 2475 738 2534 carot*
789 2475 982 2536 xtvut.

200 2545 204 2580 Ι
235 2587 303 2650 Sub
329 2585 418 2650 idem
442 2593 586 2670 tempus,
614 2595 655 2650 ut
681 2606 778 2651 mora
786 2585 938 2672 Sulpicii
958 2587 1094 2650 Quirini
1137 2587 1262 2652 oblicie
1288 2609 1374 2652 exse-

152 2673 238 2756 qniis
267 2675 555 2754 frequentaretur,
589 2673 710 2753 petivit
736 2691 756 2732 a
781 2681 909 2732 senatu.
954 2669 1048 2730 Nihil
1083 2689 1101 2730 a
1161 2681 1315 2736 veterem
1343 2683 1374 2734 et

151 2755 328 2838 patriciam
350 2753 578 2836 Sulpiciorum
599 2755 758 2816 familiam
781 2753 941 2818 Quirinus
961 2755 1138 2836 pertinuit,
1168 2765 1267 2819 ortus
1290 2755 1373 2840 apud

149 2838 372 2920 municipium
392 2835 600 2914 Lanut‘ium3
632 2835 690 2899 scd
711 2837 857 2922 impiger
886 2837 1026 2900 militiae
1053 2846 1087 2899 et
1115 2841 1252 2902 acribus
1280 2841 1373 2902 mini-

152 2924 264 2984 steriis
287 2919 497 2984 consulatum
524 2921 585 2982 sub
608 2917 688 2984 divo
709 2919 872 3008 Augusto,
895 2941 984 2998 mox,
1018 2926 1214 3006 expugnatis
1239 2944 1301 3008 per
1322 2921 1372 2985 Ci-

150 3007 264 3070 liciam
285 3000 595 3068 Homonadensium
616 3004 773 3081 castellis,
801 3005 945 3088 insignia
971 3003 1136 3085 triumphi
1157 3005 1300 3088 adeptus
1321 3007 1373 3068 da·

150 3097 271 3172 tuaque
303 3096 418 3151 rector
440 3083 476 3148 C.
499 3085 636 3150 &asari
663 3087 857 3149 Armeniam
885 3085 1062 3162 obtinenti,
1092 3085 1273 3150 Tiberium
1294 3107 1371 3170 qno-

150 3193 215 3255 que
247 3169 355 3232 Rhodi
377 3177 530 3258 agentem
559 3171 719 3235 coluerat.
763 3168 861 3235 Quod
889 3177 969 3231 tuno
997 3171 1153 3247 patefecit
1183 3174 1369 3248 incenato,

149 3253 294 3318 laudatis
329 3256 364 3316 in
392 3273 427 3316 se
454 3253 575 3316 officiis
603 3261 638 3316 et
664 3255 815 3316 incusato
842 3251 892 3316 M.
915 3251 1043 3330 Lollio,
1075 3273 1173 3334 quem
1200 3263 1369 3318 auctorem

127 3337 187 3401 'C.
218 3335 354 3400 Caesari
371 3335 558 3420 ‘prauitatis
593 3343 628 3398 et
653 3335 900 3400 discordiarum
934 3335 1107 3422 arguebat.
1156 3337 1224 3400 Sed
1252 3339 1370 3402 ceteris

148 3419 240 3484 haud
271 3420 359 3482 laeta
391 3421 553 3482 memoria
582 3419 720 3484 Quirini
754 3427 828 3482 erat
863 3419 906 3480 ob
935 3421 1074 3497 intenta,
1106 3431 1145 3482 ut
1173 3423 1369 3500 memoravi,

82 3507 96 3520 ¹
147 3501 296 3588 Lepidae
316 3503 467 3584 pericula
487 3499 721 3586 sordidamque
743 3511 776 3565 ct
796 3509 1048 3588 praepotentem
1069 3512 1246 3568 senectam.

220 3609 246 3661 l.
263 3601 382 3670 publicio
400 3602 544 3670 exsequiis,
562 3621 590 3660 v.
609 3601 646 3657 ad
662 3607 690 3672 3,
709 3605 736 3669 6,
755 3607 780 3660 1.
799 3603 920 3672 Sulpicii
939 3601 1062 3660 Quirini:
1081 3603 1113 3656 in
1131 3603 1194 3656 edd.
1214 3613 1276 3664 vet.
1305 3613 1370 3659 ante

146 3673 240 3748 liyek.
260 3673 389 3732 Quirinii.
406 3691 434 3726 v.
455 3673 490 3728 ad
507 3675 534 3742 3,
552 3677 597 3740 36,
615 3677 642 3731 3.
663 3707 696 3718 -
714 3676 832 3742 impiger
849 3673 974 3738 militine,
1000 3677 1038 3732 ci.
1058 3673 1093 3728 ad
1119 3675 1154 3728 H.
1174 3681 1200 3742 3,
1220 3681 1268 3742 ss,
1290 3679 1315 3734 4.
1343 3683 1370 3730 et

147 3749 229 3804 (1.1,
248 3765 277 3800 n.
297 3749 323 3803 4.
343 3773 376 3784 -
395 3748 557 3800 coneulotran
574 3745 622 3798 rub
641 3745 677 3798 D.
696 3747 823 3812 Aegeate
840 3747 954 3814 adeptae
979 3763 1004 3803 a.
1023 3745 1059 3804 U.
1079 3749 1140 3804 744.
1172 3749 1216 3804 01.
1244 3745 1302 3802 Dio
1326 3751 1368 3813 64,

145 3823 191 3878 28.
218 3847 250 3858 -
270 3817 436 3885 expugnetis
457 3833 507 3890 per
525 3817 653 3872 cilicinae
676 3819 916 3871 Homonadensium
939 3817 1073 3883 coetettie,
1094 3835 1124 3876 v.
1144 3817 1237 3876 Sunt.
1258 3819 1322 3878 ΧΠ.
1340 3837 1368 3891 p.

145 3893 208 3949 669.
227 3893 289 3948 673.
309 3889 383 3948 Plin.
402 3891 431 3956 6,
448 3891 491 3946 87.
512 3888 593 3944 Flor.
612 3892 639 3958 4,
657 3893 702 3957 13,
719 3893 764 3947 41.
782 3889 833 3944 ubi
851 3891 889 3943 cf.
907 3887 984 3946 Dok.
1003 3891 1215 3946 amandari-n
1233 3891 1294 3950 MS.
1314 3893 1367 3945 llo-

145 3963 320 4016 nronodenaea
337 3981 358 4016 ι.
380 3961 534 4016 Hononodi
552 3968 582 4016 et
599 3961 770 4016 Homonadet
788 3961 821 4016 in
832 3959 929 4016 Tauro
942 3969 1052 4028 monte,
1069 3963 1192 4016 finitimi
1206 3963 1368 4033 Lycaoniae

145 4043 174 4090 et
191 4034 329 4100 Isauriae,
347 4034 380 4086 in
400 4033 506 4086 Cilicio
522 4049 625 4104 aspera
641 4055 663 4092 a.
683 4031 823 4092 Tracbee.
846 4051 875 4090 v.
896 4033 1001 4090 cellar.
1023 4033 1058 4088 0.
1076 4033 1111 4088 Α.
1139 4033 1173 4091 Τ.
1193 4033 1230 4090 11.
1256 4053 1287 4106 p.
1308 4039 1365 4092 176.

546 4103 632 4230 :u
645 4109 698 4235 e
715 4105 919 4234 tzur
936 4105 972 4231 ιι
989 4103 1121 4234 tire

145 4246 287 4312 obtinenti,
310 4249 436 4315 tenenti,
461 4249 488 4303 ei
505 4213 662 4320 praefecto.
688 4221 733 4306 06.
751 4221 815 4305 lnd.
834 4247 873 4305 11.
905 4220 937 4292 L·
967 4215 1218 4304 niomin’ttn'ont
1242 4214 1366 4316 dgenten

144 4317 322 4384 coiuernl,v.
341 4319 421 4384 adl,
439 4322 468 4386 4,
486 4322 513 4376 o.
533 4323 607 4385 eti,
626 4324 672 4387 43,
692 4327 716 4376 l.
