2868 4792
217 209 635 277 circumluxit.
657 207 847 307 (iiiiii.
871 207 1044 288 64122.)
1079 227 1082 234 '
1175 208 1241 280 143

40 379 158 442 Caesius
179 375 309 442 Cordus
332 375 593 459 repetundarum
621 375 812 442 damnetur.
849 376 888 441 1..
916 377 1057 440 Ennium
1086 377 1238 462 Equitem

40 465 218 538 Romanum,
242 463 423 524 maiestatis
454 463 670 542 postulatum,
698 459 786 543 quod
812 461 951 561 effigiem
975 459 1136 544 Principis
1159 481 1237 546 pro-

39 549 184 608 miscuum
212 543 255 606 ad
284 564 380 606 usum
408 543 541 630 argenti
570 547 736 620 vertisset,
766 545 871 626 recipi
893 542 1015 606 Caesar
1046 547 1135 608 inter
1161 565 1237 608 reos

40 631 145 704 vetnit,
167 629 273 711 palam
295 635 494 709 aspernante
515 627 611 690 Ateio
634 625 795 710 Capitone
823 629 914 708 quasi
940 647 1002 708 per
1029 628 1237 692 libertatem:

39 714 185 774 nonenim
206 711 317 774 debere
338 707 600 789 eripiPotribus
622 715 681 774 vim
704 710 879 788 statuendi,
902 705 1004 792 neque
1026 721 1146 774 tantun
1174 733 1238 774 mo-

39 795 160 877 icficiom
180 798 302 874 inpune
323 792 506 856 habentium.
547 791 636 856 Sane
659 793 762 854 lentus
784 796 818 854 in
839 813 896 856 suo
923 793 1033 856 dolore
1059 785 1159 868 ees'et,·
1190 795 1239 858 rei

39 879 170 957 publicae
189 881 328 942 iniurias
349 897 389 938 ne
407 877 593 958 largiretur.
628 877 797 938 intellexit
812 875 892 938 baec
904 875 1071 954 Tiberius,
1094 885 1239 940 uterant

39 963 129 1061 magis
159 982 255 1042 qnam
285 969 324 1022 ut
355 957 559 1034 dicebantur,
591 961 812 1104 perstititque
850 957 1067 1024 intercedere.
1121 957 1238 1042 capito

40 1046 215 1130 insignitior
242 1046 381 1106 infamia
407 1045 482 1119 luit,
525 1063 588 1126 quo
645 1043 780 1116 hnmani
815 1041 983 1124 divinique
1016 1043 1102 1104 iuris
1132 1045 1241 1112 sciens

40 1129 192 1214 egregium
213 1127 382 1210 publicum
404 1136 438 1188 et
461 1125 560 1190 bones
587 1125 677 1188 domi
705 1135 793 1188 artes
814 1125 1108 1190 dehonesteiisset.

98 1283 120 1335 1.
139 1279 205 1334 Post
225 1279 322 1333 auditi
341 1281 557 1350 Cyrenenses-
573 1279 731 1344 innectus,
751 1281 790 1332 ei.
811 1296 871 1350 cap.
892 1281 935 1334 33.
955 1295 1000 1352 pr.
1037 1279 1103 1346 „Ex
1121 1294 1154 1332 eo
1172 1277 1238 1352 lopo

40 1351 167 1407 coniicere
185 1355 290 1422 possis,
309 1369 364 1423 pro
374 1353 546 1421 Cyrenenses
565 1347 795 1404 substituendum
817 1367 877 1404 esse
896 1351 1053 1404 Cretenses.
1079 1349 1134 1404 ssd
1152 1350 1238 1404 Crete

41 1437 93 1474 cnm
111 1423 268 1493 Cyrenaica
286 1424 414 1476 eiusdem
433 1421 615 1492 proconsulis
634 1423 786 1492 provincie
804 1422 870 1474 fuit.
890 1439 918 1478 v.
939 1421 1032 1476 Strnb.
1056 1421 1137 1479 xvss
1160 1431 1238 1474 exte.

40 1503 63 1544 et
78 1493 149 1546 Suet.
168 1495 251 1564 Vesp.
277 1494 328 1550 2⁶⁴
350 1494 430 1562 lips.
466 1493 683 1562 repetundorum
707 1494 867 1558 damnatas,
896 1513 922 1548 r.
948 1494 983 1548 ad
1008 1498 1033 1558 1,
1053 1497 1097 1558 74,
1120 1497 1238 1566 1.,313.

42 1595 65 1606 -
81 1566 236 1618 maiestatis
252 1565 438 1634 postulatum,
457 1583 485 1618 v.
505 1565 540 1618 sd
559 1570 584 1628 l,
604 1568 647 1626 74,
668 1569 692 1620 1.
706 1591 739 1602 -
776 1567 850 1636 qnod
867 1566 994 1634 effigiem·
1007 1563 1154 1632 Principis
1170 1579 1241 1631 prov

40 1635 156 1688 nisenam
173 1634 211 1688 ad
226 1654 310 1692 usum
328 1636 445 1706 argenti
463 1635 604 1702 vertisset,
623 1635 658 1692 ad
676 1653 760 1690 omne
778 1636 818 1702 id,
838 1653 894 1706 qno
914 1655 981 1689 usne
999 1637 1113 1712 argenti
1137 1643 1239 1689 exten·

41 1707 113 1770 ditur,
132 1707 307 1762 adhibuisset
325 1718 375 1761 sut
393 1705 584 1761 creditoribus
609 1707 749 1772 ‹ledisset3
770 1705 899 1762 freinsl.
935 1707 1106 1776 promiscum
1130 1705 1187 1760 MS.
1209 1715 1239 1760 et

41 1777 74 1832 ed.
90 1777 174 1832 Bekk.
193 1787 227 1831 ut
247 1787 276 1832 et
294 1797 354 1850 cap.
374 1781 417 1836 53.
438 1811 470 1820 -
505 1779 602 1846 poiens
619 1784 796 1846 aspernante,
817 1779 1009 1850 improbante,
1040 1777 1125 1831 Ateio
1151 1777 1238 1846 (iopi-
1275 1843 1279 1850 Ι
1357 1804 1362 1814 =
1413 1777 1415 1784 ⁴

40 1849 223 1922 incendeque
243 1869 270 1904 r.
291 1849 326 1904 ad
345 1867 376 1903 es
399 1889 406 1903 .
427 1851 469 1904 76.
496 1881 523 1891 -
560 1850 645 1918 pnasi
660 1865 713 1918 per
731 1851 905 1916 libertatem
936 1867 1002 1902 nam
1028 1851 1156 1921 speciosa
1175 1855 1239 1902 erat

40 1921 170 1990 intincto,
189 1921 343 1975 manifeste
362 1867 498 1974 alnistIo.
519 1953 551 1964 -
589 1921 663 1974 Sane
685 1921 777 1974 lentus
800 1922 831 1973 in
859 1937 909 1972 sno
927 1922 1025 1974 dolore
1042 1926 1130 1973 esset:
1164 1938 1240 1991 „ps-

40 1991 111 2056 tiens‚
129 2009 185 2048 non
202 1991 365 2046 nliiscendi
391 1991 525 2064 cupidus:
562 2009 627 2044 nem
655 1992 746 2045 lentus
771 2001 814 2046 est
837 1993 935 2045 tardus
958 1993 989 2044 in
1018 1991 1168 2046 sentiendo
1193 2007 1239 2056 eo,

40 2063 102 2130 quod
118 2063 263 2117 vindictae
282 2063 480 2134 cupiditatem,
500 2063 574 2116 iram
592 2063 748 2133 odiumque
766 2079 883 2118 movere
901 2071 1005 2133 potest.
1043 2063 1120 2115 ilino
1134 2063 1239 2116 Cicero

40 2147 73 2184 or.
89 2137 113 2200 1,
131 2138 173 2192 45,
193 2135 270 2186 lente
287 2135 388 2198 (nimis
406 2135 569 2204 patienter)
587 2138 665 2202 ferre
684 2135 806 2206 opponit
823 2135 860 2200 τῷ
877 2133 968 2188 irasci
987 2143 1015 2188 et
1034 2133 1172 2186 lentitudo
1193 2140 1238 2186 est

40 2205 113 2258 nimie
138 2207 243 2260 lenitas
271 2213 300 2259 et
322 2205 462 2276 patientia
486 2208 535 2274 apl
552 2205 613 2260 cic.
638 2203 723 2262 Tusc.
750 2223 799 2276 qu.
824 2207 913 2270 4,13.
940 2213 969 2258 et
986 2203 1021 2258 ed
1039 2203 1072 2270 Q.
1091 2203 1140 2257 Fr.
1162 2209 1236 2270 1,1.

40 2273 138 2330 Dicitur
158 2279 222 2332 fere
249 2275 280 2329 in
305 2275 411 2329 maiam
434 2284 558 2346 partem,
592 2277 660 2348 quis
679 2283 722 2329 est
741 2277 858 2352 signum
878 2283 924 2328 'stu
946 2277 1014 2328 oris.
1033 2295 1063 2332 v.
1082 2275 1182 2328 Burin.
1202 2273 1238 2328 ad
1351 2295 1362 2306 ·

39 2345 106 2398 brid.
125 2347 210 2402 Trist.
233 2350 259 2413 7,
279 2349 341 2404 614.
360 2345 450 2400 Drak.
470 2345 506 2400 ad
523 2349 586 2400 Lis.
607 2349 651 2414 22,
672 2349 714 2402 14.
736 2347 841 2401 Graes.
862 2347 897 2400 ed
940 2347 1078 2402 invem.
1098 2349 1125 2410 4,
1144 2347 1187 2402 tt.
1208 2351 1239 2399 et

39 2415 65 2470 de
81 2419 153 2472 varia
169 2420 253 2474 vocis
272 2419 365 2472 lentus
382 2419 413 2470 ri
432 2417 513 2472 Voss.
533 2417 569 2472 nd
588 2417 694 2474 Catuli.
714 2436 743 2488 p.
763 2421 815 2474 213
834 2417 900 2490 sq.“
923 2418 992 2471 lires.
1014 2417 1049 2472 sd
1066 2415 1095 2471 h.
1116 2415 1137 2472 l.
1157 2425 1187 2469 et
1205 2417 1238 2470 in

40 2487 105 2542 clare
123 2489 179 2543 cic.
200 2511 253 2554 „v.
275 2491 361 2544 etiam
381 2491 434 2546 inf.
454 2493 479 2560 4,
500 2493 542 2544 71.
563 2487 642 2542 Suet.
663 2489 694 2542 in
713 2491 786 2566 Aug.
816 2505 840 2542 c.
861 2491 904 2546 21.
925 2490 955 2541 in
974 2487 1037 2542 Tib.
1056 2491 1100 2544 67.
1125 2485 1238 2540 Tibull.

40 2560 59 2622 4,
77 2559 135 2614 11.“
151 2559 227 2620 Picis.
247 2569 276 2618 et
294 2563 318 2614 1.
339 2562 424 2614 Gron.
446 2559 490 2614 Gi.
510 2560 546 2614 ad
564 2563 591 2626 3,
611 2565 638 2624 l,
656 2563 683 2616 3.
702 2591 732 2604 -
770 2561 815 2630 rei
830 2561 960 2628 publicae
978 2559 1105 2616 iniurias
1123 2575 1158 2612 ne
1176 2561 1239 2612 Iar·

39 2630 150 2694 giratur.-
166 2663 169 2668 ·
185 2652 248 2700 „ne
276 2631 452 2686 condonaret
476 2632 599 2684 iniurias
627 2632 671 2684 rei
696 2629 777 2702 publ.
807 2631 911 2689 illatas.
953 2631 1034 2687 Aliss
1061 2633 1118 2686 i‘sta
1142 2633 1239 2684 tonna

18 2739 20 2744 .
40 2701 165 2774 signifieat
183 2703 347 2758 condonare
366 2702 455 2756 alicui
474 2703 596 2774 iniurias
616 2704 659 2758 rei
677 2701 757 2774 pnbl.
771 2721 863 2770 causo,
883 2703 959 2776 quod
976 2703 1010 2762 ab
1026 2698 1086 2762 int
1106 2701 1238 2757 alienum

40 2773 101 2827 est.“
117 2775 182 2829 lien.
205 2776 250 2829 cf.
271 2773 307 2830 nd
325 2779 351 2842 1,
373 2775 398 2840 7,
418 2775 443 2830 S.

94 2882 117 2935 1.
141 2883 243 2951 capito
271 2880 445 2950 insignitior
468 2879 592 2945 infernin
609 2877 666 2946 fnit
693 2877 751 2934 616.
771 2881 833 2938 edd.
853 2880 933 2936 Picb.
955 2889 984 2937 et
1002 2899 1059 2936 rec.
1088 2880 1238 2950 insignior

41 2947 89 3000 eil.
107 2962 160 3008 vet
182 2987 215 2996 -
251 2949 366 3006 inmani
382 2951 530 3022 divinique
547 2951 623 3004 ioris
641 2951 743 3018 eciem,
762 2961 795 3005 ut
812 2957 840 3018 6,
858 2955 952 3010 tonet
970 2954 1008 3008 al.
1033 2954 1077 3006 De
1096 2953 1238 3023 Gspitons

39 3035 60 3072 v.
76 3021 106 3074 sd
122 3041 152 3077 en
174 3067 180 3080 .
201 3027 244 3082 75.
266 3057 298 3066 -
335 3024 483 3093 egregium
498 3023 640 3091 pubiicum
658 3029 685 3076 et
703 3025 790 3077 bonos
809 3024 886 3078 domi
903 3031 982 3078 ortes
1001 3023 1237 3078 debonestnnisset

41 3091 89 3142 scil.
107 3041 281 3160 sinistimu
301 3113 330 3148 v.
350 3114 410 3166 cap.
431 3097 474 3150 76.
511 3095 670 3164 Egregium
695 3095 872 3149 substantive
895 3097 1015 3161 dictum,
1040 3103 1073 3147 ut
1090 3097 1118 3162 6,
1137 3097 1181 3150 74.
1207 3101 1243 3148 et

40 3165 167 3232 egregium
181 3168 333 3234 pubiicum,
353 3175 386 3218 ut
404 3167 503 3219 ionsns
518 3167 662 3234 pubiicum
680 3169 723 3230 14,
746 3169 790 3222 33.
814 3168 877 3219 Liv.
904 3171 933 3232 3,
953 3170 996 3223 44.
1014 3169 1043 3232 3,
1062 3170 1106 3222 38.
1127 3169 1171 3231 33,
1189 3169 1235 3222 41.

39 3233 73 3296 33,
90 3239 127 3290 46.
145 3239 190 3302 34,
209 3241 235 3294 6.
273 3239 397 3291 divinum
412 3237 553 3305 pnto'can
571 3237 635 3294 biv.
653 3240 679 3302 3,
695 3241 734 3292 lo.
755 3239 891 3306 optimum
906 3239 1047 3306 pubiicum
1065 3237 1143 3292 Gell.
1164 3240 1191 3303 7,
1209 3240 1236 3292 3.

39 3309 61 3352 et
75 3316 166 3362 contin
182 3309 289 3362 maison
303 3310 446 3378 pubiicum
462 3309 526 3364 Liv.
546 3312 572 3374 4,
592 3312 634 3366 st.
652 3309 803 3376 pessimum
819 3310 962 3380 pubiicum
978 3310 1043 3362 Lir.
1063 3312 1090 3374 7,
1108 3313 1132 3364 1.
1151 3311 1236 3362 Varr.

39 3369 64 3424 R·
80 3374 108 3434 R.
130 3384 153 3444 i,
182 3385 214 3436 13
239 3389 314 3434 extr.
352 3379 408 3434 Sed
427 3381 575 3448 egregium
590 3379 734 3448 pubiicum
749 3377 779 3436 b.
800 3379 820 3433 l.
841 3397 910 3445 non,
940 3390 974 3433 ut
990 3380 1164 3452 plerumque
1188 3379 1239 3432 io-

39 3458 89 3496 um
102 3451 248 3516 publicans,
268 3451 306 3507 id.
327 3451 375 3522 qd.
396 3451 471 3504 seins
489 3452 534 3504 rei
552 3451 696 3522 publicae.
726 3451 908 3520 „Egregium
927 3459 1094 3506 constanter
1106 3465 1122 3504 a
1136 3449 1237 3504 Tacito

40 3522 179 3586 opponitur
199 3524 310 3592 pavis,
338 3523 474 3586 scelestis,
496 3521 648 3586 indecoris,
678 3531 711 3576 ut
736 3525 824 3586 1‚1t.
849 3527 890 3579 13.
909 3527 954 3588 43,
973 3527 1016 3580 63.
1036 3525 1062 3584 ³,
1082 3525 1107 3579 6.
1129 3525 1172 3588 14,
1192 3524 1236 3578 60.

40 3584 187 3660 synonyme
203 3609 276 3647 vero
294 3591 323 3649 h.
337 3591 357 3649 l.
378 3593 526 3662 egregium
538 3601 568 3647 et
584 3593 670 3646 bonus
688 3600 767 3646 ories
785 3611 818 3647 ec
836 3593 1058 3671 distinguuntur
1074 3611 1129 3664 per
1143 3593 1237 3662 pubii-

40 3671 89 3712 cum
104 3671 130 3715 et
148 3663 234 3726 sioni,
265 3681 338 3736 quse
366 3673 395 3718 et
413 3683 499 3736 supra
518 3679 542 3716 e.
561 3667 604 3722 33.
630 3681 719 3734 seque
744 3665 799 3718 sibi
826 3675 1021 3736 opponuntur.
1065 3665 1125 3720 ism
1152 3666 1238 3718 bonne

40 3735 102 3782 tries
126 3743 202 3799 sunt,
241 3736 318 3805 qnod
342 3744 484 3790 nostrates
510 3735 613 3789 dicunt
636 3735 1027 3792 liechtsehnfienbeit:
1054 3736 1125 3792 hinc
1149 3738 1237 3790 etism

39 3805 167 3872 egregium
196 3805 232 3859 de
256 3807 368 3860 virtute
391 3809 489 3878 potius
517 3825 601 3878 quam
628 3806 663 3861 de
690 3808 751 3861 viri
774 3806 917 3894 dignitate
941 3818 992 3862 ant
1018 3809 1052 3861 de
1072 3807 1163 3862 salute
1191 3807 1237 3858 rei
1316 3849 1319 3856 .

39 3871 152 3936 publicae
170 3877 398 3954 intelligendum
417 3895 479 3932 esse
498 3893 612 3940 censeo,
639 3887 672 3930 ut
697 3880 736 3932 sit
761 3896 866 3932 senne
895 3878 1125 3934 tilientliehe
1149 3879 1237 3930 Vor-

40 3945 302 4015 lrslilicbiseit,
330 3951 411 4003 sein
438 3949 636 4003 Verdienst
665 3947 719 4002 eis
748 3947 990 4004 Stsetsmann.
1042 3949 1239 4020 Opponnntur

39 4009 108 4068 lenm
124 4019 200 4072 domi
219 4027 306 4086 artes,
332 4021 432 4074 Germ.
467 4021 545 4073 sein
572 4019 843 4090 persiinlicbsr
866 4017 1236 4075 characterwerth.⁴‘

42 4079 132 4140 Waiti.
169 4091 264 4143 Immo
281 4093 367 4144 innoc
384 4091 462 4144 domi
480 4097 558 4142 ortes
572 4107 605 4144 eo
625 4107 710 4144 sensu
727 4091 823 4146 dictae
841 4109 899 4164 qno
916 4093 1047 4145 illustres
1066 4091 1142 4144 domi
1159 4096 1237 4142 ortes

39 4155 59 4216 b
74 4159 97 4210 6.
115 4161 214 4215 civiles
232 4169 310 4215 anes
333 4163 404 4239 Agr.
423 4166 468 4219 39.
494 4168 573 4214 eries
595 4161 677 4228 pacis
700 4179 746 4232 ap.
766 4161 827 4219 Cic.
857 4171 886 4216 et
910 4163 993 4230 alios,
1027 4179 1099 4234 qnae
1126 4161 1250 4228 orsitus,

38 4225 205 4298 mitonins,
223 4240 259 4286 ut
276 4235 443 4318 saepissime
461 4233 539 4286 dens·
556 4241 585 4286 et
602 4232 728 4287 miiitiae
751 4235 806 4288 sibi
824 4242 1020 4303 opponuntur.
1040 4233 1143 4304 Capito
1160 4233 1237 4286 enim

39 4290 134 4355 bnon
151 4301 296 4374 sinuque
319 4305 397 4360 suris
419 4305 519 4360 sciens.
