<?xml version="1.0" encoding="UTF-8"?>
<!DOCTYPE html PUBLIC "-//W3C//DTD XHTML 1.0 Transitional//EN"
    "http://www.w3.org/TR/xhtml1/DTD/xhtml1-transitional.dtd">
<html xmlns="http://www.w3.org/1999/xhtml" xml:lang="en" lang="en">
 <head>
  <title>
</title>
<meta http-equiv="Content-Type" content="text/html;charset=utf-8" />
  <meta name='ocr-system' content='tesseract 3.04.00' />
  <meta name='ocr-capabilities' content='ocr_page ocr_carea ocr_par ocr_line ocrx_word'/>
</head>
<body>
  <div class='ocr_page' id='page_1' title='image "./ccorneliitaciti28tacigoog/ccorneliitaciti28tacigoog_0544.png"; bbox 0 0 2890 4790; ppageno 0'>
   <div class='ocr_carea' id='block_1_1' title="bbox 214 178 1261 282">
    <p class='ocr_par' dir='ltr' id='par_1_1' title="bbox 214 178 1261 282">
     <span class='ocr_line' id='line_1_1' title="bbox 214 178 1261 282; baseline 0.003 -15"><span class='ocrx_word' id='word_1_1' title='bbox 214 199 360 268; x_wconf 76' lang='lat' dir='ltr'><strong>curor</strong></span> <span class='ocrx_word' id='word_1_2' title='bbox 380 200 506 266; x_wconf 80' lang='lat' dir='ltr'><strong>xxur.</strong></span> <span class='ocrx_word' id='word_1_3' title='bbox 528 199 640 266; x_wconf 83' lang='lat' dir='ltr'><strong>xxx.</strong></span> <span class='ocrx_word' id='word_1_4' title='bbox 670 178 725 280; x_wconf 82' lang='grc'><strong>(1.</strong></span> <span class='ocrx_word' id='word_1_5' title='bbox 746 199 785 264; x_wconf 89' lang='lat' dir='ltr'><strong>u.</strong></span> <span class='ocrx_word' id='word_1_6' title='bbox 807 198 879 270; x_wconf 76' lang='lat' dir='ltr'><strong>rra.</strong></span> <span class='ocrx_word' id='word_1_7' title='bbox 908 200 948 264; x_wconf 84' lang='lat' dir='ltr'><strong>s.</strong></span> <span class='ocrx_word' id='word_1_8' title='bbox 972 199 1008 268; x_wconf 89' lang='lat' dir='ltr'><strong>c.</strong></span> <span class='ocrx_word' id='word_1_9' title='bbox 1028 199 1096 282; x_wconf 80' lang='lat' dir='ltr'><strong>rs.)</strong></span> <span class='ocrx_word' id='word_1_10' title='bbox 1198 205 1261 278; x_wconf 81' lang='lat' dir='ltr'><strong>sss</strong></span> 
     </span>
    </p>
   </div>
   <div class='ocr_carea' id='block_1_2' title="bbox 45 365 1320 950">
    <p class='ocr_par' dir='ltr' id='par_1_2' title="bbox 45 365 1320 950">
     <span class='ocr_line' id='line_1_2' title="bbox 48 365 1257 458; baseline 0.001 -24"><span class='ocrx_word' id='word_1_11' title='bbox 48 390 124 434; x_wconf 89' lang='lat' dir='ltr'><strong>nem</strong></span> <span class='ocrx_word' id='word_1_12' title='bbox 150 367 313 458; x_wconf 72' lang='lat' dir='ltr'><strong>adigitur,</strong></span> <span class='ocrx_word' id='word_1_13' title='bbox 347 389 413 456; x_wconf 77' lang='lat' dir='ltr'><strong>non</strong></span> <span class='ocrx_word' id='word_1_14' title='bbox 441 369 631 436; x_wconf 84' lang='lat' dir='ltr'><strong>assultante</strong></span> <span class='ocrx_word' id='word_1_15' title='bbox 659 365 797 432; x_wconf 86' lang='lat' dir='ltr'><strong>Tiberio</strong></span> <span class='ocrx_word' id='word_1_16' title='bbox 827 377 924 434; x_wconf 86' lang='lat' dir='ltr'><strong>vetus</strong></span> <span class='ocrx_word' id='word_1_17' title='bbox 952 366 1068 432; x_wconf 87' lang='lat' dir='ltr'><strong>odium</strong></span> <span class='ocrx_word' id='word_1_18' title='bbox 1097 369 1257 436; x_wconf 84' lang='lat' dir='ltr'><strong>adversus</strong></span> 
     </span>
     <span class='ocr_line' id='line_1_3' title="bbox 46 450 1261 535; baseline 0 -17"><span class='ocrx_word' id='word_1_19' title='bbox 46 455 196 519; x_wconf 81' lang='lat' dir='ltr'><strong>exsulem</strong></span> <span class='ocrx_word' id='word_1_20' title='bbox 225 452 405 518; x_wconf 80' lang='lat' dir='ltr'><strong>Serenum:</strong></span> <span class='ocrx_word' id='word_1_21' title='bbox 438 472 515 514; x_wconf 81' lang='lat' dir='ltr'><strong>naus</strong></span> <span class='ocrx_word' id='word_1_22' title='bbox 544 461 621 535; x_wconf 87' lang='lat' dir='ltr'><strong>post</strong></span> <span class='ocrx_word' id='word_1_23' title='bbox 651 450 842 514; x_wconf 68' lang='lat' dir='ltr'><strong>danum</strong></span> <span class='ocrx_word' id='word_1_24' title='bbox 876 453 1041 516; x_wconf 75' lang='lat' dir='ltr'>Libonem</span> <span class='ocrx_word' id='word_1_25' title='bbox 1079 455 1188 518; x_wconf 69' lang='lat' dir='ltr'><strong>misus</strong></span> <span class='ocrx_word' id='word_1_26' title='bbox 1217 453 1261 518; x_wconf 85' lang='lat' dir='ltr'><strong>ad</strong></span> 
     </span>
     <span class='ocr_line' id='line_1_4' title="bbox 46 533 1260 618; baseline 0.003 -19"><span class='ocrx_word' id='word_1_27' title='bbox 46 536 219 599; x_wconf 85' lang='lat' dir='ltr'><strong>Gaesarem</strong></span> <span class='ocrx_word' id='word_1_28' title='bbox 251 536 361 600; x_wconf 84' lang='lat' dir='ltr'><strong>liberis</strong></span> <span class='ocrx_word' id='word_1_29' title='bbox 399 535 661 618; x_wconf 74' lang='lat' dir='ltr'><strong>exprobraverat</strong></span> <span class='ocrx_word' id='word_1_30' title='bbox 700 555 798 598; x_wconf 89' lang='lat' dir='ltr'><strong>suum</strong></span> <span class='ocrx_word' id='word_1_31' title='bbox 835 543 967 604; x_wconf 86' lang='lat' dir='ltr'><strong>tanturn</strong></span> <span class='ocrx_word' id='word_1_32' title='bbox 1008 533 1156 602; x_wconf 84' lang='lat' dir='ltr'><strong>studium</strong></span> <span class='ocrx_word' id='word_1_33' title='bbox 1188 539 1260 610; x_wconf 78' lang='lat' dir='ltr'><strong>siue</strong></span> 
     </span>
     <span class='ocr_line' id='line_1_5' title="bbox 46 617 1260 702; baseline 0.002 -20"><span class='ocrx_word' id='word_1_34' title='bbox 46 623 159 682; x_wconf 82' lang='lat' dir='ltr'><strong>fructu</strong></span> <span class='ocrx_word' id='word_1_35' title='bbox 179 621 293 698; x_wconf 80' lang='lat' dir='ltr'><strong>tuisse,</strong></span> <span class='ocrx_word' id='word_1_36' title='bbox 320 617 559 702; x_wconf 75' lang='lat' dir='ltr'><strong>addideratque</strong></span> <span class='ocrx_word' id='word_1_37' title='bbox 587 617 745 700; x_wconf 86' lang='lat' dir='ltr'><strong>quaedum</strong></span> <span class='ocrx_word' id='word_1_38' title='bbox 775 621 1001 682; x_wconf 86' lang='lat' dir='ltr'><strong>contumacius</strong></span> <span class='ocrx_word' id='word_1_39' title='bbox 1028 639 1126 702; x_wconf 86' lang='lat' dir='ltr'><strong>quam</strong></span> <span class='ocrx_word' id='word_1_40' title='bbox 1150 629 1260 686; x_wconf 86' lang='lat' dir='ltr'><strong>tutum</strong></span> 
     </span>
     <span class='ocr_line' id='line_1_6' title="bbox 45 701 1320 786; baseline 0.005 -21"><span class='ocrx_word' id='word_1_41' title='bbox 45 701 136 786; x_wconf 91' lang='lat' dir='ltr'><strong>apud</strong></span> <span class='ocrx_word' id='word_1_42' title='bbox 156 721 253 764; x_wconf 86' lang='lat' dir='ltr'><strong>eures</strong></span> <span class='ocrx_word' id='word_1_43' title='bbox 279 702 441 786; x_wconf 77' lang='lat' dir='ltr'><strong>superbae</strong></span> <span class='ocrx_word' id='word_1_44' title='bbox 470 709 504 765; x_wconf 90' lang='lat' dir='ltr'><strong>et</strong></span> <span class='ocrx_word' id='word_1_45' title='bbox 531 703 706 765; x_wconf 83' lang='lat' dir='ltr'><strong>offensioni</strong></span> <span class='ocrx_word' id='word_1_46' title='bbox 733 703 920 784; x_wconf 87' lang='lat' dir='ltr'><strong>proniores.</strong></span> <span class='ocrx_word' id='word_1_47' title='bbox 964 701 1012 764; x_wconf 84' lang='lat' dir='ltr'><strong>Ee</strong></span> <span class='ocrx_word' id='word_1_48' title='bbox 1033 701 1155 768; x_wconf 86' lang='lat' dir='ltr'><strong>Caesar</strong></span> <span class='ocrx_word' id='word_1_49' title='bbox 1183 713 1258 772; x_wconf 78' lang='lat' dir='ltr'><strong>octo</strong></span> <span class='ocrx_word' id='word_1_50' title='bbox 1318 751 1320 760; x_wconf 84' lang='lat'><strong>.</strong></span> 
     </span>
     <span class='ocr_line' id='line_1_7' title="bbox 46 783 1262 873; baseline 0 -23"><span class='ocrx_word' id='word_1_51' title='bbox 46 797 122 868; x_wconf 83' lang='lat' dir='ltr'><strong>post</strong></span> <span class='ocrx_word' id='word_1_52' title='bbox 159 805 262 848; x_wconf 86' lang='lat' dir='ltr'><strong>anuos</strong></span> <span class='ocrx_word' id='word_1_53' title='bbox 295 785 426 864; x_wconf 89' lang='lat' dir='ltr'><strong>retulit,</strong></span> <span class='ocrx_word' id='word_1_54' title='bbox 464 783 610 850; x_wconf 87' lang='lat' dir='ltr'><strong>medium</strong></span> <span class='ocrx_word' id='word_1_55' title='bbox 646 793 776 868; x_wconf 85' lang='lat' dir='ltr'><strong>tempus</strong></span> <span class='ocrx_word' id='word_1_56' title='bbox 809 787 905 850; x_wconf 85' lang='lat' dir='ltr'><strong>varie</strong></span> <span class='ocrx_word' id='word_1_57' title='bbox 943 804 1098 873; x_wconf 76' lang='lat' dir='ltr'><strong>arguens,</strong></span> <span class='ocrx_word' id='word_1_58' title='bbox 1132 789 1262 850; x_wconf 87' lang='lat' dir='ltr'><strong>etiamsi</strong></span> 
     </span>
     <span class='ocr_line' id='line_1_8' title="bbox 45 869 975 950; baseline 0 -20"><span class='ocrx_word' id='word_1_59' title='bbox 45 877 213 932; x_wconf 81' lang='lat' dir='ltr'><strong>tormenta</strong></span> <span class='ocrx_word' id='word_1_60' title='bbox 226 869 422 950; x_wconf 86' lang='lat' dir='ltr'><strong>·psrvioecia</strong></span> <span class='ocrx_word' id='word_1_61' title='bbox 442 887 620 932; x_wconf 78' lang='lat' dir='ltr'><strong>serrorum</strong></span> <span class='ocrx_word' id='word_1_62' title='bbox 640 877 758 930; x_wconf 86' lang='lat' dir='ltr'><strong>contra</strong></span> <span class='ocrx_word' id='word_1_63' title='bbox 778 871 975 936; x_wconf 79' lang='lat' dir='ltr'><strong>evenissent.</strong></span> 
     </span>
    </p>
   </div>
   <div class='ocr_carea' id='block_1_3' title="bbox 44 983 1350 1558">
    <p class='ocr_par' dir='ltr' id='par_1_3' title="bbox 44 983 1350 1558">
     <span class='ocr_line' id='line_1_9' title="bbox 115 983 1261 1054; baseline -0.002 -11"><span class='ocrx_word' id='word_1_64' title='bbox 115 991 141 1043; x_wconf 93' lang='lat'><strong>1.</strong></span> <span class='ocrx_word' id='word_1_65' title='bbox 176 985 224 1040; x_wconf 72' lang='lat' dir='ltr'><strong>(ln.</strong></span> <span class='ocrx_word' id='word_1_66' title='bbox 244 983 383 1040; x_wconf 74' lang='lat' dir='ltr'><strong>Lentulum</strong></span> <span class='ocrx_word' id='word_1_67' title='bbox 409 985 527 1040; x_wconf 83' lang='lat' dir='ltr'><strong>nominat</strong></span> <span class='ocrx_word' id='word_1_68' title='bbox 552 1001 650 1051; x_wconf 80' lang='lat' dir='ltr'><strong>magno</strong></span> <span class='ocrx_word' id='word_1_69' title='bbox 675 985 775 1052; x_wconf 82' lang='lat' dir='ltr'><strong>pudore</strong></span> <span class='ocrx_word' id='word_1_70' title='bbox 795 985 935 1052; x_wconf 78' lang='lat' dir='ltr'><strong>Caesaris,</strong></span> <span class='ocrx_word' id='word_1_71' title='bbox 961 988 999 1040; x_wconf 82' lang='lat' dir='ltr'><strong>cf.</strong></span> <span class='ocrx_word' id='word_1_72' title='bbox 1018 985 1054 1040; x_wconf 87' lang='lat' dir='ltr'><strong>ad</strong></span> <span class='ocrx_word' id='word_1_73' title='bbox 1070 989 1099 1054; x_wconf 77' lang='grc'><strong>1,</strong></span> <span class='ocrx_word' id='word_1_74' title='bbox 1122 988 1166 1054; x_wconf 79' lang='lat' dir='ltr'><strong>ld,</strong></span> <span class='ocrx_word' id='word_1_75' title='bbox 1186 991 1209 1044; x_wconf 89' lang='lat' dir='ltr'><strong>l.</strong></span> <span class='ocrx_word' id='word_1_76' title='bbox 1230 997 1261 1044; x_wconf 86' lang='lat' dir='ltr'><strong>et</strong></span> 
     </span>
     <span class='ocr_line' id='line_1_10' title="bbox 44 1055 1260 1125; baseline 0.004 -17"><span class='ocrx_word' id='word_1_77' title='bbox 44 1057 99 1111; x_wconf 89' lang='lat' dir='ltr'><strong>Dio</strong></span> <span class='ocrx_word' id='word_1_78' title='bbox 123 1061 169 1124; x_wconf 78' lang='lat'><strong>57,</strong></span> <span class='ocrx_word' id='word_1_79' title='bbox 193 1059 290 1114; x_wconf 68' lang='grc'><strong>11-</strong></span> <span class='ocrx_word' id='word_1_80' title='bbox 327 1057 416 1112; x_wconf 75' lang='lat' dir='ltr'><strong>Setun</strong></span> <span class='ocrx_word' id='word_1_81' title='bbox 444 1058 612 1124; x_wconf 67' lang='lat' dir='ltr'><strong>Tuberonem,</strong></span> <span class='ocrx_word' id='word_1_82' title='bbox 640 1055 677 1110; x_wconf 77' lang='lat' dir='ltr'><strong>cf.</strong></span> <span class='ocrx_word' id='word_1_83' title='bbox 701 1059 729 1122; x_wconf 76' lang='lat'><strong>2,</strong></span> <span class='ocrx_word' id='word_1_84' title='bbox 752 1059 796 1112; x_wconf 75' lang='lat'><strong>2⁰.</strong></span> <span class='ocrx_word' id='word_1_85' title='bbox 816 1089 849 1100; x_wconf 76' lang='grc'>-</span> <span class='ocrx_word' id='word_1_86' title='bbox 887 1057 993 1125; x_wconf 73' lang='lat' dir='ltr'><strong>defecto</strong></span> <span class='ocrx_word' id='word_1_87' title='bbox 1019 1073 1137 1125; x_wconf 84' lang='lat' dir='ltr'><strong>corpore,</strong></span> <span class='ocrx_word' id='word_1_88' title='bbox 1166 1061 1260 1113; x_wconf 82' lang='lat' dir='ltr'><strong>ruscia</strong></span> 
     </span>
     <span class='ocr_line' id='line_1_11' title="bbox 45 1125 1258 1202; baseline 0.003 -19"><span class='ocrx_word' id='word_1_89' title='bbox 45 1137 229 1202; x_wconf 87' lang='lat' dir='ltr'><strong>consumpto,</strong></span> <span class='ocrx_word' id='word_1_90' title='bbox 249 1125 357 1202; x_wconf 77' lang='lat' dir='ltr'><strong>(ut&#39;sp.</strong></span> <span class='ocrx_word' id='word_1_91' title='bbox 376 1129 452 1185; x_wconf 91' lang='lat' dir='ltr'><strong>Plin.</strong></span> <span class='ocrx_word' id='word_1_92' title='bbox 471 1132 516 1196; x_wconf 75' lang='grc'><strong>11,</strong></span> <span class='ocrx_word' id='word_1_93' title='bbox 534 1129 592 1195; x_wconf 74' lang='grc'><strong>00.)</strong></span> <span class='ocrx_word' id='word_1_94' title='bbox 611 1128 660 1184; x_wconf 81' lang='lat' dir='ltr'><strong>vel</strong></span> <span class='ocrx_word' id='word_1_95' title='bbox 682 1127 753 1182; x_wconf 89' lang='lat' dir='ltr'><strong>belli</strong></span> <span class='ocrx_word' id='word_1_96' title='bbox 772 1127 927 1182; x_wconf 81' lang='lat' dir='ltr'><strong>laboribus.</strong></span> <span class='ocrx_word' id='word_1_97' title='bbox 952 1129 996 1182; x_wconf 82' lang='lat' dir='ltr'><strong>cf.</strong></span> <span class='ocrx_word' id='word_1_98' title='bbox 1016 1127 1051 1182; x_wconf 88' lang='lat' dir='ltr'><strong>ad</strong></span> <span class='ocrx_word' id='word_1_99' title='bbox 1068 1131 1095 1196; x_wconf 81' lang='grc'><strong>6,</strong></span> <span class='ocrx_word' id='word_1_100' title='bbox 1113 1131 1159 1196; x_wconf 78' lang='lat'><strong>24,</strong></span> <span class='ocrx_word' id='word_1_101' title='bbox 1178 1133 1204 1186; x_wconf 93' lang='lat'><strong>1.</strong></span> <span class='ocrx_word' id='word_1_102' title='bbox 1224 1163 1258 1177; x_wconf 69' lang='lat'><strong>«-</strong></span> 
     </span>
     <span class='ocr_line' id='line_1_12' title="bbox 45 1199 1258 1268; baseline 0.004 -15"><span class='ocrx_word' id='word_1_103' title='bbox 45 1203 169 1254; x_wconf 83' lang='lat' dir='ltr'><strong>tumultus</strong></span> <span class='ocrx_word' id='word_1_104' title='bbox 185 1199 296 1254; x_wconf 72' lang='lat' dir='ltr'><strong>hostilis</strong></span> <span class='ocrx_word' id='word_1_105' title='bbox 314 1235 347 1246; x_wconf 91' lang='lat'>-</span> <span class='ocrx_word' id='word_1_106' title='bbox 366 1207 574 1266; x_wconf 69' lang='lat' dir='ltr'><strong>arcesserentur,</strong></span> <span class='ocrx_word' id='word_1_107' title='bbox 594 1201 632 1255; x_wconf 88' lang='lat' dir='ltr'><strong>cf.</strong></span> <span class='ocrx_word' id='word_1_108' title='bbox 652 1199 688 1253; x_wconf 88' lang='lat' dir='ltr'><strong>ad</strong></span> <span class='ocrx_word' id='word_1_109' title='bbox 705 1201 732 1265; x_wconf 91' lang='lat'><strong>1,</strong></span> <span class='ocrx_word' id='word_1_110' title='bbox 745 1201 789 1268; x_wconf 84' lang='grc'><strong>74,</strong></span> <span class='ocrx_word' id='word_1_111' title='bbox 809 1204 833 1256; x_wconf 96' lang='lat' dir='ltr'><strong>l.</strong></span> <span class='ocrx_word' id='word_1_112' title='bbox 862 1207 1061 1253; x_wconf 74' lang='lat' dir='ltr'><strong>accerserentur</strong></span> <span class='ocrx_word' id='word_1_113' title='bbox 1078 1217 1176 1256; x_wconf 89' lang='lat' dir='ltr'><strong>omnes</strong></span> <span class='ocrx_word' id='word_1_114' title='bbox 1195 1201 1258 1258; x_wconf 87' lang='lat' dir='ltr'><strong>edd.</strong></span> 
     </span>
     <span class='ocr_line' id='line_1_13' title="bbox 44 1269 1258 1346; baseline 0 -20"><span class='ocrx_word' id='word_1_115' title='bbox 44 1281 103 1332; x_wconf 82' lang='lat' dir='ltr'><strong>vet.</strong></span> <span class='ocrx_word' id='word_1_116' title='bbox 124 1281 190 1326; x_wconf 88' lang='lat' dir='ltr'><strong>ante</strong></span> <span class='ocrx_word' id='word_1_117' title='bbox 207 1269 286 1346; x_wconf 81' lang='lat' dir='ltr'><strong>Lips.</strong></span> <span class='ocrx_word' id='word_1_118' title='bbox 306 1291 390 1344; x_wconf 85' lang='lat' dir='ltr'><strong>quam</strong></span> <span class='ocrx_word' id='word_1_119' title='bbox 410 1272 585 1343; x_wconf 79' lang='lat' dir='ltr'><strong>scripturam</strong></span> <span class='ocrx_word' id='word_1_120' title='bbox 612 1270 742 1324; x_wconf 81' lang='lat' dir='ltr'><strong>defendit</strong></span> <span class='ocrx_word' id='word_1_121' title='bbox 764 1269 911 1326; x_wconf 82' lang='lat' dir='ltr'><strong>Wissovsa</strong></span> <span class='ocrx_word' id='word_1_122' title='bbox 937 1271 969 1324; x_wconf 86' lang='lat' dir='ltr'><strong>in</strong></span> <span class='ocrx_word' id='word_1_123' title='bbox 987 1271 1067 1328; x_wconf 85' lang='lat' dir='ltr'><strong>lectt.</strong></span> <span class='ocrx_word' id='word_1_124' title='bbox 1087 1270 1155 1326; x_wconf 82' lang='lat' dir='ltr'><strong>Tac.</strong></span> <span class='ocrx_word' id='word_1_125' title='bbox 1175 1271 1258 1344; x_wconf 87' lang='lat' dir='ltr'><strong>Spec.</strong></span> 
     </span>
     <span class='ocr_line' id='line_1_14' title="bbox 45 1335 1350 1417; baseline 0.001 -19"><span class='ocrx_word' id='word_1_126' title='bbox 45 1346 83 1402; x_wconf 88' lang='lat'><strong>11.</strong></span> <span class='ocrx_word' id='word_1_127' title='bbox 103 1347 229 1400; x_wconf 68' lang='lat' dir='ltr'><strong>aleta</strong></span> <span class='ocrx_word' id='word_1_128' title='bbox 248 1361 277 1414; x_wconf 83' lang='lat' dir='ltr'><strong>p.</strong></span> <span class='ocrx_word' id='word_1_129' title='bbox 297 1347 330 1402; x_wconf 92' lang='lat' dir='ltr'><strong>ll</strong></span> <span class='ocrx_word' id='word_1_130' title='bbox 349 1362 393 1414; x_wconf 87' lang='lat' dir='ltr'><strong>sq.</strong></span> <span class='ocrx_word' id='word_1_131' title='bbox 412 1341 547 1417; x_wconf 69' lang='lat' dir='ltr'><strong>Plerique</strong></span> <span class='ocrx_word' id='word_1_132' title='bbox 565 1351 662 1396; x_wconf 84' lang='lat' dir='ltr'><strong>tamen</strong></span> <span class='ocrx_word' id='word_1_133' title='bbox 680 1341 739 1396; x_wconf 83' lang='lat' dir='ltr'><strong>viri</strong></span> <span class='ocrx_word' id='word_1_134' title='bbox 757 1335 967 1414; x_wconf 84' lang='lat' dir='ltr'><strong>docti&#39;putant,</strong></span> <span class='ocrx_word' id='word_1_135' title='bbox 990 1359 1126 1396; x_wconf 70' lang='lat' dir='ltr'><strong>arcessere</strong></span> <span class='ocrx_word' id='word_1_136' title='bbox 1149 1345 1259 1400; x_wconf 83' lang='lat' dir='ltr'><strong>rectius</strong></span> <span class='ocrx_word' id='word_1_137' title='bbox 1348 1339 1350 1348; x_wconf 82' lang='lat'>&#39;</span> 
     </span>
     <span class='ocr_line' id='line_1_15' title="bbox 46 1410 1257 1488; baseline 0.001 -19"><span class='ocrx_word' id='word_1_138' title='bbox 46 1415 146 1479; x_wconf 84' lang='lat' dir='ltr'><strong>scribi,</strong></span> <span class='ocrx_word' id='word_1_139' title='bbox 164 1416 230 1488; x_wconf 82' lang='lat' dir='ltr'><strong>quia</strong></span> <span class='ocrx_word' id='word_1_140' title='bbox 249 1415 341 1486; x_wconf 90' lang='lat' dir='ltr'><strong>prisci</strong></span> <span class='ocrx_word' id='word_1_141' title='bbox 358 1413 481 1468; x_wconf 82' lang='lat' dir='ltr'><strong>Romani</strong></span> <span class='ocrx_word' id='word_1_142' title='bbox 500 1413 664 1484; x_wconf 84' lang='lat' dir='ltr'><strong>saepissisne</strong></span> <span class='ocrx_word' id='word_1_143' title='bbox 686 1429 702 1465; x_wconf 90' lang='lat' dir='ltr'><strong>r</strong></span> <span class='ocrx_word' id='word_1_144' title='bbox 724 1429 778 1484; x_wconf 89' lang='lat' dir='ltr'><strong>pro</strong></span> <span class='ocrx_word' id='word_1_145' title='bbox 798 1413 817 1466; x_wconf 87' lang='lat' dir='ltr'><strong>d</strong></span> <span class='ocrx_word' id='word_1_146' title='bbox 838 1421 867 1467; x_wconf 84' lang='lat' dir='ltr'><strong>et</strong></span> <span class='ocrx_word' id='word_1_147' title='bbox 885 1429 989 1484; x_wconf 86' lang='lat' dir='ltr'><strong>urpro</strong></span> <span class='ocrx_word' id='word_1_148' title='bbox 1007 1410 1199 1482; x_wconf 65' lang='lat' dir='ltr'><strong>arriserint,</strong></span> <span class='ocrx_word' id='word_1_149' title='bbox 1228 1433 1257 1470; x_wconf 82' lang='lat' dir='ltr'><strong>v.</strong></span> 
     </span>
     <span class='ocr_line' id='line_1_16' title="bbox 45 1483 1258 1558; baseline -0.001 -18"><span class='ocrx_word' id='word_1_150' title='bbox 45 1505 70 1540; x_wconf 92' lang='lat' dir='ltr'><strong>c.</strong></span> <span class='ocrx_word' id='word_1_151' title='bbox 92 1487 202 1553; x_wconf 79' lang='lat' dir='ltr'><strong>arcebo,</strong></span> <span class='ocrx_word' id='word_1_152' title='bbox 222 1485 304 1554; x_wconf 83' lang='lat' dir='ltr'><strong>(Cato</strong></span> <span class='ocrx_word' id='word_1_153' title='bbox 323 1485 356 1540; x_wconf 78' lang='lat' dir='ltr'><strong>R.</strong></span> <span class='ocrx_word' id='word_1_154' title='bbox 375 1485 408 1542; x_wconf 84' lang='lat' dir='ltr'><strong>R.</strong></span> <span class='ocrx_word' id='word_1_155' title='bbox 428 1486 488 1544; x_wconf 78' lang='lat'>135.</span> <span class='ocrx_word' id='word_1_156' title='bbox 508 1483 581 1550; x_wconf 76' lang='lat'><strong>138.)</strong></span> <span class='ocrx_word' id='word_1_157' title='bbox 601 1485 737 1552; x_wconf 85' lang='lat' dir='ltr'><strong>arcedere,</strong></span> <span class='ocrx_word' id='word_1_158' title='bbox 755 1483 882 1551; x_wconf 70' lang='lat' dir='ltr'><strong>assuisse,</strong></span> <span class='ocrx_word' id='word_1_159' title='bbox 901 1485 1025 1538; x_wconf 78' lang='lat' dir='ltr'><strong>meridies</strong></span> <span class='ocrx_word' id='word_1_160' title='bbox 1047 1503 1101 1556; x_wconf 89' lang='lat' dir='ltr'><strong>pro</strong></span> <span class='ocrx_word' id='word_1_161' title='bbox 1119 1485 1258 1558; x_wconf 74' lang='lat' dir='ltr'><strong>medidies,</strong></span> 
     </span>
    </p>
   </div>
   <div class='ocr_carea' id='block_1_4' title="bbox 44 1555 1438 1646">
    <p class='ocr_par' dir='ltr' id='par_1_4' title="bbox 44 1555 1438 1646">
     <span class='ocr_line' id='line_1_17' title="bbox 44 1555 1438 1646; baseline 0.001 -36"><span class='ocrx_word' id='word_1_162' title='bbox 44 1559 150 1612; x_wconf 82' lang='lat' dir='ltr'><strong>arbiter</strong></span> <span class='ocrx_word' id='word_1_163' title='bbox 167 1559 200 1612; x_wconf 87' lang='lat' dir='ltr'><strong>sb</strong></span> <span class='ocrx_word' id='word_1_164' title='bbox 218 1557 349 1620; x_wconf 83' lang='lat' dir='ltr'><strong>adbitere,</strong></span> <span class='ocrx_word' id='word_1_165' title='bbox 367 1565 397 1612; x_wconf 84' lang='lat' dir='ltr'><strong>et</strong></span> <span class='ocrx_word' id='word_1_166' title='bbox 415 1557 457 1610; x_wconf 88' lang='lat' dir='ltr'><strong>sic</strong></span> <span class='ocrx_word' id='word_1_167' title='bbox 475 1571 611 1610; x_wconf 81' lang='lat' dir='ltr'><strong>arcessere</strong></span> <span class='ocrx_word' id='word_1_168' title='bbox 627 1571 681 1631; x_wconf 87' lang='lat' dir='ltr'><strong>pro</strong></span> <span class='ocrx_word' id='word_1_169' title='bbox 700 1555 849 1620; x_wconf 79' lang='lat' dir='ltr'><strong>adcessere,</strong></span> <span class='ocrx_word' id='word_1_170' title='bbox 877 1557 975 1612; x_wconf 76' lang='lat' dir='ltr'><strong>facere</strong></span> <span class='ocrx_word' id='word_1_171' title='bbox 997 1565 1031 1608; x_wconf 89' lang='lat' dir='ltr'><strong>ut</strong></span> <span class='ocrx_word' id='word_1_172' title='bbox 1047 1557 1153 1628; x_wconf 88' lang='lat' dir='ltr'><strong>aliquis</strong></span> <span class='ocrx_word' id='word_1_173' title='bbox 1176 1558 1259 1612; x_wconf 83' lang='lat' dir='ltr'><strong>adee-</strong></span> <span class='ocrx_word' id='word_1_174' title='bbox 1348 1579 1377 1616; x_wconf 80' lang='grc'><strong>·,</strong></span> <span class='ocrx_word' id='word_1_175' title='bbox 1437 1629 1438 1646; x_wconf 20' lang='lat'>¹</span> 
     </span>
    </p>
   </div>
   <div class='ocr_carea' id='block_1_5' title="bbox 43 1625 1258 2062">
    <p class='ocr_par' dir='ltr' id='par_1_5' title="bbox 43 1625 1258 2062">
     <span class='ocr_line' id='line_1_18' title="bbox 45 1625 1258 1696; baseline -0.002 -12"><span class='ocrx_word' id='word_1_176' title='bbox 45 1629 104 1696; x_wconf 83' lang='lat' dir='ltr'><strong>dat,</strong></span> <span class='ocrx_word' id='word_1_177' title='bbox 140 1629 188 1684; x_wconf 83' lang='lat' dir='ltr'><strong>vel</strong></span> <span class='ocrx_word' id='word_1_178' title='bbox 210 1629 244 1682; x_wconf 88' lang='lat' dir='ltr'><strong>ab</strong></span> <span class='ocrx_word' id='word_1_179' title='bbox 265 1628 346 1682; x_wconf 84' lang='lat' dir='ltr'><strong>odoia</strong></span> <span class='ocrx_word' id='word_1_180' title='bbox 370 1627 431 1682; x_wconf 87' lang='lat' dir='ltr'><strong>sive</strong></span> <span class='ocrx_word' id='word_1_181' title='bbox 457 1626 560 1693; x_wconf 76' lang='lat' dir='ltr'><strong>adcisa,</strong></span> <span class='ocrx_word' id='word_1_182' title='bbox 584 1635 618 1680; x_wconf 89' lang='lat' dir='ltr'><strong>ut</strong></span> <span class='ocrx_word' id='word_1_183' title='bbox 636 1643 756 1694; x_wconf 86' lang='lat' dir='ltr'><strong>capesso,</strong></span> <span class='ocrx_word' id='word_1_184' title='bbox 775 1625 890 1694; x_wconf 71' lang='lat' dir='ltr'><strong>facesso,</strong></span> <span class='ocrx_word' id='word_1_185' title='bbox 908 1627 1012 1680; x_wconf 84' lang='lat' dir='ltr'><strong>lacesso</strong></span> <span class='ocrx_word' id='word_1_186' title='bbox 1030 1646 1045 1682; x_wconf 88' lang='lat' dir='ltr'><strong>s</strong></span> <span class='ocrx_word' id='word_1_187' title='bbox 1065 1629 1152 1696; x_wconf 78' lang='lat' dir='ltr'><strong>capio,</strong></span> <span class='ocrx_word' id='word_1_188' title='bbox 1172 1627 1258 1696; x_wconf 69' lang='lat' dir='ltr'><strong>folio,</strong></span> 
     </span>
     <span class='ocr_line' id='line_1_19' title="bbox 44 1697 1257 1773; baseline 0 -20"><span class='ocrx_word' id='word_1_189' title='bbox 44 1703 129 1756; x_wconf 85' lang='lat' dir='ltr'><strong>lucio.</strong></span> <span class='ocrx_word' id='word_1_190' title='bbox 166 1701 201 1754; x_wconf 91' lang='lat' dir='ltr'><strong>In</strong></span> <span class='ocrx_word' id='word_1_191' title='bbox 219 1698 296 1756; x_wconf 84' lang='lat' dir='ltr'><strong>MSS.</strong></span> <span class='ocrx_word' id='word_1_192' title='bbox 317 1708 347 1754; x_wconf 88' lang='lat' dir='ltr'><strong>et</strong></span> <span class='ocrx_word' id='word_1_193' title='bbox 365 1699 426 1756; x_wconf 85' lang='lat' dir='ltr'><strong>edd.</strong></span> <span class='ocrx_word' id='word_1_194' title='bbox 445 1706 504 1754; x_wconf 80' lang='lat' dir='ltr'><strong>vet.</strong></span> <span class='ocrx_word' id='word_1_195' title='bbox 524 1699 669 1770; x_wconf 75' lang='lat' dir='ltr'><strong>scriptura</strong></span> <span class='ocrx_word' id='word_1_196' title='bbox 687 1699 791 1756; x_wconf 85' lang='lat' dir='ltr'><strong>veriat.</strong></span> <span class='ocrx_word' id='word_1_197' title='bbox 817 1697 917 1752; x_wconf 62' lang='lat' dir='ltr'><strong>cnm</strong></span> <span class='ocrx_word' id='word_1_198' title='bbox 938 1697 1086 1764; x_wconf 76' lang='grc'><strong>1,50.11.</strong></span> <span class='ocrx_word' id='word_1_199' title='bbox 1106 1705 1132 1766; x_wconf 91' lang='lat' dir='ltr'><strong>l,</strong></span> <span class='ocrx_word' id='word_1_200' title='bbox 1152 1703 1193 1756; x_wconf 80' lang='lat'><strong>14.</strong></span> <span class='ocrx_word' id='word_1_201' title='bbox 1213 1705 1257 1773; x_wconf 69' lang='lat'><strong>31,</strong></span> 
     </span>
     <span class='ocr_line' id='line_1_20' title="bbox 43 1767 1256 1837; baseline 0.002 -12"><span class='ocrx_word' id='word_1_202' title='bbox 43 1775 86 1830; x_wconf 78' lang='lat'><strong>38.</strong></span> <span class='ocrx_word' id='word_1_203' title='bbox 107 1771 197 1828; x_wconf 80' lang='lat' dir='ltr'><strong>Drak.</strong></span> <span class='ocrx_word' id='word_1_204' title='bbox 216 1773 252 1828; x_wconf 90' lang='lat' dir='ltr'><strong>ad</strong></span> <span class='ocrx_word' id='word_1_205' title='bbox 269 1773 333 1827; x_wconf 79' lang='lat' dir='ltr'><strong>biv.</strong></span> <span class='ocrx_word' id='word_1_206' title='bbox 352 1773 378 1837; x_wconf 76' lang='lat'><strong>2,</strong></span> <span class='ocrx_word' id='word_1_207' title='bbox 400 1773 440 1828; x_wconf 89' lang='grc'><strong>19.</strong></span> <span class='ocrx_word' id='word_1_208' title='bbox 460 1770 567 1828; x_wconf 79' lang='lat' dir='ltr'><strong>Graes.</strong></span> <span class='ocrx_word' id='word_1_209' title='bbox 587 1777 616 1824; x_wconf 87' lang='lat' dir='ltr'><strong>et</strong></span> <span class='ocrx_word' id='word_1_210' title='bbox 634 1767 759 1823; x_wconf 87' lang='lat' dir='ltr'><strong>Oudend.</strong></span> <span class='ocrx_word' id='word_1_211' title='bbox 777 1769 813 1824; x_wconf 87' lang='lat' dir='ltr'><strong>ad</strong></span> <span class='ocrx_word' id='word_1_212' title='bbox 831 1767 910 1822; x_wconf 90' lang='lat' dir='ltr'><strong>Suet.</strong></span> <span class='ocrx_word' id='word_1_213' title='bbox 930 1768 994 1828; x_wconf 85' lang='lat' dir='ltr'><strong>Tib.</strong></span> <span class='ocrx_word' id='word_1_214' title='bbox 1013 1773 1055 1827; x_wconf 61' lang='lat' dir='ltr'><strong>sa.</strong></span> <span class='ocrx_word' id='word_1_215' title='bbox 1081 1777 1111 1826; x_wconf 88' lang='lat' dir='ltr'><strong>et</strong></span> <span class='ocrx_word' id='word_1_216' title='bbox 1129 1769 1190 1828; x_wconf 78' lang='lat' dir='ltr'><strong>cat.</strong></span> <span class='ocrx_word' id='word_1_217' title='bbox 1209 1773 1256 1830; x_wconf 76' lang='lat'><strong>35.</strong></span> 
     </span>
     <span class='ocr_line' id='line_1_21' title="bbox 44 1839 1256 1910; baseline 0.002 -14"><span class='ocrx_word' id='word_1_218' title='bbox 44 1843 139 1902; x_wconf 74' lang='lat' dir='ltr'><strong>Kritz.</strong></span> <span class='ocrx_word' id='word_1_219' title='bbox 158 1845 193 1898; x_wconf 85' lang='lat' dir='ltr'><strong>ad</strong></span> <span class='ocrx_word' id='word_1_220' title='bbox 212 1841 282 1898; x_wconf 85' lang='lat' dir='ltr'><strong>Sall.</strong></span> <span class='ocrx_word' id='word_1_221' title='bbox 303 1841 366 1898; x_wconf 78' lang='lat' dir='ltr'><strong>cat.</strong></span> <span class='ocrx_word' id='word_1_222' title='bbox 386 1845 432 1910; x_wconf 79' lang='grc'><strong>10,</strong></span> <span class='ocrx_word' id='word_1_223' title='bbox 449 1843 476 1901; x_wconf 77' lang='lat' dir='ltr'><strong>d.</strong></span> <span class='ocrx_word' id='word_1_224' title='bbox 497 1841 596 1896; x_wconf 85' lang='lat' dir='ltr'><strong>Obbar.</strong></span> <span class='ocrx_word' id='word_1_225' title='bbox 616 1842 662 1894; x_wconf 90' lang='lat' dir='ltr'><strong>in:</strong></span> <span class='ocrx_word' id='word_1_226' title='bbox 691 1839 790 1896; x_wconf 87' lang='lat' dir='ltr'><strong>Jahn’s</strong></span> <span class='ocrx_word' id='word_1_227' title='bbox 809 1839 908 1894; x_wconf 80' lang='lat' dir='ltr'><strong>Jahrb.</strong></span> <span class='ocrx_word' id='word_1_228' title='bbox 932 1841 983 1896; x_wconf 78' lang='lat' dir='ltr'><strong>far</strong></span> <span class='ocrx_word' id='word_1_229' title='bbox 1006 1840 1110 1897; x_wconf 89' lang='lat' dir='ltr'><strong>Philol.</strong></span> <span class='ocrx_word' id='word_1_230' title='bbox 1130 1847 1209 1900; x_wconf 79' lang='grc'><strong>1030.</strong></span> <span class='ocrx_word' id='word_1_231' title='bbox 1229 1849 1256 1902; x_wconf 90' lang='lat'><strong>1.</strong></span> 
     </span>
     <span class='ocr_line' id='line_1_22' title="bbox 43 1911 1257 1986; baseline 0 -16"><span class='ocrx_word' id='word_1_232' title='bbox 43 1933 71 1986; x_wconf 92' lang='lat' dir='ltr'><strong>p.</strong></span> <span class='ocrx_word' id='word_1_233' title='bbox 92 1919 137 1974; x_wconf 80' lang='grc'><strong>76.</strong></span> <span class='ocrx_word' id='word_1_234' title='bbox 158 1913 189 1960; x_wconf 62' lang='grc' dir='ltr'><strong>έ-</strong></span> <span class='ocrx_word' id='word_1_235' title='bbox 228 1915 348 1982; x_wconf 74' lang='lat' dir='ltr'><strong>exempti¹</strong></span> <span class='ocrx_word' id='word_1_236' title='bbox 361 1931 401 1968; x_wconf 92' lang='lat' dir='ltr'><strong>sc.</strong></span> <span class='ocrx_word' id='word_1_237' title='bbox 421 1931 436 1968; x_wconf 88' lang='lat' dir='ltr'><strong>e</strong></span> <span class='ocrx_word' id='word_1_238' title='bbox 454 1913 523 1980; x_wconf 88' lang='lat' dir='ltr'><strong>reis,</strong></span> <span class='ocrx_word' id='word_1_239' title='bbox 541 1913 590 1968; x_wconf 84' lang='lat' dir='ltr'><strong>vel</strong></span> <span class='ocrx_word' id='word_1_240' title='bbox 608 1911 725 1966; x_wconf 87' lang='lat' dir='ltr'><strong>liberati</strong></span> <span class='ocrx_word' id='word_1_241' title='bbox 743 1930 782 1970; x_wconf 83' lang='lat' dir='ltr'><strong>sc.</strong></span> <span class='ocrx_word' id='word_1_242' title='bbox 796 1931 812 1965; x_wconf 92' lang='lat' dir='ltr'><strong>a</strong></span> <span class='ocrx_word' id='word_1_243' title='bbox 826 1913 951 1967; x_wconf 88' lang='lat' dir='ltr'><strong>crimine</strong></span> <span class='ocrx_word' id='word_1_244' title='bbox 968 1911 1017 1968; x_wconf 83' lang='lat' dir='ltr'><strong>rel</strong></span> <span class='ocrx_word' id='word_1_245' title='bbox 1035 1913 1170 1982; x_wconf 84' lang='lat' dir='ltr'><strong>crimini;</strong></span> <span class='ocrx_word' id='word_1_246' title='bbox 1190 1933 1257 1970; x_wconf 83' lang='lat' dir='ltr'><strong>nasu</strong></span> 
     </span>
     <span class='ocr_line' id='line_1_23' title="bbox 44 1981 828 2062; baseline -0.003 -24"><span class='ocrx_word' id='word_1_247' title='bbox 44 1987 194 2062; x_wconf 69' lang='lat' dir='ltr'><strong>eximeres</strong></span> <span class='ocrx_word' id='word_1_248' title='bbox 211 1983 313 2042; x_wconf 81' lang='lat' dir='ltr'><strong>Tacito</strong></span> <span class='ocrx_word' id='word_1_249' title='bbox 331 1985 416 2062; x_wconf 78' lang='lat' dir='ltr'><strong>iungi</strong></span> <span class='ocrx_word' id='word_1_250' title='bbox 435 1985 510 2039; x_wconf 86' lang='lat' dir='ltr'><strong>solet</strong></span> <span class='ocrx_word' id='word_1_251' title='bbox 526 1983 640 2038; x_wconf 84' lang='lat' dir='ltr'><strong>Dativo.</strong></span> <span class='ocrx_word' id='word_1_252' title='bbox 661 1999 688 2036; x_wconf 87' lang='lat' dir='ltr'><strong>v.</strong></span> <span class='ocrx_word' id='word_1_253' title='bbox 709 1981 772 2038; x_wconf 85' lang='lat' dir='ltr'><strong>Iud.</strong></span> <span class='ocrx_word' id='word_1_254' title='bbox 790 1983 828 2038; x_wconf 83' lang='lat' dir='ltr'><strong>ll.</strong></span> 
     </span>
    </p>
   </div>
   <div class='ocr_carea' id='block_1_6' title="bbox 39 2072 1258 2858">
    <p class='ocr_par' dir='ltr' id='par_1_6' title="bbox 39 2072 1258 2858">
     <span class='ocr_line' id='line_1_24' title="bbox 115 2072 1258 2144; baseline -0.012 -10"><span class='ocrx_word' id='word_1_255' title='bbox 115 2081 142 2134; x_wconf 80' lang='grc'><strong>2.</strong></span> <span class='ocrx_word' id='word_1_256' title='bbox 161 2073 638 2144; x_wconf 74' lang='lat' dir='ltr'><strong>tapseemesservaqsaesinn,</strong></span> <span class='ocrx_word' id='word_1_257' title='bbox 657 2090 685 2126; x_wconf 83' lang='lat' dir='ltr'><strong>v.</strong></span> <span class='ocrx_word' id='word_1_258' title='bbox 704 2072 846 2140; x_wconf 68' lang='lat' dir='ltr'><strong>adme,</strong></span> <span class='ocrx_word' id='word_1_259' title='bbox 867 2077 890 2128; x_wconf 87' lang='grc'><strong>1.</strong></span> <span class='ocrx_word' id='word_1_260' title='bbox 911 2075 1094 2139; x_wconf 49' lang='grc' dir='ltr'><strong>ΝΛΜ.</strong></span> <span class='ocrx_word' id='word_1_261' title='bbox 1113 2105 1146 2118; x_wconf 86' lang='lat'>-</span> <span class='ocrx_word' id='word_1_262' title='bbox 1175 2075 1258 2132; x_wconf 67' lang='lat' dir='ltr'><strong>roem</strong></span> 
     </span>
     <span class='ocr_line' id='line_1_25' title="bbox 43 2143 1254 2214; baseline -0.007 -14"><span class='ocrx_word' id='word_1_263' title='bbox 43 2147 226 2206; x_wconf 73' lang='lat' dir='ltr'><strong>Tullianum.</strong></span> <span class='ocrx_word' id='word_1_264' title='bbox 254 2167 282 2202; x_wconf 78' lang='lat' dir='ltr'><strong>v.</strong></span> <span class='ocrx_word' id='word_1_265' title='bbox 309 2145 345 2200; x_wconf 88' lang='lat' dir='ltr'><strong>ad</strong></span> <span class='ocrx_word' id='word_1_266' title='bbox 367 2148 460 2214; x_wconf 77' lang='lat'><strong>3,.51,</strong></span> <span class='ocrx_word' id='word_1_267' title='bbox 479 2151 504 2202; x_wconf 87' lang='lat'><strong>1.</strong></span> <span class='ocrx_word' id='word_1_268' title='bbox 523 2175 558 2188; x_wconf 83' lang='lat'><strong>-</strong></span> <span class='ocrx_word' id='word_1_269' title='bbox 594 2151 620 2214; x_wconf 75' lang='lat' dir='ltr'><strong>et</strong></span> <span class='ocrx_word' id='word_1_270' title='bbox 643 2159 736 2206; x_wconf 72' lang='lat' dir='ltr'><strong>aarum</strong></span> <span class='ocrx_word' id='word_1_271' title='bbox 761 2143 819 2198; x_wconf 83' lang='lat' dir='ltr'><strong>Tar</strong></span> <span class='ocrx_word' id='word_1_272' title='bbox 842 2143 928 2199; x_wconf 84' lang='lat' dir='ltr'><strong>sium.</strong></span> <span class='ocrx_word' id='word_1_273' title='bbox 954 2161 982 2198; x_wconf 87' lang='lat' dir='ltr'><strong>v.</strong></span> <span class='ocrx_word' id='word_1_274' title='bbox 1007 2143 1046 2198; x_wconf 84' lang='lat' dir='ltr'><strong>ad</strong></span> <span class='ocrx_word' id='word_1_275' title='bbox 1066 2147 1094 2210; x_wconf 69' lang='lat'><strong>2,</strong></span> <span class='ocrx_word' id='word_1_276' title='bbox 1112 2147 1157 2210; x_wconf 73' lang='lat'><strong>32,</strong></span> <span class='ocrx_word' id='word_1_277' title='bbox 1175 2149 1201 2202; x_wconf 82' lang='grc'><strong>3.</strong></span> <span class='ocrx_word' id='word_1_278' title='bbox 1221 2177 1254 2192; x_wconf 84' lang='grc'><strong>.-</strong></span> 
     </span>
     <span class='ocr_line' id='line_1_26' title="bbox 41 2214 1255 2294; baseline -0.002 -22"><span class='ocrx_word' id='word_1_279' title='bbox 41 2220 247 2288; x_wconf 66' lang='lat' dir='ltr'><strong>puniendam</strong></span> <span class='ocrx_word' id='word_1_280' title='bbox 263 2219 366 2288; x_wconf 65' lang='lat' dir='ltr'><strong>ments,</strong></span> <span class='ocrx_word' id='word_1_281' title='bbox 384 2217 436 2288; x_wconf 88' lang='lat' dir='ltr'><strong>qui</strong></span> <span class='ocrx_word' id='word_1_282' title='bbox 449 2215 543 2294; x_wconf 71' lang='lat' dir='ltr'><strong>virgis</strong></span> <span class='ocrx_word' id='word_1_283' title='bbox 560 2215 689 2286; x_wconf 87' lang='lat' dir='ltr'><strong>primum</strong></span> <span class='ocrx_word' id='word_1_284' title='bbox 699 2214 790 2282; x_wconf 84' lang='lat' dir='ltr'><strong>caedi,</strong></span> <span class='ocrx_word' id='word_1_285' title='bbox 829 2215 912 2270; x_wconf 88' lang='lat' dir='ltr'><strong>einde</strong></span> <span class='ocrx_word' id='word_1_286' title='bbox 925 2233 991 2270; x_wconf 89' lang='lat' dir='ltr'><strong>cum</strong></span> <span class='ocrx_word' id='word_1_287' title='bbox 1005 2215 1098 2280; x_wconf 73' lang='lat' dir='ltr'><strong>sutis,</strong></span> <span class='ocrx_word' id='word_1_288' title='bbox 1110 2226 1255 2288; x_wconf 82' lang='lat' dir='ltr'><strong>serpente,</strong></span> 
     </span>
     <span class='ocr_line' id='line_1_27' title="bbox 42 2285 1256 2420; baseline -0.004 -76"><span class='ocrx_word' id='word_1_289' title='bbox 42 2291 123 2420; x_wconf 57' lang='lat' dir='ltr'><strong>{allo</strong></span> <span class='ocrx_word' id='word_1_290' title='bbox 142 2291 305 2370; x_wconf 69' lang='lat' dir='ltr'><strong>galliusceo</strong></span> <span class='ocrx_word' id='word_1_291' title='bbox 329 2297 358 2344; x_wconf 90' lang='lat' dir='ltr'><strong>et</strong></span> <span class='ocrx_word' id='word_1_292' title='bbox 384 2305 455 2344; x_wconf 81' lang='lat' dir='ltr'><strong>osne</strong></span> <span class='ocrx_word' id='word_1_293' title='bbox 482 2287 566 2342; x_wconf 88' lang='lat' dir='ltr'><strong>culeo</strong></span> <span class='ocrx_word' id='word_1_294' title='bbox 589 2287 667 2340; x_wconf 90' lang='lat' dir='ltr'><strong>insui</strong></span> <span class='ocrx_word' id='word_1_295' title='bbox 694 2294 724 2342; x_wconf 89' lang='lat' dir='ltr'><strong>et</strong></span> <span class='ocrx_word' id='word_1_296' title='bbox 746 2287 779 2342; x_wconf 88' lang='lat' dir='ltr'><strong>in</strong></span> <span class='ocrx_word' id='word_1_297' title='bbox 797 2303 876 2340; x_wconf 87' lang='lat' dir='ltr'><strong>mare</strong></span> <span class='ocrx_word' id='word_1_298' title='bbox 899 2285 947 2344; x_wconf 82' lang='lat' dir='ltr'><strong>vel</strong></span> <span class='ocrx_word' id='word_1_299' title='bbox 963 2287 1071 2342; x_wconf 78' lang='lat' dir='ltr'><strong>flumen</strong></span> <span class='ocrx_word' id='word_1_300' title='bbox 1088 2289 1256 2356; x_wconf 78' lang='lat' dir='ltr'><strong>proximum</strong></span> 
     </span>
     <span class='ocr_line' id='line_1_28' title="bbox 63 2357 1256 2430; baseline -0.005 -12"><span class='ocrx_word' id='word_1_301' title='bbox 63 2382 109 2418; x_wconf 89' lang='lat' dir='ltr'><strong>em</strong></span> <span class='ocrx_word' id='word_1_302' title='bbox 167 2364 178 2416; x_wconf 86' lang='lat' dir='ltr'><strong>i</strong></span> <span class='ocrx_word' id='word_1_303' title='bbox 201 2363 341 2427; x_wconf 84' lang='lat' dir='ltr'><strong>solebant,</strong></span> <span class='ocrx_word' id='word_1_304' title='bbox 369 2368 404 2414; x_wconf 92' lang='lat' dir='ltr'><strong>ut</strong></span> <span class='ocrx_word' id='word_1_305' title='bbox 428 2359 471 2417; x_wconf 85' lang='lat' dir='ltr'><strong>sio</strong></span> <span class='ocrx_word' id='word_1_306' title='bbox 488 2365 608 2430; x_wconf 87' lang='lat' dir='ltr'><strong>repepte</strong></span> <span class='ocrx_word' id='word_1_307' title='bbox 626 2357 806 2426; x_wconf 65' lang='lat' dir='ltr'><strong>coela-sole,</strong></span> <span class='ocrx_word' id='word_1_308' title='bbox 833 2366 913 2414; x_wconf 86' lang='lat' dir='ltr'><strong>terra</strong></span> <span class='ocrx_word' id='word_1_309' title='bbox 929 2358 1128 2429; x_wconf 79' lang='lat' dir='ltr'><strong>privarentur.</strong></span> <span class='ocrx_word' id='word_1_310' title='bbox 1164 2357 1256 2424; x_wconf 65' lang='lat' dir='ltr'><strong>Verba</strong></span> 
     </span>
     <span class='ocr_line' id='line_1_29' title="bbox 41 2427 1258 2499; baseline -0.003 -11"><span class='ocrx_word' id='word_1_311' title='bbox 41 2435 108 2490; x_wconf 78' lang='grc' dir='ltr'><strong>ΧΠ.</strong></span> <span class='ocrx_word' id='word_1_312' title='bbox 127 2441 157 2488; x_wconf 85' lang='lat' dir='ltr'><strong>te</strong></span> <span class='ocrx_word' id='word_1_313' title='bbox 176 2433 203 2486; x_wconf 88' lang='lat' dir='ltr'><strong>b.</strong></span> <span class='ocrx_word' id='word_1_314' title='bbox 222 2441 304 2488; x_wconf 80' lang='lat' dir='ltr'><strong>suut:</strong></span> <span class='ocrx_word' id='word_1_315' title='bbox 339 2432 390 2489; x_wconf 79' lang='lat' dir='ltr'><strong>sts&#39;</strong></span> <span class='ocrx_word' id='word_1_316' title='bbox 410 2436 548 2499; x_wconf 72' lang='lat' dir='ltr'><strong>parmen</strong></span> <span class='ocrx_word' id='word_1_317' title='bbox 571 2430 690 2484; x_wconf 61' lang='lat' dir='ltr'><strong>asamar</strong></span> <span class='ocrx_word' id='word_1_318' title='bbox 711 2435 791 2497; x_wconf 81' lang='lat' dir='ltr'><strong>caput</strong></span> <span class='ocrx_word' id='word_1_319' title='bbox 814 2429 941 2482; x_wconf 77' lang='lat' dir='ltr'><strong>obnubilo</strong></span> <span class='ocrx_word' id='word_1_320' title='bbox 963 2428 1086 2496; x_wconf 68' lang='lat' dir='ltr'><strong>caleante</strong></span> <span class='ocrx_word' id='word_1_321' title='bbox 1103 2427 1208 2485; x_wconf 77' lang='lat' dir='ltr'><strong>imatus</strong></span> <span class='ocrx_word' id='word_1_322' title='bbox 1226 2431 1258 2484; x_wconf 83' lang='lat' dir='ltr'><strong>s&#39;n</strong></span> 
     </span>
     <span class='ocr_line' id='line_1_30' title="bbox 39 2499 1255 2577; baseline -0.002 -19"><span class='ocrx_word' id='word_1_323' title='bbox 39 2506 217 2573; x_wconf 64' lang='lat' dir='ltr'><strong>metuentem</strong></span> <span class='ocrx_word' id='word_1_324' title='bbox 233 2503 372 2570; x_wconf 67' lang='lat' dir='ltr'><strong>mugitor.</strong></span> <span class='ocrx_word' id='word_1_325' title='bbox 391 2521 421 2558; x_wconf 85' lang='lat' dir='ltr'><strong>v.</strong></span> <span class='ocrx_word' id='word_1_326' title='bbox 442 2501 502 2556; x_wconf 82' lang='lat' dir='ltr'><strong>Gis.</strong></span> <span class='ocrx_word' id='word_1_327' title='bbox 520 2517 549 2572; x_wconf 86' lang='lat' dir='ltr'><strong>p.</strong></span> <span class='ocrx_word' id='word_1_328' title='bbox 567 2499 649 2558; x_wconf 86' lang='lat' dir='ltr'><strong>Raso.</strong></span> <span class='ocrx_word' id='word_1_329' title='bbox 667 2499 731 2556; x_wconf 84' lang='lat' dir='ltr'><strong>Am.</strong></span> <span class='ocrx_word' id='word_1_330' title='bbox 751 2504 795 2558; x_wconf 82' lang='grc'><strong>10.</strong></span> <span class='ocrx_word' id='word_1_331' title='bbox 821 2499 939 2558; x_wconf 63' lang='lat' dir='ltr'><strong>assub.</strong></span> <span class='ocrx_word' id='word_1_332' title='bbox 957 2499 994 2554; x_wconf 83' lang='lat' dir='ltr'><strong>sd</strong></span> <span class='ocrx_word' id='word_1_333' title='bbox 1015 2499 1096 2556; x_wconf 79' lang='lat' dir='ltr'><strong>Suet.</strong></span> <span class='ocrx_word' id='word_1_334' title='bbox 1114 2499 1190 2577; x_wconf 75' lang='lat' dir='ltr'><strong>Aug.</strong></span> <span class='ocrx_word' id='word_1_335' title='bbox 1209 2503 1255 2558; x_wconf 77' lang='lat'><strong>33.</strong></span> 
     </span>
     <span class='ocr_line' id='line_1_31' title="bbox 42 2570 1255 2650; baseline -0.002 -20"><span class='ocrx_word' id='word_1_336' title='bbox 42 2579 141 2650; x_wconf 86' lang='lat' dir='ltr'><strong>intpp.</strong></span> <span class='ocrx_word' id='word_1_337' title='bbox 160 2575 289 2632; x_wconf 74' lang='lat' dir='ltr'><strong>duvenal.</strong></span> <span class='ocrx_word' id='word_1_338' title='bbox 307 2577 334 2637; x_wconf 80' lang='grc'><strong>0,</strong></span> <span class='ocrx_word' id='word_1_339' title='bbox 351 2577 412 2632; x_wconf 77' lang='lat'><strong>21³.</strong></span> <span class='ocrx_word' id='word_1_340' title='bbox 432 2577 477 2636; x_wconf 84' lang='lat'><strong>13,</strong></span> <span class='ocrx_word' id='word_1_341' title='bbox 495 2573 556 2628; x_wconf 76' lang='lat'><strong>155.</strong></span> <span class='ocrx_word' id='word_1_342' title='bbox 579 2573 659 2643; x_wconf 82' lang='lat' dir='ltr'><strong>Lips.</strong></span> <span class='ocrx_word' id='word_1_343' title='bbox 683 2573 719 2626; x_wconf 86' lang='lat' dir='ltr'><strong>ad</strong></span> <span class='ocrx_word' id='word_1_344' title='bbox 743 2571 811 2628; x_wconf 80' lang='lat' dir='ltr'><strong>San.</strong></span> <span class='ocrx_word' id='word_1_345' title='bbox 835 2590 852 2627; x_wconf 91' lang='lat' dir='ltr'><strong>e</strong></span> <span class='ocrx_word' id='word_1_346' title='bbox 874 2607 882 2628; x_wconf 72' lang='lat'>0</span> <span class='ocrx_word' id='word_1_347' title='bbox 904 2575 950 2630; x_wconf 80' lang='lat'><strong>4⁰.</strong></span> <span class='ocrx_word' id='word_1_348' title='bbox 969 2570 1050 2625; x_wconf 83' lang='lat' dir='ltr'><strong>Canu</strong></span> <span class='ocrx_word' id='word_1_349' title='bbox 1088 2573 1163 2628; x_wconf 85' lang='lat' dir='ltr'><strong>ieter</strong></span> <span class='ocrx_word' id='word_1_350' title='bbox 1181 2571 1255 2628; x_wconf 86' lang='lat' dir='ltr'><strong>obss.</strong></span> 
     </span>
     <span class='ocr_line' id='line_1_32' title="bbox 42 2641 1257 2718; baseline -0.002 -16"><span class='ocrx_word' id='word_1_351' title='bbox 42 2649 101 2705; x_wconf 87' lang='lat' dir='ltr'><strong>iur.</strong></span> <span class='ocrx_word' id='word_1_352' title='bbox 123 2651 151 2713; x_wconf 82' lang='lat'><strong>³,</strong></span> <span class='ocrx_word' id='word_1_353' title='bbox 171 2643 514 2718; x_wconf 58' lang='lat' dir='ltr'><strong>sensimsensrm.</strong></span> <span class='ocrx_word' id='word_1_354' title='bbox 534 2643 728 2698; x_wconf 80' lang='lat' dir='ltr'><strong>inAotielit.</strong></span> <span class='ocrx_word' id='word_1_355' title='bbox 748 2659 809 2706; x_wconf 69' lang='lat' dir='ltr'><strong>soc.</strong></span> <span class='ocrx_word' id='word_1_356' title='bbox 872 2641 1037 2698; x_wconf 83' lang='lat' dir='ltr'><strong>eno-Trai.</strong></span> <span class='ocrx_word' id='word_1_357' title='bbox 1083 2642 1257 2714; x_wconf 82' lang='lat' dir='ltr'><strong>.1.p.1oe</strong></span> 
     </span>
     <span class='ocr_line' id='line_1_33' title="bbox 40 2713 1256 2796; baseline -0.002 -26"><span class='ocrx_word' id='word_1_358' title='bbox 40 2738 84 2791; x_wconf 84' lang='lat' dir='ltr'><strong>sq.</strong></span> <span class='ocrx_word' id='word_1_359' title='bbox 104 2717 198 2796; x_wconf 66' lang='lat' dir='ltr'><strong>bugd</strong></span> <span class='ocrx_word' id='word_1_360' title='bbox 216 2717 427 2776; x_wconf 73' lang='lat' dir='ltr'><strong>Bat.1tae.-</strong></span> <span class='ocrx_word' id='word_1_361' title='bbox 464 2715 642 2770; x_wconf 76' lang='lat' dir='ltr'><strong>minitantium</strong></span> <span class='ocrx_word' id='word_1_362' title='bbox 663 2730 719 2787; x_wconf 91' lang='lat' dir='ltr'><strong>pro</strong></span> <span class='ocrx_word' id='word_1_363' title='bbox 740 2713 899 2775; x_wconf 66' lang='lat' dir='ltr'><strong>annitentis.</strong></span> <span class='ocrx_word' id='word_1_364' title='bbox 924 2713 969 2772; x_wconf 81' lang='lat' dir='ltr'><strong>ct.</strong></span> <span class='ocrx_word' id='word_1_365' title='bbox 987 2713 1052 2770; x_wconf 89' lang='lat' dir='ltr'><strong>lnd.</strong></span> <span class='ocrx_word' id='word_1_366' title='bbox 1071 2713 1125 2772; x_wconf 88' lang='grc'><strong>111.</strong></span> <span class='ocrx_word' id='word_1_367' title='bbox 1144 2733 1181 2778; x_wconf 70' lang='lat' dir='ltr'><strong>r.</strong></span> <span class='ocrx_word' id='word_1_368' title='bbox 1199 2713 1256 2770; x_wconf 85' lang='lat' dir='ltr'><strong>No-</strong></span> 
     </span>
     <span class='ocr_line' id='line_1_34' title="bbox 40 2785 1256 2858; baseline -0.002 -15"><span class='ocrx_word' id='word_1_369' title='bbox 40 2791 117 2844; x_wconf 86' lang='lat' dir='ltr'><strong>nu&#39;na</strong></span> <span class='ocrx_word' id='word_1_370' title='bbox 144 2789 295 2842; x_wconf 79' lang='lat' dir='ltr'><strong>collectiva.</strong></span> <span class='ocrx_word' id='word_1_371' title='bbox 317 2821 349 2831; x_wconf 94' lang='lat'><em>-</em></span> <span class='ocrx_word' id='word_1_372' title='bbox 385 2787 493 2856; x_wconf 69' lang='lat' dir='ltr'><strong>essequo</strong></span> <span class='ocrx_word' id='word_1_373' title='bbox 518 2785 721 2851; x_wconf 68' lang='lat' dir='ltr'><strong>maestiorem,</strong></span> <span class='ocrx_word' id='word_1_374' title='bbox 751 2785 786 2842; x_wconf 87' lang='lat' dir='ltr'><strong>ad</strong></span> <span class='ocrx_word' id='word_1_375' title='bbox 815 2786 904 2842; x_wconf 80' lang='lat' dir='ltr'><strong>finem</strong></span> <span class='ocrx_word' id='word_1_376' title='bbox 928 2785 1104 2858; x_wconf 71' lang='lat' dir='ltr'><strong>perduceres</strong></span> <span class='ocrx_word' id='word_1_377' title='bbox 1130 2785 1196 2842; x_wconf 76' lang='lat' dir='ltr'><strong>Era</strong></span> <span class='ocrx_word' id='word_1_378' title='bbox 1222 2817 1256 2832; x_wconf 85' lang='lat'><em>-</em></span> 
     </span>
    </p>
   </div>
   <div class='ocr_carea' id='block_1_7' title="bbox 40 2855 1357 2930">
    <p class='ocr_par' dir='ltr' id='par_1_7' title="bbox 40 2855 1357 2930">
     <span class='ocr_line' id='line_1_35' title="bbox 40 2855 1357 2930; baseline 0.001 -18"><span class='ocrx_word' id='word_1_379' title='bbox 40 2863 176 2916; x_wconf 80' lang='lat' dir='ltr'><strong>adsersus</strong></span> <span class='ocrx_word' id='word_1_380' title='bbox 192 2859 255 2914; x_wconf 89' lang='lat' dir='ltr'><strong>edd.</strong></span> <span class='ocrx_word' id='word_1_381' title='bbox 273 2859 394 2930; x_wconf 75' lang='lat' dir='ltr'><strong>Lipset</strong></span> <span class='ocrx_word' id='word_1_382' title='bbox 404 2875 461 2916; x_wconf 88' lang='lat' dir='ltr'><strong>rec.</strong></span> <span class='ocrx_word' id='word_1_383' title='bbox 480 2859 622 2914; x_wconf 84' lang='lat' dir='ltr'><strong>odoereun</strong></span> <span class='ocrx_word' id='word_1_384' title='bbox 636 2857 699 2914; x_wconf 83' lang='lat' dir='ltr'><strong>edd.</strong></span> <span class='ocrx_word' id='word_1_385' title='bbox 710 2864 769 2916; x_wconf 81' lang='lat' dir='ltr'><strong>vet.</strong></span> <span class='ocrx_word' id='word_1_386' title='bbox 789 2855 863 2912; x_wconf 84' lang='lat' dir='ltr'><strong>Male</strong></span> <span class='ocrx_word' id='word_1_387' title='bbox 881 2863 949 2912; x_wconf 85' lang='lat' dir='ltr'><strong>ants</strong></span> <span class='ocrx_word' id='word_1_388' title='bbox 969 2858 1109 2921; x_wconf 78' lang='lat' dir='ltr'><strong>vocalem.</strong></span> <span class='ocrx_word' id='word_1_389' title='bbox 1129 2859 1174 2914; x_wconf 81' lang='lat' dir='ltr'><strong>Gt.</strong></span> <span class='ocrx_word' id='word_1_390' title='bbox 1192 2857 1257 2924; x_wconf 78' lang='lat' dir='ltr'><strong>lud.</strong></span> <span class='ocrx_word' id='word_1_391' title='bbox 1355 2875 1357 2882; x_wconf 54' lang='lat'>‘</span> 
     </span>
    </p>
   </div>
   <div class='ocr_carea' id='block_1_8' title="bbox 37 2927 1311 3504">
    <p class='ocr_par' dir='ltr' id='par_1_8' title="bbox 37 2927 1311 3504">
     <span class='ocr_line' id='line_1_36' title="bbox 39 2927 1258 3000; baseline -0.003 -12"><span class='ocrx_word' id='word_1_392' title='bbox 39 2933 78 2988; x_wconf 92' lang='grc'><strong>11.</strong></span> <span class='ocrx_word' id='word_1_393' title='bbox 101 2960 137 2974; x_wconf 88' lang='lat'><em>-</em></span> <span class='ocrx_word' id='word_1_394' title='bbox 171 2937 232 3000; x_wconf 82' lang='lat' dir='ltr'><strong>past</strong></span> <span class='ocrx_word' id='word_1_395' title='bbox 249 2931 396 2986; x_wconf 71' lang='lat' dir='ltr'><strong>amanen</strong></span> <span class='ocrx_word' id='word_1_396' title='bbox 412 2931 539 2986; x_wconf 80' lang='lat' dir='ltr'><strong>Libonem</strong></span> <span class='ocrx_word' id='word_1_397' title='bbox 556 2937 611 2986; x_wconf 85' lang='lat' dir='ltr'><strong>oet.</strong></span> <span class='ocrx_word' id='word_1_398' title='bbox 630 2947 658 2984; x_wconf 81' lang='lat' dir='ltr'><strong>r.</strong></span> <span class='ocrx_word' id='word_1_399' title='bbox 676 2931 703 2994; x_wconf 76' lang='grc'><strong>0,</strong></span> <span class='ocrx_word' id='word_1_400' title='bbox 720 2931 757 2985; x_wconf 78' lang='grc'><strong>30</strong></span> <span class='ocrx_word' id='word_1_401' title='bbox 775 2945 818 2999; x_wconf 84' lang='lat' dir='ltr'><strong>sq.</strong></span> <span class='ocrx_word' id='word_1_402' title='bbox 841 2927 1025 2985; x_wconf 75' lang='lat' dir='ltr'><strong>selsam.</strong></span> <span class='ocrx_word' id='word_1_403' title='bbox 1048 2947 1077 2988; x_wconf 80' lang='lat' dir='ltr'><strong>s.</strong></span> <span class='ocrx_word' id='word_1_404' title='bbox 1101 2928 1258 2998; x_wconf 72' lang='lat' dir='ltr'><strong>Parttcs‘ps&#39;a</strong></span> 
     </span>
     <span class='ocr_line' id='line_1_37' title="bbox 37 2999 1256 3072; baseline -0.001 -17"><span class='ocrx_word' id='word_1_405' title='bbox 37 3007 112 3072; x_wconf 75' lang='lat' dir='ltr'><strong>perf,</strong></span> <span class='ocrx_word' id='word_1_406' title='bbox 141 3017 214 3070; x_wconf 78' lang='lat' dir='ltr'><strong>pass.</strong></span> <span class='ocrx_word' id='word_1_407' title='bbox 236 3017 285 3069; x_wconf 83' lang='lat' dir='ltr'><strong>pro</strong></span> <span class='ocrx_word' id='word_1_408' title='bbox 308 3001 443 3058; x_wconf 81' lang='lat' dir='ltr'><strong>Substant.</strong></span> <span class='ocrx_word' id='word_1_409' title='bbox 473 3003 557 3060; x_wconf 82' lang='lat' dir='ltr'><strong>obstr.</strong></span> <span class='ocrx_word' id='word_1_410' title='bbox 585 3029 615 3040; x_wconf 91' lang='lat'>-</span> <span class='ocrx_word' id='word_1_411' title='bbox 653 3011 726 3054; x_wconf 79' lang='lat' dir='ltr'><strong>suan</strong></span> <span class='ocrx_word' id='word_1_412' title='bbox 754 3005 854 3056; x_wconf 81' lang='lat' dir='ltr'><strong>tantun</strong></span> <span class='ocrx_word' id='word_1_413' title='bbox 879 2999 995 3061; x_wconf 78' lang='lat' dir='ltr'><strong>studiosa</strong></span> <span class='ocrx_word' id='word_1_414' title='bbox 1021 3001 1054 3054; x_wconf 88' lang='lat' dir='ltr'><strong>in</strong></span> <span class='ocrx_word' id='word_1_415' title='bbox 1071 3001 1256 3066; x_wconf 71' lang='lat' dir='ltr'><strong>assumtione</strong></span> 
     </span>
     <span class='ocr_line' id='line_1_38' title="bbox 39 3071 1256 3146; baseline -0.002 -17"><span class='ocrx_word' id='word_1_416' title='bbox 39 3073 180 3141; x_wconf 61' lang='lat' dir='ltr'><strong>tibenin</strong></span> <span class='ocrx_word' id='word_1_417' title='bbox 205 3074 241 3128; x_wconf 91' lang='lat' dir='ltr'><strong>de</strong></span> <span class='ocrx_word' id='word_1_418' title='bbox 266 3090 324 3146; x_wconf 79' lang='lat' dir='ltr'><strong>quo</strong></span> <span class='ocrx_word' id='word_1_419' title='bbox 347 3073 422 3129; x_wconf 79' lang='lat' dir='ltr'><strong>Vibii</strong></span> <span class='ocrx_word' id='word_1_420' title='bbox 445 3071 547 3130; x_wconf 87' lang='lat' dir='ltr'><strong>Sereni</strong></span> <span class='ocrx_word' id='word_1_421' title='bbox 565 3071 662 3128; x_wconf 84' lang='lat' dir='ltr'><strong>studio</strong></span> <span class='ocrx_word' id='word_1_422' title='bbox 679 3089 707 3125; x_wconf 83' lang='lat' dir='ltr'><strong>v.</strong></span> <span class='ocrx_word' id='word_1_423' title='bbox 727 3075 754 3134; x_wconf 75' lang='lat'><strong>2,</strong></span> <span class='ocrx_word' id='word_1_424' title='bbox 771 3074 814 3129; x_wconf 74' lang='grc'><strong>30.</strong></span> <span class='ocrx_word' id='word_1_425' title='bbox 834 3101 867 3116; x_wconf 92' lang='grc'>-</span> <span class='ocrx_word' id='word_1_426' title='bbox 904 3077 964 3125; x_wconf 87' lang='lat' dir='ltr'><strong>octo</strong></span> <span class='ocrx_word' id='word_1_427' title='bbox 979 3077 1040 3138; x_wconf 84' lang='lat' dir='ltr'><strong>past</strong></span> <span class='ocrx_word' id='word_1_428' title='bbox 1063 3087 1174 3136; x_wconf 50' lang='lat' dir='ltr'><strong>anama,</strong></span> <span class='ocrx_word' id='word_1_429' title='bbox 1187 3089 1256 3126; x_wconf 84' lang='lat' dir='ltr'><strong>nam</strong></span> 
     </span>
     <span class='ocr_line' id='line_1_39' title="bbox 39 3141 1257 3212; baseline -0.003 -12"><span class='ocrx_word' id='word_1_430' title='bbox 39 3147 114 3201; x_wconf 79' lang='lat' dir='ltr'><strong>Libo</strong></span> <span class='ocrx_word' id='word_1_431' title='bbox 134 3165 159 3200; x_wconf 82' lang='lat' dir='ltr'><strong>a.</strong></span> <span class='ocrx_word' id='word_1_432' title='bbox 178 3143 214 3199; x_wconf 87' lang='lat' dir='ltr'><strong>U.</strong></span> <span class='ocrx_word' id='word_1_433' title='bbox 233 3147 294 3202; x_wconf 77' lang='grc'><strong>760,</strong></span> <span class='ocrx_word' id='word_1_434' title='bbox 318 3145 486 3212; x_wconf 71' lang='lat' dir='ltr'><strong>demnatuss</strong></span> <span class='ocrx_word' id='word_1_435' title='bbox 510 3145 589 3200; x_wconf 78' lang='lat' dir='ltr'><strong>Brot</strong></span> <span class='ocrx_word' id='word_1_436' title='bbox 609 3170 644 3184; x_wconf 91' lang='lat'><strong>·-</strong></span> <span class='ocrx_word' id='word_1_437' title='bbox 679 3143 788 3200; x_wconf 81' lang='lat' dir='ltr'><strong>medians</strong></span> <span class='ocrx_word' id='word_1_438' title='bbox 809 3149 910 3210; x_wconf 68' lang='lat' dir='ltr'><strong>tempas</strong></span> <span class='ocrx_word' id='word_1_439' title='bbox 926 3141 1004 3195; x_wconf 81' lang='lat' dir='ltr'><strong>oorie</strong></span> <span class='ocrx_word' id='word_1_440' title='bbox 1026 3156 1154 3210; x_wconf 73' lang='lat' dir='ltr'><strong>arguam,</strong></span> <span class='ocrx_word' id='word_1_441' title='bbox 1183 3143 1257 3196; x_wconf 85' lang='lat' dir='ltr'><strong>insi·</strong></span> 
     </span>
     <span class='ocr_line' id='line_1_40' title="bbox 38 3211 1311 3286; baseline -0.002 -14"><span class='ocrx_word' id='word_1_442' title='bbox 38 3219 158 3272; x_wconf 78' lang='lat' dir='ltr'><strong>mulene</strong></span> <span class='ocrx_word' id='word_1_443' title='bbox 177 3215 294 3270; x_wconf 85' lang='lat' dir='ltr'><strong>Vibium</strong></span> <span class='ocrx_word' id='word_1_444' title='bbox 310 3215 451 3271; x_wconf 81' lang='lat' dir='ltr'><strong>Serenum</strong></span> <span class='ocrx_word' id='word_1_445' title='bbox 468 3217 626 3278; x_wconf 80' lang='lat' dir='ltr'><strong>rariorum,</strong></span> <span class='ocrx_word' id='word_1_446' title='bbox 645 3225 718 3286; x_wconf 83' lang='lat' dir='ltr'><strong>quse</strong></span> <span class='ocrx_word' id='word_1_447' title='bbox 730 3213 783 3285; x_wconf 34' lang='lat' dir='ltr'><strong>,his</strong></span> <span class='ocrx_word' id='word_1_448' title='bbox 801 3222 866 3270; x_wconf 83' lang='lat' dir='ltr'><strong>osto</strong></span> <span class='ocrx_word' id='word_1_449' title='bbox 883 3213 969 3268; x_wconf 83' lang='lat' dir='ltr'><strong>suuis</strong></span> <span class='ocrx_word' id='word_1_450' title='bbox 989 3211 1126 3268; x_wconf 67' lang='lat' dir='ltr'><strong>aarum</strong></span> <span class='ocrx_word' id='word_1_451' title='bbox 1142 3213 1257 3268; x_wconf 83' lang='lat' dir='ltr'><strong>Princi-</strong></span> <span class='ocrx_word' id='word_1_452' title='bbox 1305 3242 1311 3268; x_wconf 72' lang='lat' dir='ltr'><strong>s</strong></span> 
     </span>
     <span class='ocr_line' id='line_1_41' title="bbox 38 3281 1256 3360; baseline -0.002 -16"><span class='ocrx_word' id='word_1_453' title='bbox 38 3307 109 3360; x_wconf 87' lang='lat' dir='ltr'><strong>pem</strong></span> <span class='ocrx_word' id='word_1_454' title='bbox 128 3286 282 3344; x_wconf 82' lang='lat' dir='ltr'><strong>meditatus</strong></span> <span class='ocrx_word' id='word_1_455' title='bbox 301 3295 376 3344; x_wconf 86' lang='lat' dir='ltr'><strong>esset</strong></span> <span class='ocrx_word' id='word_1_456' title='bbox 402 3295 433 3342; x_wconf 89' lang='lat' dir='ltr'><strong>et</strong></span> <span class='ocrx_word' id='word_1_457' title='bbox 453 3287 581 3343; x_wconf 78' lang='lat' dir='ltr'><strong>molibus.</strong></span> <span class='ocrx_word' id='word_1_458' title='bbox 601 3303 634 3332; x_wconf 60' lang='lat' dir='ltr'><strong>a·</strong></span> <span class='ocrx_word' id='word_1_459' title='bbox 671 3285 777 3341; x_wconf 79' lang='lat' dir='ltr'><strong>ets&#39;asm&#39;</strong></span> <span class='ocrx_word' id='word_1_460' title='bbox 794 3289 924 3338; x_wconf 76' lang='lat' dir='ltr'><strong>termento</strong></span> <span class='ocrx_word' id='word_1_461' title='bbox 944 3281 1111 3351; x_wconf 74' lang='lat' dir='ltr'><strong>paciencia,</strong></span> <span class='ocrx_word' id='word_1_462' title='bbox 1133 3293 1256 3356; x_wconf 88' lang='lat' dir='ltr'><strong>propter</strong></span> 
     </span>
     <span class='ocr_line' id='line_1_42' title="bbox 38 3357 1256 3431; baseline -0.004 -17"><span class='ocrx_word' id='word_1_463' title='bbox 38 3361 250 3431; x_wconf 80' lang='lat' dir='ltr'><strong>pervicaciam,</strong></span> <span class='ocrx_word' id='word_1_464' title='bbox 276 3375 408 3414; x_wconf 81' lang='lat' dir='ltr'><strong>servorum</strong></span> <span class='ocrx_word' id='word_1_465' title='bbox 430 3358 577 3414; x_wconf 78' lang='lat' dir='ltr'><strong>weniseent</strong></span> <span class='ocrx_word' id='word_1_466' title='bbox 601 3364 695 3412; x_wconf 73' lang='lat' dir='ltr'><strong>coma</strong></span> <span class='ocrx_word' id='word_1_467' title='bbox 718 3357 966 3428; x_wconf 83' lang='lat' dir='ltr'><strong>exspectationem</strong></span> <span class='ocrx_word' id='word_1_468' title='bbox 983 3359 1167 3428; x_wconf 70' lang='lat' dir='ltr'><strong>metatoris,</strong></span> <span class='ocrx_word' id='word_1_469' title='bbox 1195 3373 1256 3424; x_wconf 72' lang='lat' dir='ltr'><strong>nan</strong></span> 
     </span>
     <span class='ocr_line' id='line_1_43' title="bbox 39 3427 957 3504; baseline 0.002 -18"><span class='ocrx_word' id='word_1_470' title='bbox 39 3450 110 3486; x_wconf 85' lang='lat' dir='ltr'><strong>eum</strong></span> <span class='ocrx_word' id='word_1_471' title='bbox 129 3427 297 3486; x_wconf 82' lang='lat' dir='ltr'><strong>habuissent</strong></span> <span class='ocrx_word' id='word_1_472' title='bbox 314 3437 460 3498; x_wconf 80' lang='lat' dir='ltr'><strong>eventum,</strong></span> <span class='ocrx_word' id='word_1_473' title='bbox 486 3447 572 3504; x_wconf 83' lang='lat' dir='ltr'><strong>quem</strong></span> <span class='ocrx_word' id='word_1_474' title='bbox 590 3437 740 3488; x_wconf 75' lang='lat' dir='ltr'><strong>normaton</strong></span> <span class='ocrx_word' id='word_1_475' title='bbox 756 3434 957 3501; x_wconf 66' lang='lat' dir='ltr'><strong>umeowset.</strong></span> 
     </span>
    </p>
   </div>
   <div class='ocr_carea' id='block_1_9' title="bbox 410 3597 821 3658">
    <p class='ocr_par' dir='ltr' id='par_1_9' title="bbox 410 3597 821 3658">
     <span class='ocr_line' id='line_1_44' title="bbox 410 3597 821 3658; baseline -0.007 -1"><span class='ocrx_word' id='word_1_476' title='bbox 410 3597 421 3612; x_wconf 61' lang='lat'><strong>⁹</strong></span> <span class='ocrx_word' id='word_1_477' title='bbox 478 3599 672 3657; x_wconf 68' lang='lat' dir='ltr'><strong>CAPUT</strong></span> <span class='ocrx_word' id='word_1_478' title='bbox 719 3599 821 3658; x_wconf 76' lang='lat' dir='ltr'><strong>XXX.</strong></span> 
     </span>
    </p>
   </div>
   <div class='ocr_carea' id='block_1_10' title="bbox 33 3704 1255 4376">
    <p class='ocr_par' dir='ltr' id='par_1_10' title="bbox 33 3704 1255 4376">
     <span class='ocr_line' id='line_1_45' title="bbox 121 3704 1254 3791; baseline 0.005 -21"><span class='ocrx_word' id='word_1_479' title='bbox 121 3706 232 3770; x_wconf 82' lang='lat' dir='ltr'><strong>Dictis</strong></span> <span class='ocrx_word' id='word_1_480' title='bbox 254 3704 333 3772; x_wconf 89' lang='lat' dir='ltr'><strong>dein</strong></span> <span class='ocrx_word' id='word_1_481' title='bbox 352 3710 538 3789; x_wconf 85' lang='lat' dir='ltr'><strong>sententiis,</strong></span> <span class='ocrx_word' id='word_1_482' title='bbox 559 3708 753 3776; x_wconf 80' lang='lat' dir='ltr'><strong>utSereuua</strong></span> <span class='ocrx_word' id='word_1_483' title='bbox 773 3727 869 3774; x_wconf 86' lang='lat' dir='ltr'><strong>more</strong></span> <span class='ocrx_word' id='word_1_484' title='bbox 889 3711 1056 3774; x_wconf 86' lang='lat' dir='ltr'><strong>maiorum</strong></span> <span class='ocrx_word' id='word_1_485' title='bbox 1087 3714 1254 3791; x_wconf 88' lang='lat' dir='ltr'><strong>uniretur,</strong></span> 
     </span>
     <span class='ocr_line' id='line_1_46' title="bbox 37 3731 1086 3872; baseline 0.004 -18"><span class='ocrx_word' id='word_1_486' title='bbox 37 3810 106 3872; x_wconf 89' lang='lat' dir='ltr'><strong>quo</strong></span> <span class='ocrx_word' id='word_1_487' title='bbox 136 3791 286 3854; x_wconf 89' lang='lat' dir='ltr'><strong>molliret</strong></span> <span class='ocrx_word' id='word_1_488' title='bbox 312 3791 485 3872; x_wconf 81' lang='lat' dir='ltr'><strong>iuvidiam,</strong></span> <span class='ocrx_word' id='word_1_489' title='bbox 510 3794 711 3856; x_wconf 80' lang='lat' dir='ltr'><strong>intercessit.</strong></span> <span class='ocrx_word' id='word_1_490' title='bbox 753 3791 866 3857; x_wconf 83' lang='lat' dir='ltr'><strong>Gallus</strong></span> <span class='ocrx_word' id='word_1_491' title='bbox 892 3795 1028 3858; x_wconf 84' lang='lat' dir='ltr'><strong>Asinius</strong></span> <span class='ocrx_word' id='word_1_492' title='bbox 1055 3731 1086 3858; x_wconf 72' lang='grc'><strong>0</strong></span> 
     </span>
     <span class='ocr_line' id='line_1_47' title="bbox 36 3872 1253 3960; baseline 0.003 -24"><span class='ocrx_word' id='word_1_493' title='bbox 36 3875 181 3937; x_wconf 84' lang='lat' dir='ltr'><strong>Donusa</strong></span> <span class='ocrx_word' id='word_1_494' title='bbox 201 3872 417 3938; x_wconf 85' lang='lat' dir='ltr'><strong>claudendum</strong></span> <span class='ocrx_word' id='word_1_495' title='bbox 437 3895 538 3960; x_wconf 86' lang='lat' dir='ltr'><strong>quum</strong></span> <span class='ocrx_word' id='word_1_496' title='bbox 559 3885 719 3956; x_wconf 85' lang='lat' dir='ltr'><strong>censeret,</strong></span> <span class='ocrx_word' id='word_1_497' title='bbox 749 3877 785 3939; x_wconf 91' lang='lat' dir='ltr'><strong>id</strong></span> <span class='ocrx_word' id='word_1_498' title='bbox 811 3895 943 3960; x_wconf 81' lang='lat' dir='ltr'><strong>quoque</strong></span> <span class='ocrx_word' id='word_1_499' title='bbox 970 3889 1166 3960; x_wconf 84' lang='lat' dir='ltr'><strong>aspernatus</strong></span> <span class='ocrx_word' id='word_1_500' title='bbox 1193 3887 1253 3958; x_wconf 83' lang='lat' dir='ltr'><strong>est,</strong></span> 
     </span>
     <span class='ocr_line' id='line_1_48' title="bbox 34 3958 1253 4045; baseline 0.005 -27"><span class='ocrx_word' id='word_1_501' title='bbox 34 3975 181 4045; x_wconf 79' lang='lat' dir='ltr'><strong>egenam</strong></span> <span class='ocrx_word' id='word_1_502' title='bbox 201 3975 302 4040; x_wconf 81' lang='lat' dir='ltr'><strong>aquae</strong></span> <span class='ocrx_word' id='word_1_503' title='bbox 323 3965 497 4042; x_wconf 89' lang='lat' dir='ltr'><strong>utramque</strong></span> <span class='ocrx_word' id='word_1_504' title='bbox 518 3959 660 4022; x_wconf 86' lang='lat' dir='ltr'><strong>insulam</strong></span> <span class='ocrx_word' id='word_1_505' title='bbox 681 3961 828 4022; x_wconf 79' lang='lat' dir='ltr'><strong>reserens</strong></span> <span class='ocrx_word' id='word_1_506' title='bbox 850 3958 1037 4044; x_wconf 86' lang='lat' dir='ltr'><strong>dandosque</strong></span> <span class='ocrx_word' id='word_1_507' title='bbox 1054 3963 1142 4024; x_wconf 81' lang='lat' dir='ltr'><strong>vitae</strong></span> <span class='ocrx_word' id='word_1_508' title='bbox 1162 3979 1253 4042; x_wconf 84' lang='lat' dir='ltr'><strong>neus,</strong></span> 
     </span>
     <span class='ocr_line' id='line_1_49' title="bbox 34 4040 1255 4128; baseline 0.003 -26"><span class='ocrx_word' id='word_1_509' title='bbox 34 4043 93 4102; x_wconf 88' lang='lat' dir='ltr'><strong>cui</strong></span> <span class='ocrx_word' id='word_1_510' title='bbox 117 4041 190 4102; x_wconf 82' lang='lat' dir='ltr'><strong>vita</strong></span> <span class='ocrx_word' id='word_1_511' title='bbox 217 4040 466 4107; x_wconf 83' lang='lat' dir='ltr'><strong>concederetur.</strong></span> <span class='ocrx_word' id='word_1_512' title='bbox 515 4041 564 4106; x_wconf 91' lang='lat' dir='ltr'><strong>Ita</strong></span> <span class='ocrx_word' id='word_1_513' title='bbox 585 4041 729 4104; x_wconf 86' lang='lat' dir='ltr'><strong>Serenus</strong></span> <span class='ocrx_word' id='word_1_514' title='bbox 755 4041 939 4128; x_wconf 76' lang='lat' dir='ltr'><strong>Amorgum</strong></span> <span class='ocrx_word' id='word_1_515' title='bbox 966 4048 1170 4126; x_wconf 83' lang='lat' dir='ltr'><strong>reportatur.</strong></span> <span class='ocrx_word' id='word_1_516' title='bbox 1213 4043 1255 4106; x_wconf 86' lang='lat' dir='ltr'><strong>Et</strong></span> 
     </span>
     <span class='ocr_line' id='line_1_50' title="bbox 35 4119 1253 4208; baseline 0.003 -22"><span class='ocrx_word' id='word_1_517' title='bbox 35 4125 119 4206; x_wconf 84' lang='lat' dir='ltr'><strong>quia</strong></span> <span class='ocrx_word' id='word_1_518' title='bbox 142 4119 311 4186; x_wconf 82' lang='lat' dir='ltr'><strong>Cornutus</strong></span> <span class='ocrx_word' id='word_1_519' title='bbox 330 4144 391 4188; x_wconf 88' lang='lat' dir='ltr'><strong>sua</strong></span> <span class='ocrx_word' id='word_1_520' title='bbox 414 4145 515 4190; x_wconf 89' lang='lat' dir='ltr'><strong>mauu</strong></span> <span class='ocrx_word' id='word_1_521' title='bbox 537 4123 713 4202; x_wconf 83' lang='lat' dir='ltr'><strong>ceciderat,</strong></span> <span class='ocrx_word' id='word_1_522' title='bbox 740 4133 852 4190; x_wconf 87' lang='lat' dir='ltr'><strong>actum</strong></span> <span class='ocrx_word' id='word_1_523' title='bbox 873 4123 915 4190; x_wconf 88' lang='lat' dir='ltr'><strong>de</strong></span> <span class='ocrx_word' id='word_1_524' title='bbox 935 4129 1103 4208; x_wconf 86' lang='lat' dir='ltr'><strong>praemiis·</strong></span> <span class='ocrx_word' id='word_1_525' title='bbox 1120 4145 1253 4190; x_wconf 81' lang='lat' dir='ltr'><strong>accusa·</strong></span> 
     </span>
     <span class='ocr_line' id='line_1_51' title="bbox 34 4205 1254 4292; baseline 0.003 -24"><span class='ocrx_word' id='word_1_526' title='bbox 34 4215 158 4268; x_wconf 86' lang='lat' dir='ltr'><strong>torum</strong></span> <span class='ocrx_word' id='word_1_527' title='bbox 178 4205 360 4280; x_wconf 84' lang='lat' dir='ltr'><strong>abolendis,</strong></span> <span class='ocrx_word' id='word_1_528' title='bbox 391 4209 513 4292; x_wconf 86' lang='lat' dir='ltr'><strong>siquis</strong></span> <span class='ocrx_word' id='word_1_529' title='bbox 541 4207 724 4272; x_wconf 80' lang='lat' dir='ltr'><strong>maiestatis</strong></span> <span class='ocrx_word' id='word_1_530' title='bbox 749 4209 935 4290; x_wconf 85' lang='lat' dir='ltr'><strong>postulatus</strong></span> <span class='ocrx_word' id='word_1_531' title='bbox 965 4217 1043 4273; x_wconf 87' lang='lat' dir='ltr'><strong>ante</strong></span> <span class='ocrx_word' id='word_1_532' title='bbox 1070 4214 1254 4292; x_wconf 84' lang='lat' dir='ltr'><strong>perfectum</strong></span> 
     </span>
     <span class='ocr_line' id='line_1_52' title="bbox 33 4287 1253 4376; baseline 0.01 -28"><span class='ocrx_word' id='word_1_533' title='bbox 33 4287 206 4353; x_wconf 84' lang='lat' dir='ltr'><strong>iudicium</strong></span> <span class='ocrx_word' id='word_1_534' title='bbox 225 4305 261 4352; x_wconf 88' lang='lat' dir='ltr'><strong>se</strong></span> <span class='ocrx_word' id='word_1_535' title='bbox 280 4291 352 4372; x_wconf 85' lang='lat' dir='ltr'><strong>ipse</strong></span> <span class='ocrx_word' id='word_1_536' title='bbox 371 4293 443 4356; x_wconf 83' lang='lat' dir='ltr'><strong>uita</strong></span> <span class='ocrx_word' id='word_1_537' title='bbox 463 4292 673 4374; x_wconf 78' lang='lat' dir='ltr'><strong>privavisset.</strong></span> <span class='ocrx_word' id='word_1_538' title='bbox 710 4287 889 4376; x_wconf 82' lang='lat' dir='ltr'><strong>Ibaturque</strong></span> <span class='ocrx_word' id='word_1_539' title='bbox 909 4293 1028 4356; x_wconf 85' lang='lat' dir='ltr'><strong>ineam</strong></span> <span class='ocrx_word' id='word_1_540' title='bbox 1043 4294 1253 4376; x_wconf 68' lang='lat' dir='ltr'><strong>cunnum,</strong></span> 
     </span>
    </p>
   </div>
   <div class='ocr_carea' id='block_1_11' title="bbox 0 0 1450 4790">
    <p class='ocr_par' dir='ltr' id='par_1_11' title="bbox 0 0 1450 4790">
     <span class='ocr_line' id='line_1_53' title="bbox 0 0 1450 4790; baseline 0 3"><span class='ocrx_word' id='word_1_541' title='bbox 0 0 1450 4790; x_wconf 95' lang='lat' dir='ltr'><strong> </strong></span> 
     </span>
    </p>
   </div>
   <div class='ocr_carea' id='block_1_12' title="bbox 1086 3803 1353 3877">
    <p class='ocr_par' dir='ltr' id='par_1_12' title="bbox 1086 3803 1353 3877">
     <span class='ocr_line' id='line_1_54' title="bbox 1086 3803 1353 3877; baseline 0 -19"><span class='ocrx_word' id='word_1_542' title='bbox 1086 3813 1168 3877; x_wconf 78' lang='lat' dir='ltr'><strong>yaro</strong></span> <span class='ocrx_word' id='word_1_543' title='bbox 1195 3803 1255 3858; x_wconf 83' lang='lat' dir='ltr'><strong>sut</strong></span> <span class='ocrx_word' id='word_1_544' title='bbox 1349 3819 1353 3834; x_wconf 71' lang='lat'><strong><em>¹</em></strong></span> 
     </span>
    </p>
   </div>
  </div>
 </body>
</html>
