2904 4798
277 231 421 296 CAPUT
442 227 517 296 XV.
541 232 633 298 XVl.
671 233 1046 316 (attestante.)
1210 241 1272 308 tet

48 415 102 452 nes
122 400 317 468 interpretum
335 405 441 466 captae,
460 407 595 466 exceptas,
613 409 760 469 suceptae.
799 403 1035 473 opiniosissimus
1052 421 1085 458 nc
1103 409 1270 478 suspicacis-

50 471 144 522 simur
162 469 301 540 Princeps
320 469 369 524 rel
395 469 521 547 tingebat
539 473 699 538 effmianes
725 475 774 528 rel
801 481 909 540 coeptas
936 476 1134 542 existimabat,
1162 477 1272 548 hasque

49 557 153 596 omnes
172 541 208 594 ab
227 541 352 594 nimium
377 557 461 594 suum
487 541 520 594 in
543 561 606 596 rem
630 544 777 613 publicam
803 545 930 598 studium
948 549 1046 618 parari
1065 549 1270 616 contendebat,

48 613 132 666 Brut.
154 640 186 650 -
205 613 333 666 Naevius
351 611 499 666 Sertorius
518 615 619 668 Maera
635 613 790 681 praenetus
807 633 847 670 sc.
866 618 1008 686 praetorii
1027 636 1043 670 e
1061 617 1179 674 Tiberio
1197 619 1271 674 etam

49 683 199 737 inlocum
227 682 324 737 Seiani
348 685 466 754 eiusque
490 687 675 810 opprimendi
702 704 788 741 causa
806 687 986 744 substitutum.
1018 687 1064 742 Gi.
1087 691 1149 744 lud.
1169 691 1192 747 l.
1215 689 1271 746 Dio

47 758 132 822 58,9
186 757 256 819 te,
278 759 319 811 13.
334 759 378 810 18.
397 759 442 822 ⁵9,
462 759 504 810 1⁰.
544 765 601 811 uet.
624 757 684 810 Gal.
704 761 746 816 25.
766 759 810 814 tt.
837 765 917 826 utque
934 760 1036 813 Macra
1055 791 1087 802 -
1105 763 1211 829 petiuit,
1238 769 1272 815 ut

47 833 149 896 pastea
190 825 314 880 laudius.
334 845 362 880 v.
382 824 461 883 Suet.
482 826 582 882 Claud
602 831 646 886 12.
675 862 709 874 -
733 831 802 884 adea
819 845 956 898 nunquam
980 849 1009 884 v.
1027 831 1063 885 ad
1080 835 1107 898 3,
1127 835 1172 898 at,
1190 837 1217 891 i·
1238 861 1272 874 ··-

45 897 182 964 publicant
206 897 354 962 consiliam,
382 901 421 954 ct.
446 899 482 952 ad
506 899 541 954 G.
562 905 605 956 ll.
630 919 660 956 n.
679 903 706 957 2·
736 933 769 946 ·-
793 901 932 966 ambigens
954 901 1073 969 patriam
1099 905 1212 968 urbem,
1239 915 1273 959 ut

49 967 107 1020 Gr.
125 963 279 1040 περιάγων,
310 978 444 1024 nestrum
463 970 545 1024 siclt
565 989 621 1024 um
641 979 752 1026 etwas
770 971 899 1026 herum
922 972 1088 1039 treiben‚
1115 974 1272 1042 drehen;

52 1039 159 1092 Waltlr.
196 1041 291 1094 Verba
309 1039 418 1094 similia
437 1043 573 1108 ambages,
593 1042 714 1108 ambitio,
734 1043 844 1108 andire,
863 1045 1093 1111 circumagente,
1113 1045 1271 1113 etramugt.

48 1111 129 1164 Hine
146 1114 258 1165 trustra
276 1113 466 1166 coniecerunt
483 1113 577 1184 intpp.
597 1113 723 1180 ambian,
741 1113 859 1168 annena
874 1115 981 1181 pariter
999 1131 1033 1166 aa
1050 1116 1199 1184 declinant,
1217 1134 1273 1172 aar·

50 1183 151 1248 digena
169 1188 195 1234 et
210 1181 330 1249 patriam
348 1184 495 1240 declinans.
533 1184 579 1238 Ad
596 1201 660 1240 rem
679 1187 717 1238 cf.
737 1202 799 1256 cap.
820 1190 844 1241 1.
865 1195 895 1238 et
912 1185 968 1240 Dio
986 1189 1031 1252 58,
1049 1189 1092 1244 21.

489 1307 682 1364 CAPUT
735 1309 834 1366 xv1.

132 1417 266 1482 Interea
286 1436 404 1503 magna
424 1419 475 1478 ris
498 1425 730 1478 accusatorum
754 1419 788 1478 in
811 1437 867 1480 eos
887 1419 961 1480 irru
987 1421 1025 1499 it,
1048 1423 1272 1504 quipecunias

51 1503 166 1564 tenere
187 1499 393 1562 auctitabant
413 1497 591 1564 adversum
613 1501 720 1586 legem
752 1499 927 1564 dictatoris
976 1507 1112 1584 asseris,
1140 1527 1204 1588 qua
1232 1505 1273 1570 de

50 1583 151 1646 modo
180 1581 340 1646 credendi
370 1581 623 1666 possidendique
651 1587 741 1644 intra
769 1583 900 1646 ltaliam
931 1596 1090 1661 cavetur3
1119 1591 1273 1653 emissam

49 1671 143 1748 olim,
173 1669 249 1750 quia
275 1667 409 1748 privato
437 1667 514 1728 usui
550 1667 673 1730 bonum
710 1666 882 1746 publicum
917 1672 1162 1750 postponitur.·
1187 1671 1274 1734 Sane

49 1760 148 1814 vetus
168 1751 253 1814 Urbi
274 1749 409 1812 funebre
436 1751 558 1810 malum
580 1759 614 1812 et
635 1747 837 1812 seditionum
866 1749 1176 1836 discordiarumque
1203 1773 1274 1816 cre-

48 1837 198 1898 berrima
231 1851 349 1906 causa3
384 1851 488 1916 eoque
517 1832 735 1894 cohibebatur
766 1835 912 1915 antiquis
947 1853 1076 1918 quoque
1103 1845 1137 1898 et
1165 1839 1274 1902 minus

49 1919 223 1999 corruptis
245 1915 404 1978 moribus.
448 1914 534 1976 Nam
556 1917 666 1996 primo
692 1914 867 1978 duodecim
889 1915 1009 1979 tabulis
1036 1927 1198 1998 sanctum,
1233 1941 1275 1984 ne

49 2004 125 2084 qais
147 2001 297 2061 unciario
319 2002 432 2062 tenere
454 1999 594 2080 emplius
617 2005 799 2078 exerceret,
822 2018 921 2082 quum
943 2008 1040 2062 antea
1062 2020 1102 2062 ex
1134 2003 1275 2065 libidine

48 2083 268 2166 locupletium
291 2084 493 2168 agitaretur:
522 2080 598 2145 dein
620 2081 795 2166 rogatione
817 2081 1000 2144 tribunicia
1021 2081 1064 2144 ad
1089 2090 1274 2148 semuncias

49 2167 199 2244 redacta,
233 2174 403 2252 postremo
424 2166 528 2228 vetita
555 2181 706 2227 versura.
750 2163 938 2246 Multisque
959 2164 1066 2245 plebis
1095 2168 1188 2228 scitis
1215 2169 1274 2230 ob-

47 2253 142 2314 viam
170 2251 254 2310 itam
283 2247 468 2326 fraudibus,
500 2265 582 2328 quae
611 2249 734 2308 totiens
763 2266 936 2327 repressae
962 2251 1064 2310 miras
1092 2267 1153 2331 per
1184 2259 1275 2314 artes

48 2353 189 2396 rursum
210 2331 415 2394 oriebantur.
469 2329 535 2392 Sed
562 2340 633 2391 tum
657 2329 827 2392 Gracchus
855 2331 1008 2409 Praetor,
1029 2333 1085 2392 cui
1113 2351 1151 2393 ea
1177 2353 1275 2416 quae-

47 2419 118 2478 stio
147 2422 315 2488 evenerat,
348 2411 564 2475 multitudine
598 2413 859 2495 periclitantium
892 2415 1048 2476 subactus
1082 2415 1199 2477 retulit
1231 2415 1275 2481 ad

48 2505 221 2574 senatum3
257 2495 445 2580 trepidique
473 2497 587 2558 Patres
614 2495 735 2580 (neque
763 2495 851 2558 enim
880 2500 1055 2580 quisquam
1084 2497 1144 2560 tali
1178 2499 1274 2583 culpa

47 2581 190 2659 vacuus)
224 2583 355 2644 veniam
383 2601 403 2641 a
432 2579 588 2725 Principe
620 2581 786 2662 petivere:
820 2589 854 2642 et
875 2579 1077 2642 concedente
1103 2600 1209 2644 annus
1238 2583 1274 2644 in

47 2676 223 2752 posterum
251 2683 371 2746 sexque
392 2681 520 2726 menses
565 2664 622 2740 ati,
656 2664 728 2746 quis
754 2662 935 2726 secundum
956 2666 1044 2728 iussa
1065 2663 1148 2749 legis
1169 2667 1273 2728 ratio-

48 2769 112 2814 nes
133 2749 311 2810 familiares
333 2747 469 2830 quisque
491 2753 746 2828 componerent

124 2837 148 2887 l.
168 2830 217 2902 qni
232 2829 368 2898 pecuniae
385 2830 481 2896 tenere
505 2829 693 2893 auctitabant,
720 2831 843 2885 verbum
869 2831 1044 2898 frequentat.
1070 2827 1106 2882 sd
1128 2831 1274 2885 fenerato-

48 2921 119 2972 rum
137 2902 326 2973 cupiditatem
345 2899 421 2954 lucri
440 2901 612 2972 carpendam
631 2902 823 2971 aptissimum,
843 2909 873 2956 et
888 2899 994 2974 gradus
1011 2913 1127 2968 augere,
1147 2909 1273 2967 auctare,

48 2977 205 3039 auctitare,
230 2981 264 3025 ut
289 2974 393 3044 legere,
420 2972 536 3037 tecture,
561 2971 705 3036 lectitare,-
728 2970 821 3025 Belle
846 2973 921 3026 obss.
941 2972 1008 3024 crit.
1028 2971 1064 3024 de
1082 2969 1159 3040 styla
1177 2969 1274 3028 Taciti

48 3047 204 3102 Brunsric.
226 3046 304 3100 1817.
330 3061 359 3114 p·
378 3047 421 3100 49.
451 3043 495 3098 Oi.
524 3043 587 3098 Ind.
608 3043 661 3098 lll.
686 3060 714 3095 v.
740 3043 832 3098 Verba
854 3042 940 3108 uulgo
964 3041 1042 3095 dicta
1060 3042 1273 3110 frequenta-

49 3121 138 3174 tiva.
174 3115 300 3170 Verbum
318 3131 376 3168 non
395 3115 453 3167 nisi
471 3132 515 3186 ap.
532 3113 640 3170 Arneb.
660 3115 816 3184 reperitur.
854 3115 962 3167 Fenare
978 3111 1152 3183 plerumque
1171 3114 1274 3167 scribi·

48 3201 111 3254 tur,
130 3188 179 3244 sed
197 3188 305 3240 rectius
323 3189 429 3254 ferere,
449 3194 482 3238 ut
499 3185 633 3252 fenebris,
657 3187 799 3253 fenerare,
823 3186 979 3251 frenator,
1005 3183 1175 3250 feneratrix,
1197 3187 1274 3251 fene-

48 3261 141 3328 ratio,
160 3259 361 3326 feneratorium,
380 3275 396 3310 a
413 3259 511 3328 prisco
529 3257 617 3310 verbo
635 3257 690 3321 teo,
709 3259 811 3333 gigno,
830 3271 963 3326 procrea,
981 3257 1069 3320 facio,
1087 3253 1165 3308 unde
1181 3259 1273 3324 fenne,

48 3337 138 3402 fetas,
157 3331 300 3399 fecundas,
318 3329 442 3398 femiam
461 3345 556 3398 neque
575 3327 721 3398 probanda
738 3327 858 3382 videtur
876 3327 1020 3397 scriptura
1043 3327 1155 3392 faenus,
1187 3345 1273 3397 quam

49 3402 214 3460 Schneider
232 3401 332 3455 Gram.
352 3405 378 3466 l,
400 3405 423 3456 l.
442 3419 471 3484 p.
491 3404 532 3456 79.
553 3399 693 3466 tetendit,
721 3400 818 3452 minus
846 3413 917 3452 vero
940 3397 993 3450 ills
1015 3396 1142 3451 aliorum
1165 3399 1272 3464 foenus.

48 3478 101 3532 Sic
119 3484 149 3528 et
165 3474 307 3543 pigneris,
331 3474 459 3541 pignera,
485 3471 616 3540 pignere,
643 3486 702 3524 non
725 3470 861 3540 pignoris
884 3475 954 3533 cet,
983 3470 1050 3538 quie
1067 3469 1224 3538 pignerare
1242 3473 1299 3524 in'

48 3547 203 3621 plerisque
222 3554 252 3600 et
269 3545 458 3614 oppignerare
476 3542 526 3596 rel
544 3541 731 3610 oppignerare
758 3543 789 3594 iu
808 3541 940 3595 amnibus
965 3541 1029 3594 fere
1047 3539 1126 3593 ntes.
1153 3549 1182 3594 et
1209 3541 1273 3596 edd.

48 3628 113 3676 ret.
133 3619 252 3694 legitur.
291 3615 429 3672 Ceterum
447 3616 528 3680 senus
546 3613 662 3668 denotat
680 3621 744 3666 tum
784 3613 924 3676 connisum,
942 3629 1016 3681 quiae
1035 3611 1086 3666 sub
1104 3613 1199 3665 usuris
1222 3627 1275 3682 pe-

48 3693 147 3755 nitur,
172 3689 221 3742 vel
239 3695 357 3752 sonem,
384 3693 479 3756 caput,
509 3685 608 3739 Germ.
634 3631 797 3754 capitali,
826 3681 1197 3758 Capitalvermb'gen‚
1225 3682 1275 3750 (ut

49 3783 77 3816 c.
110 3765 152 3815 17.
181 3768 211 3815 et
235 3764 280 3824 14,
299 3761 343 3814 53.
370 3757 427 3824 55.)
454 3765 518 3810 tum
546 3773 648 3810 usuras
672 3758 744 3821 eius,
772 3756 918 3809 Zinsen.
956 3754 1034 3808 Hinc
1061 3761 1186 3807 mutuum
1211 3755 1274 3807 sine

50 3832 161 3897 usuris,
180 3835 262 3900 fenus
282 3848 348 3884 cum
366 3829 462 3882 usuris
482 3829 623 3894 sumitur3
649 3827 722 3883 Nan.
742 3826 876 3881 Marcell.
896 3831 923 3892 5,
943 3829 986 3881 to.
1016 3851 1047 3862 -
1068 3825 1217 3877 aduersum
1235 3825 1274 3878 le-

48 3919 118 3974 gem
136 3903 242 3956 luliam
260 3901 413 3954 dictatorie
431 3899 576 3964 Caesarie,
601 3915 657 3969 qna
676 3901 710 3952 de
726 3897 808 3952 mede
831 3897 975 3962 credendi,
1003 3895 1163 3950 credendae
1186 3911 1275 3966 pecu·

49 3977 130 4039 niae,
146 3972 366 4042 possidendique
383 3971 502 4042 praedia
520 3971 600 4024 intra
624 3971 743 4022 ltaliam
765 3976 890 4035 cauetur,
916 3967 946 4023 h.
963 3985 987 4024 e.
1013 3983 1069 4037 qua
1088 3973 1213 4031 cautmn,
1240 3975 1275 4018 ut

50 4055 135 4100 certa
152 4055 265 4098 tantum
283 4061 350 4128 pars
390 4043 506 4096 eeuniae
525 4045 557 4096 in
575 4043 678 4095 fenera
695 4049 862 4111 poneretur,
890 4039 1004 4108 reliqua
1032 4037 1063 4089 in
1087 4037 1167 4114 egris
1190 4053 1274 4108 prae·

49 4119 168 4188 diisque
193 4116 306 4170 ltalicts
331 4061 540 4168 collocaretur:
569 4111 646 4182 quod
672 4113 767 4165 sanxit
786 4110 899 4176 Caesar,
923 4117 957 4162 ut
975 4117 1153 4194 augerentur
1179 4111 1275 4231 pretia

89 4205 190 4243 rorum
210 4188 299 4242 nimis
318 4186 472 4238 imminuta
490 4183 575 4238 bellis
594 4182 738 4236 civilibus.
772 4183 860 4248 „Non
877 4181 978 4234 dubito
998 4177 1161 4256 significari
1191 4195 1273 4254 egem

48 4207 229 4316 flgreboniam
253 4261 331 4312 iussu
350 4255 479 4310 Caesaris
504 4253 602 4318 latatn,
621 4253 782 4323 qualidum
801 4253 946 4323 publicam
966 4250 1119 4304 constituit
1137 4259 1175 4316 et,
1194 4258 1228 4303 ut
1246 4251 1274 4304 ei

51 4337 254 4402 inposterum
272 4335 434 4394 careretur,
454 4343 517 4381 rem
541 4341 658 4378 omnem
676 4325 827 4378 fenebrem
851 4334 879 4378 et
902 4323 1111 4394 pecuniariam.
1149 4321 1193 4378 nd
1211 4339 1274 4376 eam

90 4431 157 4498 opp.
183 4431 247 4485 Tac.
270 4427 335 4482 ΤΛ.
1052 4410 1096 4476 ³2
