2774 4784
146 179 170 234 x
263 217 266 223 -
673 177 708 238 V
728 177 743 242 1
764 177 845 244 ΤΑ

230 297 232 302 ’
280 353 282 363 ·
326 347 374 421 A.
393 347 441 424 o.
457 285 594 426 cass
623 345 707 425 car.
720 347 783 424 aa.
811 307 985 446 Agara.
1020 340 1110 422 rac.
1123 347 1183 424 sa.

247 461 435 563 Agricola
460 479 647 542 revocatus
673 461 898 542 eBritannia
923 469 1185 541 reditRomam
1211 479 1248 542 et
1268 493 1371 540 exer-

147 566 262 638 citum
289 567 466 642 Sallustio
490 567 649 642 Lucullo
674 571 817 642 tradere
842 571 964 641 iussus
990 572 1030 640 in
1065 570 1183 640 otium
1218 571 1367 642 secedit.

146 667 233 761 Agr.
249 666 308 742 39.
324 669 382 744 40.
411 669 511 742 Suet.
538 671 648 743 Dom.
667 671 723 744 10.

170 801 220 874 Α.
238 799 285 875 U.
304 800 340 875 O.
355 803 440 879 839.
454 803 541 878 840.
566 801 650 879 Otr.
663 804 725 880 86.
739 803 799 878 87.
828 805 927 902 Agr.
935 803 996 876 49.
1004 785 1064 876 50.
1097 797 1186 876 Tac.
1201 803 1262 878 34.
1280 803 1343 876 35.

40 1010 44 1022 .
244 919 454 1018 Agricolae
480 925 724 996 decernuntur
755 923 994 1020 triumphalia
1027 931 1259 1014 ornamenta3
1304 923 1366 992 sed

109 1107 112 1114 ¹
146 1020 273 1093 crebro
306 1023 436 1094 absens
469 1036 505 1097 et
538 1035 726 1096 accusatur
759 1034 796 1096 et
830 1022 1043 1096 absolvitur.
1095 1023 1206 1096 Multi
1232 1025 1367 1092 exerci-

146 1131 204 1194 tus
229 1123 335 1194 Rom.
362 1124 401 1194 in
427 1123 577 1215 Moesia,
602 1125 726 1214 Dacia,
754 1123 951 1196 Germania
977 1135 1014 1196 et
1038 1123 1226 1195 Pannonia
1260 1123 1366 1192 amit

100 1219 106 1230 “
146 1233 273 1294 tuntur
298 1225 501 1308 temeritate
526 1235 589 1296 aut
621 1225 766 1320 ignavia
790 1225 906 1322 Appii
931 1223 1073 1314 Sabini,
1107 1223 1218 1296 Corn.
1253 1222 1366 1293 Fusci

49 1313 52 1330 '
145 1319 376 1418 aliorumque
408 1324 558 1415 ducum,
598 1326 663 1420 qui
687 1323 870 1396 Decebalo
905 1326 1065 1420 impares
1097 1334 1192 1394 sunt.
1243 1322 1366 1416 Agri-

145 1419 229 1494 cota
255 1423 330 1494 dux
355 1425 518 1516 poscitur
543 1448 606 1495 ore
630 1423 743 1518 vulgi.
769 1423 857 1520 Agr.
873 1423 931 1500 41.
971 1425 1205 1496 Domitianus
1231 1424 1271 1494 in
1293 1423 1367 1493 Da-

145 1522 240 1592 ciam
266 1523 448 1616 profectus
474 1525 641 1596 subsistit
664 1520 705 1595 i'n
730 1524 881 1602 Moesia.
908 1524 982 1596 Dio
1003 1523 1064 1616 67,
1087 1523 1177 1620 6sq.
1204 1521 1316 1596 Oros.
1332 1523 1367 1608 7,

149 1621 204 1696 10.
240 1619 335 1694 Plin.
362 1647 446 1718 pan.
478 1623 533 1698 16.

329 1760 377 1830 A.
395 1755 442 1832 ll.
459 1755 595 1834 0.841.
624 1755 708 1834 cur.
721 1759 783 1836 88.
810 1758 911 1856 Agr.
924 1759 985 1834 51.
1019 1751 1109 1832 Tua.
1123 1755 1183 1832 36.

126 1894 128 1904 ·
248 1870 405 1952 Tacitus
443 1879 714 1975 quindecimvir
751 1880 861 1952 sacris
898 1877 1079 1952 faciundis
1128 1887 1165 1949 et
1207 1887 1364 1972 praetor.

78 1985 81 1993 “
143 1977 244 2052 Ludi
269 1978 478 2051 saeculares,
505 2005 539 2050 v.
566 1979 614 2051 H.
634 1979 666 2071 l,
696 1981 726 2052 l.
754 1978 800 2051 ad
825 1979 923 2052 Ann.
946 1979 1003 2068 ll,
1033 1978 1089 2050 11.
1114 1979 1231 2072 intpp.
1259 1976 1363 2048 Suet.

142 2079 253 2150 Dom.
280 2103 310 2149 c.
333 2077 366 2154 4.
424 2077 615 2152 Censorin.
648 2080 695 2151 de
727 2079 787 2150 die
820 2089 892 2150 nat
926 2103 955 2149 c.
983 2077 1038 2150 17.
1075 2086 1112 2148 et
1145 2076 1243 2148 Fasti
1279 2101 1365 2148 con-

20 2209 23 2214 ·
142 2176 292 2249 sulares.

284 2321 293 2340 ”
330 2315 379 2386 A.
399 2313 442 2390 U.
459 2310 496 2386 O.
510 2311 595 2387 842.
624 2309 712 2387 Otr.
726 2315 786 2392 89.
814 2313 913 2409 Agr.
928 2311 988 2386 52.
1019 2305 1110 2384 Tac.
1124 2308 1184 2385 37.

240 2433 444 2506 Domitiani
469 2427 653 2529 expeditio
678 2437 718 2505 in
743 2433 997 2518 Marcomanos
1023 2441 1060 2502 et
1086 2429 1246 2509 Quados.
1285 2430 1364 2500 Ma-

141 2532 343 2706 lilgfflcis
345 2543 401 2706 lp}
404 2687 412 2704 .
420 2533 636 2630 philosophi
659 2531 765 2607 Urbe
786 2533 897 2628 pulsi.
930 2531 1064 2603 Euseb.
1093 2527 1231 2602 Chron.
1258 2529 1307 2600 ad
1332 2553 1362 2597 a.

327 2791 375 2860 A.
395 2787 439 2864 U.
456 2782 493 2860 0.
508 2788 593 2864 843.
622 2782 708 2859 Otr.
722 2783 781 2860 90.
809 2788 909 2882 Agr.
922 2784 982 2859 53.
1018 2775 1055 2852 T
1052 2805 1109 2855 uc.
1123 2779 1185 2858 38.

106 2924 109 2932 ’
240 2904 440 3002 Agricola,
475 2908 594 2978 occiso
627 2905 764 2996 Civica,
805 2903 1106 3002 proconsulatum
1139 2901 1249 2972 Asiae
1289 2901 1365 2971 sibi

140 3006 306 3078 oblatum
332 3009 481 3102 respuit.
508 3008 595 3102 Agr.
612 3007 670 3082 42.
727 2999 885 3079 Tacitus
909 3005 1010 3078 Urbe
1036 3003 1133 3074 cedit
1165 3025 1239 3072 una
1273 3025 1364 3071 cunr

142 3129 253 3178 uxore
279 3117 315 3178 et
340 3131 407 3202 per
433 3109 715 3204 quadriennium
734 3109 846 3196 abest,
871 3106 1005 3177 nonin
1030 3101 1202 3194 exsilium
1216 3097 1363 3196 pulsus

35 3203 38 3215 ’
140 3209 243 3294 (uam
268 3207 355 3301 Agr.
371 3207 429 3282 44.
458 3208 556 3298 dicit,
584 3230 752 3280 socerum
778 3202 896 3279 sulcia
921 3199 1175 3300 affinitatibus
1210 3199 1363 3284 obiisse)

139 3331 257 3402 neque
284 3309 349 3378 otii
375 3307 561 3402 cupidine,
587 3309 651 3378 sed
676 3305 735 3378 vel
763 3307 881 3377 taedio
907 3315 1119 3399 temporum
1150 3299 1209 3370 vel
1236 3303 1364 3393 potius

138 3415 180 3477 ut
210 3431 277 3501 pro
309 3418 475 3502 praetore
506 3407 716 3502 provinciae
751 3405 863 3477 alicui
887 3411 1078 3499 praeesset.
1122 3425 1156 3472 v.
1184 3401 1272 3494 Agr.
1302 3399 1361 3474 45.

140 3507 217 3578 Pax
243 3512 330 3580 cuni
354 3507 463 3578 Dacis
490 3517 526 3578 et
550 3507 802 3580 Marcomanis
1333 3529 1335 3538 ⁴

266 3727 277 3750 .
314 3659 362 3732 A.
382 3655 428 3732 U.
445 3655 482 3732 0.
496 3657 583 3734 844.
611 3654 697 3731 cur.
713 3657 774 3731 91.
801 3659 902 3756 Agr.
913 3655 977 3731 54.
1014 3651 1103 3728 Tac.
1118 3653 1178 3728 39.
1250 3663 1254 3675 '

234 3781 440 3852 Domitiani
473 3779 696 3876 triumphus⁸
748 3777 800 3851 M.
826 3777 932 3876 Ulpii
958 3775 1108 3850 Traiani
1146 3770 1361 3844 consulatus

138 3889 174 3952 et
199 3879 375 3974 profectio
399 3879 440 3951 in
466 3879 716 3952 Germaniam.

326 4032 374 4106 A.
393 4031 439 4106 u.
457 4029 497 4106 c.
511 4032 597 4108 ors.
624 4029 711 4108 car.
725 4033 785 4109 92.
811 4003 909 4130 Ag‘r.
922 4031 984 4106 aa.
1016 4024 1106 4105 rac.
1119 4029 1180 4104 ro.
1219 4061 1224 4070 ‚

233 4152 395 4225 ,Pacorus
409 4154 458 4226 ΙΙ.
488 4153 708 4225 Parthorum
739 4177 812 4225 rex.
839 4153 1075 4228 Domitianus
1100 4148 1198 4221 lilios
1222 4149 1359 4218 sororis

137 4251 355 4326 erudiendos
381 4253 492 4326 tradit
517 4253 757 4335 Quintiliano.
1136 4281 1141 4294 ·
