2774 4784
206 214 267 278 nn
287 213 404 278 nnrn
426 212 660 280 onnronn.
704 213 732 300 a.
754 213 988 281 xv1-x1x.
1092 215 1209 272 omn

83 385 122 480 ἓ.
147 383 294 457 less.
334 381 513 459 Suetonio
538 383 704 480 dialogus
732 393 858 456 noster
882 385 1083 480 assignatus
1107 396 1208 458 esta

18 483 189 574 nonnullis,
224 507 317 579 quos
347 484 550 556 refutarunt
575 482 773 556 Schulzius
805 493 842 557 et
867 476 1041 557 Cromius
1067 485 1127 556 his
1153 511 1207 558 ar-

16 585 173 676 gumentis
197 583 274 654 usi:
308 608 330 654 a
355 582 535 656 Suetonio
559 581 675 656 libros
700 583 852 680 quidem
878 586 1033 679 scriptos
1057 609 1136 656 esse
1161 586 1209 658 de
1277 579 1279 584 ’

17 684 92 756 claris
119 683 330 756 rhetoribus
355 693 393 756 et
417 685 676 779 grammaticis,
702 708 777 756 non
801 707 890 756 vero
916 683 1032 756 alium
1057 685 1104 758 de
1129 707 1208 758 ora-

16 787 129 856 toribus
154 784 315 879 antiquis
340 793 376 854 et
400 785 677 874 recentioribus,
716 782 827 855 huius
853 785 954 855 enim
980 785 1208 856 mentionem

15 909 62 954 non
97 885 204 955 iniici
238 881 411 974 aSuida,
451 885 517 978 qui
552 908 681 956 omnes
715 885 794 955 eius
826 881 943 956 libros
968 882 1207 976 recensuerit,

16 986 147 1056 eundem
173 983 397 1056 Suetonium
421 981 530 1078 longe
561 983 633 1055 alio
657 1008 769 1054 usum
800 1007 880 1055 esse
905 983 1052 1056 dicendi
1077 1008 1208 1078 genere
1279 1054 1282 1060 .

16 1095 36 1154 et
60 1095 159 1156 sexto
195 1083 363 1156 Flaviani
401 1081 552 1179 imperii
592 1107 688 1155 anno
724 1081 786 1174 (Ο.
816 1082 898 1172 17.)
933 1085 1208 1180 quinquennem

15 1185 97 1258 luisse
122 1183 183 1256 vel
208 1207 418 1256 sexennem.
444 1183 503 1258 cf.
531 1183 633 1258 Suet.
662 1183 746 1258 Ner.
773 1183 832 1258 57.
858 1227 910 1240 -
958 1184 1036 1257 Alii
1061 1183 1112 1256 Μ.
1137 1183 1209 1258 Va-

14 1284 119 1358 lenum
145 1283 355 1375 Messalam,
380 1284 471 1372 (non
496 1285 719 1382 Vipstanum
744 1283 955 1370 Messalam)
990 1284 1054 1356 alii
1079 1283 1209 1356 Curia-

15 1389 80 1458 nnn
107 1385 320 1460 Maternum
346 1385 564 1482 scriptorem
589 1383 725 1480 dialogi
749 1384 864 1457 senisse
890 1385 1132 1458 crediderunt.
1158 1427 1208 1438 -—

14 1487 69 1558 l'on
91 1499 218 1559 tamen
244 1485 393 1558 defuere
419 1485 484 1580 qui
506 1485 637 1582 Lipsio
663 1485 956 1579 suffragarentur,
990 1487 1094 1558 cuius
1119 1485 1209 1556 haec

14 1588 60 1658 luit
79 1587 281 1660 confessio:
326 1585 488 1681 Ambigo
514 1595 550 1658 et
583 1609 700 1684 quum
725 1585 843 1657 multa
868 1586 1037 1678 dixerim,
1076 1583 1207 1657 claudo

14 1699 107 1761 umen
133 1687 263 1762 omnia
287 1696 325 1758 et
349 1687 453 1780 signo
478 1685 550 1759 hoc
576 1709 767 1782 responso:
799 1677 887 1762 mitt
911 1709 983 1760 non
1008 1683 1157 1782 liquere.

54 1903 156 1992 III.
186 1903 385 2024 Dialoqc'
409 1905 584 1993 indoles
608 1911 850 2022 generatim
878 1911 1131 1994 examinata.

82 2059 116 2154 §-
143 2055 254 2132 xlx.
306 2055 435 2151 Longe
460 2057 610 2128 maioris
634 2059 817 2130 momenti
841 2069 897 2130 est
919 2059 1094 2155 quaestio,
1121 2080 1207 2154 qua-

13 2153 104 2230 lissit
128 2157 267 2252 dialogi
290 2155 445 2230 indoles.
496 2157 554 2228 De
587 2179 659 2252 qua
690 2157 961 2230 diversissimae
995 2167 1080 2228 sunt
1111 2159 1208 2227 viro-

12 2281 74 2326 sum
109 2259 305 2330 doctorum
340 2256 558 2346 sententiae,
606 2255 730 2352 quales
765 2282 844 2330 esse
860 2325 861 2328 ,
877 2257 1014 2349 solent,
1065 2257 1207 2352 quoties

12 2360 182 2448 quaeritur,
209 2359 301 2452 quid
328 2357 376 2427 sit
400 2354 601 2452 pulchrum
626 2368 663 2428 et
687 2357 873 2429 decorum.
926 2358 1207 2454 Iniquissimum

11 2467 35 2524 n
54 2459 145 2551 quod
169 2457 388 2554 longissime
420 2478 550 2527 avaro
576 2455 701 2527 abesse
738 2457 895 2547 videtur,
935 2481 982 2530 ne
1015 2457 1105 2554 quid
1131 2479 1207 2551 gra-

12 2557 73 2627 nus
103 2559 246 2648 dicam,
288 2568 344 2630 est
375 2553 611 2632 Klossmanni
651 2555 834 2630 iudicium
866 2551 936 2649 ²⁹),
987 2557 1137 2652 aequius
1172 2565 1209 2628 et

13 2731 56 2740 *—

64 2791 98 2860 ²')
115 2797 144 2850 ls
161 2797 196 2850 in
212 2795 299 2850 Prole
322 2795 379 2849 .in
397 2796 473 2854 Dial.
493 2796 529 2850 de
548 2795 710 2850 oratoribus
729 2795 817 2852 claris
831 2797 949 2854 Vratisl.
968 2801 1047 2856 rste.
1074 2801 1102 2854 l·
1138 2795 1209 2850 liaeo

10 2863 147 2935 &putavit
166 2887 199 2954 p.
217 2871 244 2925 3.
263 2813 336 2924 tq).
357 2871 399 2925 la.
446 2867 582 2922 somnino
610 2876 707 2922 tantas
731 2869 980 2925 cimumfemmtur
1003 2870 1075 2924 libri
1098 2868 1207 2933 laudes,

12 2951 57 2988 ean
79 2939 177 2993 indicis
201 2940 401 2994 maturitatem
425 2940 539 2993 auctori
565 2938 701 2994 videmus
719 2941 852 3008 attribui,
878 2951 988 2996 tantam
1012 2943 1038 2995 ai
1064 2939 1208 3016 assignari

11 3011 172 3089 gravitatem,
191 3012 346 3088 ingenium
363 3019 394 3065 et
411 3009 647 3087 intelligentiam,
671 3011 762 3066 talem
781 3013 842 3066 eius
859 3014 978 3084 probari
997 3012 1208 3065 iucunditatem

12 3095 33 3128 n
47 3082 188 3136 assitendo
207 3091 237 3136 et
255 3083 396 3136 orationis
413 3083 525 3146 florem,
552 3082 665 3152 copiam
690 3091 720 3138 et
738 3085 922 3149 varietatem,
950 3083 1065 3154 qualem
1089 3083 1208 3136 manino

12 3153 106 3204 actori
121 3153 251 3208 melioris
268 3159 355 3209 notae
373 3153 439 3206 iure
457 3154 672 3208 existimaveris
690 3157 851 3226 propriam.
887 3157 964 3208 ilino
981 3155 1043 3208 riri
1060 3153 1139 3208 docti
1157 3171 1208 3206 an·

11 3222 136 3289 tiquitatis
159 3225 336 3280 desiderium
361 3233 391 3279 et
415 3225 554 3290 studium,
579 3224 685 3280 saeculi
704 3225 834 3280 acerbam
852 3227 1098 3298 vituperationem
1118 3231 1148 3279 et
1163 3225 1209 3277 fe·

12 3295 114 3350 ratium
129 3305 213 3368 atque
231 3313 374 3351 summam
392 3297 483 3362 illam,
509 3313 596 3366 quam
613 3295 711 3352 Taciti
736 3305 877 3366 statuunt,
900 3298 1133 3375 indignationem
1158 3303 1209 3350 aut

12 3368 112 3421 annino
127 3367 254 3423 hominis
271 3369 477 3440 sapientissimi
501 3377 551 3422 aut
570 3368 700 3424 eiusdem
724 3387 785 3424 essa
803 3371 895 3426 animi
921 3370 1020 3447 magni
1043 3377 1073 3424 et
1096 3367 1209 3444 ingenii

11 3441 81 3491 natu
106 3441 279 3507 existimem,
307 3441 436 3494 nitorem
458 3457 529 3495 varo
557 3449 587 3494 et
612 3439 725 3496 colores
753 3443 894 3497 orationis
920 3450 1070 3496 senectute
1094 3440 1209 3494 adnnota

13 3507 101 3564 atiiase
118 3511 147 3564 in
163 3513 310 3566 mucisum
329 3521 358 3566 et
376 3529 521 3576 merum,
541 3514 693 3566 sententiis
710 3529 845 3584 pressum
865 3521 895 3570 et
913 3513 1023 3590 grande
1041 3513 1138 3566 verbis
1156 3512 1210 3564 Hi·

13 3582 149 3636 sseriarunn
171 3592 200 3638 et
224 3585 383 3638 Annalium
404 3583 520 3638 dicendi
543 3601 643 3660 genus.
680 3581 736 3638 Sed
761 3585 855 3640 muita
880 3603 947 3640 sane
970 3603 1020 3639 me
1044 3582 1208 3649 offendunt,

14 3667 68 3716 roae
82 3663 142 3706 non
158 3655 249 3710 solum
266 3675 285 3710 a
300 3655 406 3735 grandi
420 3653 515 3710 Taciti
533 3656 653 3733 ingenio
671 3655 758 3726 plane
777 3657 872 3712 aliene
890 3665 920 3712 et
938 3657 1080 3728 sapientia
1097 3663 1128 3710 et
1145 3663 1209 3710 arte

16 3723 118 3808 ῡᾶξςυ
133 3729 272 3794 existimo,
290 3727 340 3783 sed
357 3727 513 3782 mediocris
532 3735 645 3782 mutum
657 3725 785 3782 hominis
804 3747 875 3794 esse,
899 3729 1068 3799 antiquarii,
1097 3725 1209 3780 schola·

15 3793 66 3848 atina
88 3805 120 3850 et
138 3797 273 3866 rhetoris,
296 3807 520 3872 praeceptorum
542 3808 677 3854 veterum
695 3801 809 3870 copiam
827 3801 1012 3926 recoquentis
1034 3807 1064 3854 et
1081 3797 1209 3853 rhetori·

16 3879 62 3916 am
78 3867 156 3922 uoltis
171 3872 319 3928 officinam
336 3871 496 3944 aperientis
512 3872 545 3924 in
564 3871 744 3943 explicandis
761 3880 889 3928 mutatae
920 3889 1025 3928 ecuesu
1042 3879 1209 3942 temporum

17 3937 173 4008 &terentiae
189 3945 353 3998 momentis.
389 3943 489 3998 Partes
513 3943 592 3997 euim
616 3945 783 4020 argumenti
807 3959 867 3998 non
891 3953 959 3998 sunt
983 3945 1061 3998 inter
1079 3961 1108 3997 so
1126 3950 1209 4014 aptae

17 4020 37 4058 tt
50 4027 199 4081 muneram
215 4031 395 4081 nonomen,
414 4015 513 4068 nervis
528 4015 813 4092 argumentationum
827 4025 856 4070 et
870 4016 1077 4070 sententiarum
1089 4015 1208 4078 vinctis,

19 4080 143 4137 sianum
159 4095 187 4140 et
202 4095 367 4142 secuntum
386 4087 554 4157 conspirare
572 4085 710 4141 ridentur
727 4087 983 4142 dernonstrationis
1007 4088 1130 4150 exitum,
1158 4103 1209 4140 ne-

19 4167 59 4211 t!
81 4157 144 4208 vim
162 4167 190 4212 et
211 4161 384 4237 gravitatem
408 4165 646 4236 argumentorum
665 4158 822 4228 explanare
840 4169 903 4216 arte
921 4159 1130 4226 collocationis,
1160 4159 1210 4212 sed
1248 4200 1252 4208 .

19 4225 149 4296 duplae,
169 4237 273 4287 umere
290 4239 433 4304 arreptae,
458 4231 574 4306 longius
597 4232 741 4302 repetitae
765 4239 795 4285 et
812 4237 923 4286 tractas
941 4229 1096 4285 eonsilium
1115 4229 1209 4300 expli-

19 4298 118 4350 unione
142 4300 292 4372 implicare,
317 4303 445 4368 turbere,
468 4300 626 4358 occultare.
662 4301 737 4358 Nam
755 4305 867 4358 mirum
892 4309 945 4369 est,
970 4311 1122 4357 auctorem
1146 4303 1209 4374 ipsa
