2774 4784
201 203 440 286 urrunnun
466 152 630 268 736777.
672 205 701 287 o.
725 201 803 266 vn.
826 202 918 268 vru.
1085 201 1184 260 mv

101 337 110 366 Ι

105 379 131 470 5.
151 377 239 450 Vlll.
280 375 390 456 Quod
422 373 469 446 ad
502 375 663 469 primam
694 373 868 446 historiae
898 371 1019 468 legem
1044 377 1184 466 attinet,

40 501 70 548 ne
97 477 164 572 quid
188 473 263 547 falsi
295 477 416 549 dicere
439 475 570 548 audeat
594 485 631 546 et
653 498 701 545 ne
726 474 816 570 quid
840 475 918 544 veri
941 479 1017 546 non
1041 477 1184 566 audeat,
1228 535 1235 553 .

40 577 109 670 (quae
122 587 196 648 sunt
215 577 325 648 verba
350 574 427 648 Cic.
455 576 500 647 de
525 598 578 646 or.
604 573 732 664 215.)
758 574 907 646 Tacitus
932 575 1193 670 incorruptam

37 674 110 746 fidem
136 687 165 748 et
190 677 370 770 professus
404 686 461 746 est
484 671 533 745 H.
564 674 596 764 l,
626 674 657 746 l.
684 684 721 745 et
745 674 798 745 ita
821 675 1012 768 praestitit,
1049 685 1092 746 ut
1115 675 1194 747 bac·
1257 684 1258 694 ’

38 799 134 868 quoque
161 777 197 846 in
220 799 258 846 re
275 775 422 847 'cunctis
446 774 620 846 historiae
644 773 831 846 Romanae
856 773 1095 868 scriptoribus
1121 799 1184 846 an-

37 873 170 946 tecederet.
214 876 354 946 Verum
388 875 490 945 euim
521 875 641 946 dicere
660 897 749 945 non
780 883 925 944 tautum
957 872 1074 946 voluit
1104 876 1185 946 sine

36 974 241 1064 iudicetira,
276 977 355 1045 sine
385 997 511 1046 amore
536 983 573 1044 et
598 974 696 1063 odio,
735 972 847 1060 (Anu.
878 971 910 1062 l,
939 973 969 1046 l.
995 971 1048 1044 H..
1075 973 1106 1064 l,
1136 973 1185 1058 l.)
1254 999 1257 1006 ¹

34 1073 72 1142 scd
89 1074 177 1144 etiarn
198 1075 334 1167 potuit:
361 1097 449 1144 nam
473 1072 562 1144 libri
587 1075 675 1146 eius
691 1075 732 1143 in
757 1071 881 1143 lucem
905 1072 1077 1167 prodiere
1101 1073 1184 1144 bea-

34 1171 127 1242 tisino
149 1172 294 1264 merulo,
333 1197 406 1267 quo
438 1174 573 1244 sentire
598 1197 691 1267 quae
716 1171 829 1242 vellet
854 1181 891 1242 et
916 1195 1008 1268 quae
1034 1174 1185 1244 sentiret

32 1269 109 1342 dicere
135 1268 267 1362 licebat,
306 1273 369 1360 (H.
400 1271 432 1362 1,
462 1273 492 1346 l.
519 1273 606 1366 Agr.
634 1270 668 1345 3.
696 1269 771 1358 44.)
807 1280 844 1342 et
876 1269 983 1366 longe
1008 1269 1183 1367 plurima,

32 1391 88 1460 que
110 1372 143 1440 in
169 1371 370 1443 Annalibus
402 1381 447 1442 et·
462 1371 639 1443 Historiis
670 1371 831 1461 tradidit,
874 1370 934 1446 vel
964 1371 1012 1442 iis
1050 1373 1186 1467 quibus

30 1469 86 1538 u'rit
114 1473 326 1565 temporibus
365 1469 425 1542 vel
464 1471 575 1565 paulo
610 1481 692 1542 ante
725 1479 825 1563 gesta
850 1480 936 1542 sunt
959 1479 1002 1542 et
1022 1481 1186 1566 spectant

31 1567 57 1634 td
73 1569 313 1663 Imperatorum
338 1569 613 1665 illustriumque
636 1568 738 1641 illius
763 1571 843 1640 aevi
860 1569 1059 1641 hominum
1079 1571 1191 1642 lami-¹

29 1661 76 1755 lu,
109 1671 279 1766 coniuges,
318 1669 467 1760 liberos,
504 1671 630 1759 vitam,
668 1667 871 1762 ingenium,
908 1673 1043 1759 mores,
1081 1669 1183 1742 lacta,

29 1763 81 1835 Hoc
98 1769 216 1841 accedit
240 1771 340 1865 quod
366 1771 446 1864 ipso
472 1769 543 1840 fuit
565 1771 622 1840 vir
636 1767 897 1840 celeberrimus
922 1779 959 1840 et
983 1777 1064 1840 tum
1086 1775 1186 1841 sum-
1317 1801 1331 1834 x

28 1865 70 1934 ris
88 1865 270 1940 honoribus
297 1869 644 1963 magistratibusque
669 1867 826 1959 sunaus,
861 1878 943 1940 tum
972 1866 1102 1940 multis
1134 1868 1185 1940 la-

27 1962 164 2038 niliuiter
191 1993 282 2040 usus
316 1979 382 2040 est.
433 1967 533 2040 Hinc
565 1966 671 2038 facile
702 1991 795 2062 quae
828 1966 953 2038 retulit
983 1991 1186 2064 eorumque

25 2085 106 2134 reram
126 2069 313 2156 rationem,
339 2069 520 2158 ordinem,
553 2091 703 2157 nexum,
738 2089 863 2138 causas
888 2077 925 2138 et
948 2065 1187 2140 evenus-vet

25 2159 143 2258 dipsis
171 2189 298 2238 rerum
331 2166 542 2238 auctoribus
572 2167 783 2260 horumque
817 2165 945 2238 amicis
971 2176 1008 2238 et
1031 2169 1186 2262 posteris

1301 2281 1307 2290 ·

84 2465 133 2535 Ad
155 2463 293 2557 fonto-r,
332 2417 519 2560 equibus,
537 2389 686 2536 Tacitrrlrb
717 2389 890 2560 pllebaque
914 2465 955 2538 iu
979 2463 1187 2538 Annalibus

23 2559 202 2636 dllistoriis
226 2565 395 2660 expositi
418 2563 550 2652 hausit,
577 2563 679 2652 (nam
705 2565 751 2635 de
777 2565 983 2636 auctoribus
1009 2566 1057 2637 ad
1081 2565 1203 2638 libel--

23 2653 69 2728 lun
99 2664 138 2734 de
171 2663 373 2736 Germania
406 2662 546 2734 collatis
577 2688 611 2734 v.
645 2687 755 2758 supra
787 2687 823 2757 p.
858 2663 1000 2737 XXIV.
1045 2675 1081 2738 et
1113 2665 1189 2738 vita

23 2755 160 2850 Agricolae
192 2787 326 2859 resque
360 2763 406 2834 ab
439 2785 483 2834 eo
507 2773 627 2855 gestae
651 2787 727 2835 non
752 2760 864 2834 latere
888 2774 1056 2858 poterant
1081 2790 1187 2860 gene-

23 2877 80 2946 nm,
110 2863 167 2956 qui
191 2874 337 2957 praeter
361 2886 529 2934 socerum
554 2863 665 2934 etiam
689 2859 829 2934 multos
854 2887 980 2934 rerum
1004 2863 1187 2936 Britanni-

23 2962 315 3056 transcriptores
343 2959 536 3052 consuluit,
576 2962 622 3033 de
655 2963 790 3057 quibus
815 2986 849 3032 v.
877 2985 953 3057 cap.
984 2962 1056 3048 10.)
1096 2964 1187 3036 refe·

23 3059 90 3128 enda
116 3071 196 3132 sunt
225 3073 319 3134 octo
350 3074 503 3136 emotus
534 3060 593 3134 vel
627 3059 787 3134 Parrum
813 3061 891 3132 sive
923 3065 1189 3138 commentarii

23 3170 122 3230 tortus
144 3171 180 3232 et
203 3175 297 3234 acto
321 3158 466 3234 urbano
489 3151 548 3232 vel
570 3157 726 3262 publico
749 3161 808 3234 vel
829 3157 943 3234 Urbis
965 3161 1027 3235 vel
1052 3159 1208 3238 diurno
1287 3181 1295 3194 “

23 3255 107 3437 llll
135 3257 651 3452 {limisi'rddioqulbmbav'
672 3261 731 3431 bd
748 3259 796 3434 33i
817 3259 1101 3458 3'011'05211241'1233
1127 3263 1185 3434 A}

107 3415 114 3428 ·
184 3413 197 3451 7
278 3413 287 3429 ·
451 3413 459 3431 ·
535 3411 547 3451 r
623 3413 631 3430 ·
711 3413 719 3429 ·
798 3415 806 3431 ·
1128 3437 1130 3442 ,
1172 3407 1187 3422 ·

23 3466 95 3560 erpo
115 3470 197 3531 nint
222 3470 305 3532 acta
329 3459 427 3555 apud
453 3459 590 3549 Patres,
623 3481 783 3554 quorum
808 3463 951 3533 mentio
975 3460 1020 3533 fit
1043 3462 1084 3534 in
1108 3461 1187 3557 ple·

23 3571 94 3646 uque
114 3559 319 3630 Annalium
353 3569 390 3631 et
413 3559 661 3632 Historiarum
686 3557 881 3653 capitibus)
921 3563 1188 3641 commentarii

23 3651 214 3761 decipulae,
250 3658 303 3730 H.
329 3658 365 3748 4,
391 3655 451 3733 40.
503 3653 659 3732 Claudii
692 3655 749 3749 13,
775 3656 833 3732 43.
873 3668 909 3732 et
938 3661 1188 3836 Agrippinae

23 3745 91 3828 lli.
124 3757 222 3852 [acri
246 3756 287 3848 3,
317 3758 372 3830 17.
409 3755 464 3831 18.
503 3757 552 3830 Η.
578 3757 614 3846 4,
640 3757 698 3831 40.
737 3755 892 3832 annates
917 3757 954 3850 3,
978 3759 1037 3837 65.
1088 3759 1186 3852 ,32.

23 3843 47 3962 tt
63 3853 110 3930 67.
143 3857 200 3950 13,
227 3857 293 3934 31.
332 3852 457 3930 6776.
490 3855 619 3931 macr·
672 3877 711 3926 m
747 3856 779 3946 1,
805 3857 838 3932 7.
865 3859 900 3934 s.
936 3857 972 3950 3,
998 3861 1032 3935 6.
1066 3861 1100 3950 4,
1126 3861 1185 3935 67.

23 3955 71 4068 pa.
95 3959 145 4048 11,
173 3957 231 4034 13.
266 3955 327 4048 74,
352 3953 412 4032 36.
438 3955 496 4032 46.
524 3954 583 4030 63.
651 3955 722 4046 ,3,
748 3954 807 4030 73.
835 3957 870 4046 4,
896 3959 954 4034 43.
983 3961 1041 4037 43.
1083 3959 1187 4059 aare

23 4055 1184 4236 63Ψξ3363ἐ136έ733637744ἆ56.6.3.63ἐ7.1ἕωί61777ῗ34,1ἔ.

23 4237 46 4315 t.
74 4253 118 4344 u
141 4213 199 4334 5'1.
227 4209 295 4334 ia.
323 4209 384 4330 33.
411 4209 469 4330 66.
511 4207 832 4346 ὶ3,’33.·’.47.’47ῗ
857 4211 925 4332 to?
946 4215 1021 4418 p}
1042 4213 1099 4334 4ιῖ
1128 4215 1185 4334 o]
