2774 4784
237 179 687 244 namurcensem
732 183 759 266 a.
783 181 874 247 xxr.
1060 182 1171 238 mn

18 349 155 420 nicitim
172 362 204 424 et
234 351 442 423 assiduitate
476 351 709 422 contubernii
741 351 1062 424 coniunctissimus
1100 355 1171 430 tuit

18 449 96 520 saleio
114 449 214 522 Basso
236 461 363 546 poetae
387 449 663 523 absolutissimo
693 453 787 546 (cap.
814 451 865 538 5.)
892 461 928 524 et
953 451 1040 525 Iulii
1066 455 1169 527 Asia-

17 551 53 618 tid
70 551 161 620 vitam
181 551 432 646 componendo
458 574 564 646 spem
589 549 805 622 hominihus
839 552 972 624 iecerat
1004 553 1168 649 plurium

17 649 143 720 eiusmodi
165 649 347 722 librorum.
376 652 467 746 (cap.
499 649 574 736 14.)
1084 711 1102 752 ,
1140 727 1145 738 ,

76 749 197 822 Tertius
220 760 274 824 eat
299 747 497 826 Curiatius
521 748 732 842 Maternus,
759 749 874 822 homo
900 753 1038 846 probus
1063 765 1180 850 atque·

17 847 40 916 sd
63 847 275 944 eloquentiam
313 849 462 922 virilem
494 860 531 922 et
555 851 751 922 oratoriam
776 862 883 924 natus
921 851 1015 948 (cap.
1043 853 1080 928 5.
1110 848 1175 928 13.

17 959 36 1016 u
50 947 103 1032 23.)
124 949 330 1022 liberalioris
354 951 619 1046 vividiorisque
643 950 794 1044 ingenii,
821 976 865 1022 ex
886 962 1026 1024 oratore
1052 966 1169 1048 poeta,

18 1049 51 1139 qd
74 1048 212 1120 doctrina
244 1075 318 1122 non
353 1051 479 1122 minus
513 1073 625 1145 quam
665 1051 814 1144 ingenio
854 1051 1103 1146 praepollebat
1135 1065 1170 1126 et

18 1149 106 1218 menis
126 1173 243 1222 umas
265 1175 340 1222 non
368 1151 449 1222 aine
473 1149 582 1222 laude
596 1161 738 1246 egerat,
767 1150 832 1222 sed
857 1151 990 1222 deinde
1016 1153 1170 1226 forensis

17 1246 145 1320 notatae
165 1261 349 1344 pertaesus
387 1273 497 1321 omne
533 1250 652 1322 otium
677 1250 915 1344 studiumque
949 1275 1026 1324 non
1057 1255 1171 1326 invita

17 1345 121 1418 ttinerra
142 1350 376 1422 consumebat
399 1351 441 1422 in
465 1351 609 1446 poetica
632 1359 707 1422 arte
733 1351 932 1422 exercenda
958 1361 994 1422 et
1012 1355 1170 1424 scriben-

17 1445 45 1513 tis
61 1449 269 1539 potissimm
306 1449 512 1544 trmoediis,
565 1449 754 1544 (Thyeste,
786 1451 926 1540 Medea,
965 1448 1104 1524 Catone
1136 1464 1172 1526 et

17 1543 135 1635 hemido)
158 1573 313 1646 quarum
337 1560 550 1644 argumenta
574 1575 619 1622 ex
645 1549 869 1622 Graecorum
899 1551 1041 1646 mythis
1067 1564 1103 1626 et
1126 1578 1170 1625 ex

17 1639 110 1718 huda
130 1648 290 1722 Romana
314 1650 591 1746 deprompserat
621 1659 657 1721 et
691 1652 733 1720 in
764 1651 899 1744 quihus
930 1652 1170 1726 adumbrava

17 1755 43 1810 at
66 1771 163 1820 nores
195 1761 234 1822 et
265 1749 358 1822 facta
381 1751 640 1846 improborum
671 1749 870 1822 hominum
895 1761 932 1822 et
955 1753 1171 1848 impotentis

17 1841 207 1921 dominationis
256 1850 488 1946 cupidorum.
557 1849 656 1922 Hinc
699 1851 910 1922 recitatione
958 1875 1084 1924 eemm
1134 1864 1170 1926 et

17 1947 144 2039 preripere
166 1948 317 2022 Catonis
342 1949 543 2022 offenderat
568 1949 719 2043 quidem
742 1951 885 2020 animos
903 1947 1057 2024 Neronis
1081 1951 1170 2024 alio-

17 2063 111 2138 unque
139 2050 344 2142 potentium
384 2059 421 2122 et
453 2049 677 2142 aulicorum,
712 2051 777 2145 qui
810 2073 849 2121 se
891 2049 1039 2147 oblique
1071 2055 1170 2148 carpi

17 2145 245 2235 saepiebantur:
273 2149 339 2220 sed
362 2149 572 2222 innocentia
596 2173 662 2220 sua
686 2148 800 2222 fretus
826 2159 861 2222 et
886 2152 1023 2244 patriae
1047 2174 1170 2224 aman-

17 2241 119 2316 tiaimus
147 2247 244 2322 nihil
277 2250 427 2320 curabat
449 2248 697 2344 malignorum
730 2249 866 2322 iudicia
891 2261 927 2322 et
952 2251 1170 2324 admonitio·

17 2361 61 2410 an
78 2344 223 2422 &cunm
247 2347 295 2420 de
320 2347 484 2444 periculo
510 2356 704 2448 πωῤῥησίας
728 2349 886 2421 vitando.
927 2349 1019 2447 (cap.
1046 2349 1082 2424 3.
1114 2353 1168 2425 lt.

17 2440 94 2529 ιΗ3.)
136 2447 308 2522 Eundem
341 2449 478 2520 mentis
511 2447 664 2521 liberius
695 2449 884 2520 sentientis
914 2473 1051 2545 poenas
1093 2461 1170 2524 tan·

17 2537 60 2610 hn
84 2550 185 2642 capite
220 2545 333 2619 luisse
366 2547 551 2643 coRigitur
583 2573 631 2620 ex
660 2549 741 2622 loco
775 2547 908 2620 Dionis
933 2547 994 2640 67,
1032 2549 1088 2624 12.
1124 2551 1170 2623 de

17 2635 175 2720 Dmediano:
200 2655 383 2750 Mdvepaeu
404 2658 442 2727 dd
464 2659 640 2749 σοφιστὴν,
672 2657 726 2728 ὅτι
748 2658 834 2726 κατὰ
856 2657 1025 2751 τυράννων
1045 2653 1119 2730 sind
1137 2687 1169 2729 τι

17 2739 90 2836 ieros,
114 2751 296 2826 ἀπέκτεινε.
351 2749 427 2822 Sed
463 2749 553 2822 haec
585 2751 696 2822 verba
737 2750 783 2822 ad
821 2748 1007 2824 rhetorem
1045 2755 1170 2846 potius

17 2838 118 2918 tatem
147 2850 311 2920 nondnis
344 2848 528 2946 huiusque
560 2847 864 2922 declamationem
895 2851 1094 2939 referenda,
1135 2863 1171 2924 et

17 2957 95 3047 hoen
123 2972 315 3045 moresque
350 2943 670 3052 nostri-Materni,
704 2959 747 3022 ut
780 2961 817 3020 et
840 2951 946 3046 Apri,
983 2951 1067 3023 ficta
1091 2975 1171 3024 esse

17 3039 132 3116 centn.
169 3046 227 3120 Cf.
254 3049 289 3143 g.
317 3047 421 3122 XIV.

67 3143 208 3226 Quernas
240 3159 296 3220 est
339 3147 551 3252 Vipstanus
590 3147 777 3240 Messala,
824 3151 914 3240 (non
962 3149 1170 3254 Vipsanius

17 3229 147 3338 hocta,
171 3247 219 3319 de
244 3271 317 3343 quo
342 3273 375 3318 v.
401 3249 449 3320 ad
473 3250 570 3320 Ano.
596 3250 634 3340 2,
659 3248 720 3340 32,
750 3249 1171 3344 1.at11,23,*1.)vir

17 3343 117 3434 nepos
146 3359 183 3420 et
216 3346 321 3418 claris
354 3349 570 3440 maioribus,
604 3351 653 3436 (v.
682 3351 767 3423 Tac.
792 3349 844 3424 H.
870 3349 906 3441 3,
931 3349 982 3437 9.)
1018 3351 1170 3426 fortasse

17 3431 66 3510 hies
85 3443 121 3515 C.
147 3448 317 3542 Vipstani
342 3471 415 3520 cos.
441 3472 471 3520 a.
499 3448 544 3522 U.
572 3473 601 3520 c.
628 3448 713 3524 812.
740 3450 854 3537 (Ann.
887 3449 942 3542 14,
971 3449 1018 3538 l.)
1049 3463 1170 3524 orator
1242 3489 1245 3499 ·

17 3531 220 3638 tisberrimua,
246 3571 412 3634 summae
438 3549 654 3622 eruditionis
680 3559 717 3622 et
739 3551 878 3645 ingenii
907 3553 1169 3644 praestantissi-

17 3637 52 3744 ’ἧς
67 3645 107 3728 (v.
130 3669 205 3742 cap.
235 3648 266 3720 1.
297 3647 352 3721 16.
378 3645 455 3734 23.)
489 3649 589 3722 unde
622 3649 761 3744 primes
796 3653 836 3722 in
874 3649 1032 3746 dialogo¹
1051 3663 1169 3746 partes

17 3745 129 3839 hiup.
158 3744 335 3822 14-35.
386 3747 460 3818 Hic
484 3773 516 3822 a.
544 3747 592 3822 U.
620 3771 649 3820 c.
677 3747 761 3824 822.
788 3773 826 3845 p.
853 3747 941 3822 Chr.
969 3749 1028 3826 69.
1055 3753 1169 3824 tribu-

18 3846 215 3934 spretui
250 3846 387 3942 legioni
426 3849 604 3944 septimae
645 3845 869 3922 Claudianae
909 3862 945 3923 et
977 3851 1169 3947 Aponium

19 3937 206 4037 honum,
227 3945 393 4042 legatum
419 3949 498 4019 eius
525 3959 563 4020 et
585 3971 705 4020 unum
730 3973 776 4020 ex
800 3949 1057 4026 Flavianarum
1088 3975 1171 4046 par-

19 4044 66 4105 am
94 4042 258 4136 ducibus,
298 4048 434 4142 eripuit
464 4047 670 4140 militibus,
703 4049 811 4121 aolus
835 4073 923 4122 varo
957 4051 1003 4122 ad
1029 4051 1170 4122 bellum

19 4140 66 4204 Q
83 4140 262 4218 Vitellium
288 4157 325 4218 et
349 4148 620 4243 Vespasianum
645 4150 691 4221 de
715 4150 874 4246 imperio
906 4161 1051 4245 gestum
1076 4161 1169 4221 artes

19 4222 80 4303 Μ
113 4245 234 4320 attuht.
270 4247 371 4334 (Tac.
407 4245 457 4322 H.
485 4245 520 4341 3,
546 4249 581 4330 9·
612 4249 667 4324 ll.
706 4249 781 4336 18.)
838 4250 945 4324 Idem
977 4249 1169 4322 historiam
