2890 4790
220 186 365 264 CAPUT
385 185 533 252 LXV—-
545 189 688 256 LXVII.
719 191 773 269 (Δ.
787 188 826 254 U.
839 190 911 258 786.
934 192 973 256 A.
990 189 1026 256 C.
1041 193 1109 274 27.)
1212 195 1274 260 442

122 356 150 410 2.
169 353 239 408 rade
260 357 370 410 licem
387 356 473 410 uicum
491 373 507 410 e
524 357 654 410 vocobuio
671 358 833 412 aduenarum
851 357 960 425 dictum,
984 355 1156 425 Tuscorum,
1183 357 1274 414 Etru-

51 441 178 480 scorum.
199 425 245 480 Cf.
264 425 302 481 ad
320 427 357 482 G·
377 429 404 484 2.
423 447 454 480 u.
474 428 498 483 7.
536 427 634 484 Aliter
652 429 747 484 visum
757 429 842 482 livio
861 431 887 496 2,
907 431 950 486 14.
970 437 1000 484 et
1016 431 1109 486 Varro
1127 429 1148 484 l.
1159 430 1182 484 1.
1201 433 1273 486 item

50 497 161 552 leviter
178 496 329 566 dissentit,
349 498 424 566 Lipe.
462 499 636 571 [sequuntur
653 495 750 556 tarmen
769 510 799 555 et
818 499 850 554 hi
870 501 905 556 de
923 501 1057 554 Etmscie
1082 503 1178 574 specie
1205 521 1273 574 snp-

49 569 165 692 plicum
183 567 304 622 Romam
323 569 446 638 delatis,
472 571 576 627 Woltb.
597 572 642 628 of.
664 571 732 628 Chr.
746 571 852 626 Miiller
866 572 901 627 de
913 575 979 627 forn
992 572 1073 626 Rom.
1085 590 1114 644 p.
1126 575 1169 630 84.
1183 574 1273 629 Heiu-

71 642 128 696 orf.
142 639 178 694 ad
188 639 259 694 Hor.
273 639 331 698 Sat.
349 645 377 710 2,
389 645 417 708 3,
432 645 494 702 228.
514 643 613 698 Odoir.
629 644 759 698 mettere
769 643 817 697 die
827 643 972 698 Etruaker
985 643 1018 698 t.
1035 644 1057 696 l.
1076 663 1106 716 p.
1120 647 1179 701 116.

137 836 203 902 Sed
233 847 273 902 ut
308 835 418 902 studia
456 859 636 922 procerum
673 849 707 904 et
737 843 874 930 largitio
901 840 1067 925 Principis
1095 839 1274 906 adversum

50 941 148 986 casus
169 923 325 986 solatium
348 923 508 1002 tulerant,
535 925 584 986 ite
605 933 836 987 accusatorum
858 926 966 987 maior
987 926 1022 986 in
1044 923 1115 987 dies
1137 935 1170 990 et
1190 927 1275 988 iufe-

51 1008 141 1068 stior
168 1008 221 1068 vis
250 1007 321 1068 sine
349 1007 534 1070 levamento
568 1007 800 1094 grassabaturt
840 1010 1115 1092 corripueratque
1143 1009 1275 1072 Varum

51 1090 254 1154 Quintilium
291 1087 432 1152 divitem
472 1097 506 1152 et
538 1087 672 1153 Caesari
711 1093 937 1173 propinquum
975 1091 1143 1154 Domitius
1180 1092 1274 1170 Afer,

52 1171 214 1236 Claudiae
243 1171 406 1234 Pulchrae
438 1173 555 1236 matris
592 1175 664 1237 eius
697 1173 953 1248 condemnator,
997 1175 1091 1238 nullo
1119 1175 1275 1254 mirante,

52 1255 143 1338 quod
175 1255 233 1318 diu
261 1275 360 1340 egens
390 1262 425 1318 et
456 1265 553 1338 parto
581 1277 691 1340 nuper
718 1261 868 1339 praemio
893 1259 979 1320 male
1005 1277 1085 1322 usas
1113 1258 1211 1339 plara
1232 1255 1275 1320 ad

54 1341 183 1424 flagitia
220 1341 465 1425 accingeretur.
507 1339 663 1402 Publium
692 1340 898 1402 Dolabellam
932 1344 1057 1402 socium
1095 1339 1273 1402 deletionis

53 1423 222 1484 exstitisse
254 1422 419 1484 miraculo
453 1430 544 1500 erat,
577 1425 653 1506 qnia
682 1423 783 1484 claris
813 1424 996 1485 maioribus
1023 1431 1057 1485 et
1078 1421 1172 1484 Varo
1194 1443 1274 1484 eoa·

53 1525 157 1568 nexus
179 1525 272 1566 snam
295 1507 367 1588 ipse
391 1505 610 1582 nobilitatem,
646 1525 742 1566 suum
775 1509 969 1592 sanguinem
1000 1505 1171 1589 perditum
1192 1508 1274 1568 ibat.

52 1589 191 1650 Restitit
222 1596 331 1652 tamen
359 1597 493 1651 senatus
522 1599 555 1650 et
582 1589 823 1670 opperiendum
853 1591 1094 1672 Imperatorem
1126 1591 1275 1666 censuit;

54 1671 143 1756 qaod
164 1691 267 1732 unum
289 1675 484 1758 urgentium
507 1672 671 1734 malorum
693 1675 874 1758 suffugium
897 1676 931 1733 in
954 1681 1084 1754 tempas
1106 1683 1189 1734 erat.

127 1759 151 1809 l.
180 1754 317 1807 aduersum
345 1769 424 1806 corae
451 1769 506 1824 pro
531 1753 614 1831 vulg.
638 1755 699 1811 ada.
726 1771 815 1809 casam
843 1762 933 1821 recte,
959 1753 1073 1826 opinor,
1106 1770 1142 1808 ax
1161 1753 1274 1812 arnaud.

54 1823 171 1879 Heinsii
190 1825 301 1879 editum
319 1841 336 1878 a
353 1823 498 1891 Bekkero,
527 1823 630 1879 Kissal.
651 1833 681 1881 et
697 1825 811 1882 Walth.
831 1834 865 1879 ut
882 1843 961 1880 carue
980 1827 1039 1878 siut
1057 1825 1143 1880 ruina
1161 1843 1206 1880 em
1228 1825 1276 1880 hi·

54 1895 166 1950 theatri
193 1904 223 1950 et
250 1897 328 1973 ignis
354 1897 496 1950 violentia
522 1897 554 1950 iu
578 1895 666 1965 Urbe,
694 1896 853 1968 dequibus
877 1916 907 1952 r.
927 1915 988 1968 cap.
1009 1900 1054 1953 62.
1079 1905 1109 1950 et
1126 1897 1171 1952 64.
1207 1844 1276 1952 bion

55 1969 131 2024 male
150 1976 248 2022 mmeu
266 1967 388 2021 adamam
407 1983 511 2020 comum
536 1965 581 2034 (ut
598 1971 626 2034 3,
644 1967 706 2036 24.)
733 1968 809 2021 coni.
835 1971 908 2021 Mur.
936 2001 969 2011 -
994 1969 1121 2022 solatium
1145 1969 1276 2033 ternam,

56 2047 85 2094 et
104 2039 222 2111 quidem
239 2055 367 2104 proceres
389 2039 499 2107 domos,
523 2039 654 2093 fomenta
672 2047 701 2093 et
719 2039 847 2093 medicos
866 2039 952 2092 ruina
970 2037 1179 2110 amphitheatri
1197 2039 1276 2094 debi-

54 2111 149 2165 litatis
167 2109 340 2182 praebendo,
359 2110 490 2176 Princeps
506 2111 644 2180 pecunias
662 2118 730 2180 post
748 2106 917 2165 incendium
943 2109 1030 2164 Urbis
1055 2127 1091 2164 ex
1116 2110 1201 2166 modo
1226 2111 1277 2166 de·

55 2183 191 2236 trimenti
210 2179 383 2248 tribuendo,
401 2179 478 2236 Piclt.
498 2181 534 2234 lu
551 2179 609 2235 MS.
628 2184 678 2234 roi.
700 2184 824 2238 teteroat.
846 2213 876 2224 -
897 2182 1126 2248 corripueratque,
1145 2197 1172 2234 r.
1192 2181 1229 2236 ad
1246 2185 1275 2247 4,

54 2256 82 2319 3,
104 2259 127 2310 l.
148 2286 180 2296 -
204 2253 304 2308 Varum
323 2253 489 2320 Quintilium,
522 2271 552 2306 v.
577 2253 613 2306 ad
632 2256 657 2317 1,
676 2255 703 2320 3,
722 2257 747 2309 8.
769 2256 846 2320 013,
864 2253 909 2319 76,
930 2257 957 2308 1.
978 2284 1009 2296 -
1031 2251 1149 2304 Caesari
1165 2253 1277 2320 propia·

20 2365 23 2372 ,
53 2341 144 2394 quam:
171 2323 340 2378 Germanici
362 2341 453 2400 gener
478 2325 589 2378 dicitur
613 2321 679 2378 Seu.
707 2331 800 2380 contr.
829 2327 856 2389 1,
881 2327 906 2390 1,
930 2326 957 2380 3.
989 2351 1022 2362 -
1047 2322 1183 2376 Domitiae
1204 2323 1278 2390 Afer
1394 2353 1397 2360 ·

55 2395 190 2449 Claudiae
207 2393 341 2450 halsbroc
358 2397 453 2448 matria
471 2397 530 2449 eiua
549 2395 744 2463 conderrmator,
767 2413 796 2451 r.
816 2395 852 2448 ad
869 2397 897 2463 2,
916 2397 961 2462 85,
980 2399 1006 2452 1.
1027 2402 1057 2449 et
1074 2397 1102 2460 4,
1124 2397 1169 2462 62,
1189 2399 1215 2452 1.
1241 2427 1275 2439 -

52 2475 134 2536 porto
152 2483 236 2534 nuper
252 2468 371 2535 praemio
391 2495 423 2504 -
442 2465 642 2534 decimaretur,
663 2469 700 2520 ef.
721 2485 782 2538 cap.
802 2469 845 2524 62.

127 2541 154 2594 l.
178 2539 253 2594 Varo
272 2553 416 2602 connexae,
436 2557 463 2596 v.
484 2537 520 2593 ad
537 2541 565 2607 2,
584 2541 629 2605 43,
648 2541 676 2596 2.
697 2553 829 2590 conserua
847 2537 910 2594 edd.
929 2538 1008 2610 lips.
1028 2545 1058 2592 et
1075 2553 1134 2592 rec.
1154 2537 1277 2592 amisisse

53 2609 115 2664 MS.
135 2611 266 2664 courum
278 2609 347 2664 edd.
366 2618 426 2664 vet.
449 2643 478 2652 -
496 2611 630 2678 perditum
648 2609 717 2676 ibat,
736 2627 767 2664 r.
787 2609 822 2662 ad
841 2625 864 2664 c.
887 2615 911 2664 l.
930 2629 960 2666 u.
980 2615 1005 2666 1.
1032 2642 1065 2652 -
1090 2609 1277 2677 opperiendum

53 2683 251 2750 Imperatorem,
280 2681 331 2752 qui
353 2679 432 2735 Urbe
456 2682 566 2736 abierat
589 2687 619 2736 et
642 2699 791 2753 nunquam
816 2681 913 2738 rediit.
948 2681 994 2736 Cf.
1018 2681 1054 2735 ad
1071 2685 1098 2748 4,
1122 2685 1167 2749 67,
1186 2683 1212 2740 2,
1242 2715 1275 2726 -

52 2751 199 2820 suffugium
217 2753 247 2806 ia
265 2757 373 2822 tempus,
392 2769 420 2807 r.
440 2753 475 2806 ad
494 2759 521 2820 l,
540 2757 567 2820 1,
585 2755 611 2810 2.

470 2877 493 2932 C
511 2876 537 2931 A
555 2879 575 2930 Ρ
594 2877 621 2932 U
639 2876 664 2930 'P
712 2877 824 2933 nxvt
837 2877 861 2932 1.

138 2949 184 3012 At
212 2945 346 3028 Caesar,
379 2947 539 3012 dedicatis
576 2970 637 3034 per
665 2947 879 3030 Campaniam
906 2951 1056 3035 templis,
1090 2969 1277 3034 quanquam

55 3031 167 3096 edicto
196 3034 390 3111 monuisset,
424 3053 465 3094 ue
491 3034 566 3116 quis
588 3035 734 3116 quietem
756 3037 827 3096 eius
849 3037 1056 3116 irrumperet
1076 3053 1278 3096 concursus-

55 3135 120 3200 que
142 3113 386 3198 oppidanorum
402 3115 565 3199 disposito
581 3118 687 3178 milite
705 3117 979 3198 prohiberentur,
1002 3137 1142 3199 perosus
1164 3125 1277 3178 tamen

54 3200 240 3280 municipia
269 3207 303 3260 et
334 3199 482 3261 colonias
510 3201 687 3280 omniaque
709 3201 745 3260 ia
774 3201 960 3262 continenti
987 3203 1053 3262 sita
1075 3197 1219 3282 Capreas
1241 3217 1277 3262 se

55 3285 92 3344 in
114 3283 257 3344 insulam
285 3279 415 3344 abdidit
442 3285 546 3344 trium
570 3283 715 3343 millium
737 3285 824 3344 freto
845 3283 886 3344 ab
909 3284 1065 3346 extremis
1081 3281 1277 3344 Surrentini
1299 3347 1303 3356 ,

55 3365 284 3450 promontorii
321 3364 514 3428 diiunctum.
569 3365 793 3428 Solitudinem
828 3369 900 3428 eius
934 3367 1097 3450 placuisse
1135 3367 1279 3428 maxime

56 3447 271 3525 crediderim,
307 3451 463 3530 qnoniam
492 3451 738 3531 importuosum
766 3449 856 3512 circa
883 3470 975 3519 mare
1004 3457 1038 3510 et
1059 3448 1114 3512 vix
1137 3449 1277 3512 modicis

55 3533 201 3618 navigiis
223 3549 327 3614 pauca
349 3531 505 3610 subsidia,
540 3553 646 3616 neque
674 3531 845 3615 appulerit
873 3535 1045 3616 quisquam
1076 3533 1143 3596 nisi
1170 3551 1277 3620 gnaro

55 3613 203 3678 custode.
259 3609 351 3676 Caeli
376 3617 564 3698 temperies
600 3615 709 3679 hieme
743 3618 834 3678 mitis
870 3615 1004 3678 abiectu
1038 3617 1179 3694 monus,
1212 3635 1277 3700 quo

55 3717 157 3762 saeva
177 3704 357 3760 ventorum
380 3707 556 3762 arcentur:
579 3707 688 3762 aestas
704 3700 740 3760 iu
756 3701 940 3762 Favonium
951 3699 1094 3762 obversa
1109 3708 1143 3760 et
1158 3707 1277 3780 aperto

55 3785 186 3844 οίιοιιιιι
216 3779 335 3864 pelago
365 3801 584 3864 peramoeua3
612 3783 909 3866 prospectabatque
936 3783 1202 3864 pulcherrimum
1230 3782 1278 3841 si-

55 3885 151 3942 num,
178 3873 355 3945 antequam
380 3863 548 3928 Vesuvius
570 3885 665 3928 utone
692 3864 868 3929 ardescens
889 3867 1008 3928 faciem
1029 3865 1095 3927 loci
1116 3870 1276 3925 verteret.

55 3947 205 4010 Graecos
227 3965 267 4008 ea
288 3949 435 4010 tenuisse
457 3947 667 4032 Capreasque
683 3947 838 4010 Telebois
857 3948 1032 4020 habitatas,
1054 3951 1141 4008 fama
1162 3944 1276 4010 tradit.

54 4029 124 4094 Sed
152 4037 225 4092 tum
253 4027 410 4093 Tiberius
446 4030 621 4094 duodecim
654 4031 811 4094 villarum
846 4031 1035 4094 nominibus
1070 4037 1104 4090 et
1133 4027 1278 4090 molibus

53 4111 237 4191 insederat,
259 4125 383 4194 quanto
404 4117 551 4177 intentus
574 4115 653 4178 olim
676 4113 826 4198 publicas
847 4111 890 4176 ad
911 4132 1021 4190 curas,
1050 4119 1144 4174 tauto
1167 4111 1279 4176 occul-

53 4199 128 4262 tior
154 4197 191 4258 in
211 4197 309 4258 luxus
337 4203 372 4258 et
391 4197 514 4260 malum
536 4199 642 4262 otium
664 4197 842 4260 resolutus.
885 4195 1044 4258 Manebat
1071 4195 1193 4278 quippe
1223 4215 1279 4256 ru-

53 4281 246 4364 apicianum
274 4285 309 4340 et
330 4279 490 4344 credendi
515 4283 699 4362 temeritas,
728 4299 826 4364 quarn
853 4276 993 4342 suanus
1024 4297 1150 4362 augere
1177 4279 1279 4342 etiam

92 4374 161 4442 opp.
185 4375 251 4429 Tac.
274 4367 305 4424 T.
325 4367 348 4426 t.
1051 4361 1094 4425 29

97 4462 104 4506 ι
