2868 4792
41 183 45 192 '
164 207 230 278 sm
553 203 802 274 mulumu
830 203 917 272 uu.
944 203 1005 270 nu

238 377 266 433 1.
294 371 328 432 0.
352 371 492 430 woru-
517 371 638 428 mun
662 377 719 430 est.
746 369 1272 439 ct.1>tocr,nu.sct³liur‚2e.
1302 371 1389 444 pit.

166 461 254 518 quem
273 447 371 502 locum
387 445 467 502 Brut.
485 460 502 499 e
519 444 548 500 V
566 442 645 500 MSS.
664 445 706 498 ite
723 443 866 520 corrigit:
896 443 946 496 eed
961 444 1012 498 lae
1027 445 1142 512 pretim
1165 441 1241 507 delli,
1267 455 1320 494 nes
1342 440 1391 494 lto-

164 519 248 572 enisis
265 519 335 584 fuit:
361 525 415 570 ten
431 515 552 584 bucule,
576 531 652 584 quan
670 515 809 582 ttltetntr,
835 530 889 568 non
911 517 1014 580 form
1035 515 1223 570 Poeonetenee
1248 512 1390 579 spadorum

164 605 269 664 Seiano
287 605 321 658 11
327 601 343 643 ¹
360 605 388 658 D
403 611 537 660 meante
554 623 573 658 a
598 603 711 658 luterio
729 603 832 660 Prisce.
870 605 952 660 Quen
978 603 1081 672 quiden
1097 603 1227 657 iniuriam
1251 601 1392 666 lucrifecit

166 678 220 736 ille
236 687 367 732 nereum
383 677 413 730 in
431 677 504 729 luctu
521 675 656 742 ciuitatis,
681 675 801 743 morian
825 689 943 740 arcem
960 676 1031 728 nulli
1047 676 1174 731 vacam.
1194 673 1229 726 ln
1247 671 1311 727 edd.
1330 680 1391 728 vet.

166 751 318 806 Clutorium
336 749 466 814 Primos,
484 755 519 800 ut
536 755 567 802 et
583 763 645 818 cap.
664 749 707 802 5⁰·
736 745 814 816 quod
832 747 998 801 emenderit
1015 748 1094 818 Lips.
1114 754 1151 798 ut
1169 743 1281 798 similis
1300 747 1345 808 12,
1364 747 1391 796 ’1.

166 827 213 886 13,
231 823 276 878 ²².
299 821 432 888 corripuit
450 821 566 884 delator,
585 835 612 874 r.
633 815 669 872 ed
686 822 715 884 4,
733 821 761 884 3,
781 823 804 874 l.
833 843 866 856 -
887 831 983 882 aegro,
1004 825 1184 904 aegrotante,
1209 817 1309 880 Druso,
1338 813 1392 868 ‘ri-

165 893 243 949 berii
261 892 333 948 ulio.
361 923 393 936 -
410 891 596 958 -oanpoeuiese
620 905 688 944 eum
705 889 786 942 eliud
812 903 939 945 carmen.
965 907 994 946 r.
1013 889 1070 943 Dio
1088 893 1134 956 5⁷,
1151 891 1195 946 20.
1217 887 1391 952 -legerat,

164 963 360 1042 praelegerat,
379 969 414 1016 ut
431 961 467 1018 ll.
486 965 514 1028 4,
532 964 575 1018 25.

238 1039 265 1092 2.
285 1035 383 1088 ceteris
400 1034 437 1086 od
455 1033 594 1086 dicendum
611 1031 786 1085 testimonium
804 1030 955 1099 exterritis,
973 1049 1001 1088 r.
1021 1031 1103 1098 1112,
1121 1033 1167 1096 tt,
1184 1031 1211 1086 2.
1231 1061 1266 1073 -
1284 1035 1391 1082 senten-

166 1107 209 1162 tia
232 1106 345 1160 llaterii
368 1103 514 1172 Agrippae
539 1105 660 1156 consulis
684 1103 832 1168 designati,
858 1119 887 1160 r.
905 1103 943 1156 sd
960 1105 987 1168 ³,
1006 1105 1052 1170 22,
1077 1106 1104 1159 3.
1133 1131 1165 1140 -
1190 1101 1322 1154 indictum
1344 1117 1392 1153 reo

165 1179 284 1234 ultiman
301 1177 468 1245 supplicium,
486 1189 576 1249 mors,
603 1183 638 1227 ut
654 1175 749 1228 ultima
771 1189 859 1242 poeno
877 1191 921 1246 sp.
941 1175 1003 1228 ltin
1023 1179 1052 1240 1,
1076 1177 1112 1231 68
1137 1179 1212 1229 extr.
1248 1171 1331 1226 Alibi
1348 1173 1392 1224 ul-

166 1251 233 1304 timo
251 1267 273 1307 s.
293 1255 411 1302 nirenta
427 1263 523 1314 wenc,
542 1245 708 1314 suppliciunt,
736 1245 885 1299 erudelitas
902 1254 956 1301 oet„
975 1261 1031 1316 pro
1057 1245 1182 1309 mina,
1198 1251 1235 1298 ut
1258 1261 1304 1315 sp.
1324 1243 1390 1300 Lis.

165 1323 196 1388 d,
215 1325 260 1380 24.
279 1324 307 1389 9,
326 1322 371 1378 lli.
389 1320 435 1385 42,
454 1319 479 1375 l.
517 1316 614 1372 dicet
631 1333 751 1380 mune
767 1317 926 1386 supplicium
944 1317 998 1374 inl.
1017 1319 1044 1384 d,
1063 1320 1091 1374 ³.

634 1469 829 1528 eleut*
881 1473 922 1527 11·

247 1577 374 1644 Coutcs
393 1577 442 1644 Μ.
465 1577 615 1663 Lepidus
636 1581 672 1642 in
694 1580 784 1642 huuc
804 1579 939 1643 modum
956 1599 1096 1644 exorsus
1107 1587 1174 1646 ests
1197 1577 1249 1652 Si,
1271 1575 1390 1644 Patres

169 1668 356 1746 conscripti,
387 1683 480 1726 unum
510 1665 546 1726 id
575 1673 764 1744 spectamus,
797 1683 889 1745 quam
916 1663 1047 1742 nefaria
1068 1683 1144 1728 uoce
1166 1661 1205 1728 0.
1227 1660 1390 1727 Lutoriue

165 1747 303 1815 Priscus
327 1757 465 1810 mentem'
482 1767 570 1809 suam
597 1755 629 1808 et
658 1766 752 1808 aures
779 1745 935 1811 lominum
954 1747 1108 1828 polluerit
1115 1771 1126 1821 ‚·
1158 1767 1258 1830 neque
1278 1766 1391 1808 carcer

166 1851 267 1915 neque
295 1829 438 1913 laqueus,
467 1849 507 1892 ne
534 1829 665 1893 serviles
692 1829 815 1912 quidem
845 1834 1007 1894 cruciatus
1035 1835 1071 1896 in
1092 1851 1159 1894 eune
1179 1831 1386 1912 suffecerint,

166 1914 232 1980 Sin
253 1917 391 1998 flagitia
411 1921 443 1975 et
464 1911 617 1994 facinora
645 1915 714 1976 sine
739 1915 830 1978 modo
857 1923 944 1994 sunt,
973 1915 1143 1996 suppliciis
1173 1934 1213 1977 ac
1242 1916 1388 1978 remediis

165 1995 331 2079 Principis
351 1998 526 2060 moderatio
547 2000 760 2078 maiorumque
787 2011 817 2061 et
847 2009 955 2062 uestra
976 1998 1117 2080 exempla
1140 2007 1328 2078 temperant,
1357 2008 1387 2060 et

165 2102 250 2145 uana
270 2103 291 2144 a
311 2081 465 2159 scelestis,
487 2081 576 2144 dicta
596 2102 616 2144 a
636 2081 803 2165 maleficiis
824 2081 1006 2161 differunt,-
1028 2092 1077 2145 est
1097 2083 1186 2144 locus
1197 2085 1388 2160 sententiae,

163 2185 224 2247 per
254 2185 347 2249 quam
376 2183 476 2246 neque
507 2163 583 2228 duic
603 2163 751 2227 delictum
773 2167 897 2246 impune
917 2169 973 2244 rit,
1006 2175 1038 2228 et
1059 2185 1117 2228 nos
1139 2164 1323 2228 clementiae
1343 2169 1388 2228 si-

164 2249 230 2312 mul
259 2269 298 2312 ac
324 2249 508 2312 severitatis
536 2267 601 2310 non
623 2251 800 2329 poeniteat.
844 2247 949 2330 Saepe
978 2249 1090 2312 audivi
1118 2245 1303 2328 Principem
1331 2269 1388 2310 no-

165 2343 266 2396 strum
295 2340 552 2415 conquerentem,
588 2333 619 2394 si
652 2334 725 2414 quis
753 2341 876 2412 sumpta
909 2341 1009 2395 morte
1042 2333 1292 2396 misericordiam
1320 2335 1388 2394 eius

162 2419 391 2498 praeuenisset.
442 2415 519 2480 Vita
541 2411 578 2478 0.
601 2411 734 2478 Lutorii
754 2418 790 2478 in
811 2419 940 2498 integro
962 2423 1024 2494 est,
1044 2419 1102 2498 qui
1122 2435 1222 2498 neque
1237 2426 1389 2480 seruatus

164 2503 201 2564 in
229 2499 403 2580 periculum
433 2501 480 2562 rei
502 2497 663 2579 psalticae,
695 2519 796 2580 neque
825 2497 1019 2578 interiectus
1047 2503 1082 2563 in
1113 2499 1282 2580 exemplum
1312 2499 1386 2564 idit.

165 2581 287 2648 Studia
308 2583 359 2646 illi
387 2589 423 2642 ut
454 2582 551 2663 plena
582 2581 842 2659 vecordiae,·ila
873 2585 985 2645 inania
1015 2595 1047 2645 et
1078 2584 1171 2664 fluxa
1202 2593 1296 2656 sunt,-
1328 2603 1389 2644 nec

165 2669 332 2749 quicquam
353 2683 455 2748 grave
477 2684 516 2726 ac
536 2667 650 2726 serium
672 2675 920 2743 meneleus,
949 2670 1006 2750 qui
1025 2685 1152 2729 suorum
1182 2667 1251 2748 ipse
1284 2669 1388 2748 flagi-

167 2754 284 2812 tiorum
303 2748 454 2832 proditor
481 2767 546 2809 non
575 2750 713 2810 uirorum
742 2751 866 2827 animis,
895 2750 951 2811 sed
970 2749 1224 2814 muliercularum
1250 2754 1387 2829 arrepit.

166 2833 272 2900 Cedat
312 2841 413 2895 tomen
448 2831 535 2896 Urbe
576 2844 608 2892 et
647 2829 739 2894 donis
780 2834 905 2896 amissis
943 2853 1027 2916 aqua
1057 2841 1090 2895 et
1121 2835 1195 2915 igni
1224 2845 1387 2896 arceatur.

166 2917 261 2988 Quod
277 2915 411 2998 perinde
431 2934 540 2978 censeo
561 2933 600 2978 oc
627 2917 658 2977 si
686 2913 757 2996 lege
777 2919 955 2978 maiestatis
977 2926 1146 2990 teneretur.

236 3022 262 3076 1.
281 3017 326 3074 Μ.
347 3016 474 3086 Lepidus,
491 3033 519 3070 r.
539 3013 575 3070 ed
594 3020 620 3080 1,
639 3017 683 3080 13,
702 3017 727 3072 2
747 3047 781 3058 -
805 3017 916 3081 nefaria
934 3033 1009 3080 uoce,
1033 3017 1163 3071 carmine
1179 3017 1315 3074 reoitnto.
1340 3015 1387 3074 Gi.

164 3105 190 3146 c.
209 3092 254 3147 49.
277 3117 308 3130 -·
325 3089 408 3154 „sus
427 3087 477 3142 sed
494 3087 530 3154 si,
547 3085 660 3152 flagitia
679 3093 704 3138 et
723 3087 850 3152 facinora
868 3085 1007 3158 (quidem)
1019 3087 1078 3140 eine
1090 3089 1165 3142 nodo
1179 3094 1250 3154 eunt,
1269 3103 1387 3142 emnem

164 3161 309 3216 excedunt
333 3159 462 3226 modum,
498 3157 641 3226 suppliciis
666 3156 760 3226 (vero)
787 3165 813 3211 et
839 3161 965 3212 remediis
988 3187 1020 3198 -
1038 3161 1182 3226 differunts
1219 3159 1294 3226 (tum
1323 3175 1387 3214 car»

163 3249 243 3300 cere,
267 3232 372 3303 laqueo
399 3229 611 3299 servilibusque
643 3228 821 3284 cruciatibus
845 3230 971 3298 omissis)
996 3237 1037 3284 est
1060 3233 1134 3283 locus
1156 3232 1307 3284 acumine
1331 3240 1385 3286 cet

163 3305 232 3358 Post
249 3304 375 3368 differunt
394 3302 471 3355 mele
488 3302 593 3373 puncti
611 3307 709 3354 notem
727 3309 841 3372 ponunt
859 3301 955 3357 Oberl.
977 3311 1006 3358 et
1024 3301 1107 3359 aliif‘
1128 3301 1233 3358 Weiss.
1256 3333 1286 3346 -
1303 3319 1386 3368 uano,

162 3391 219 3445 per
234 3373 481 3444 vaniloquentiam
499 3371 653 3444 praelecta.
674 3371 719 3428 Gi.
740 3389 801 3444 cup.
821 3375 864 3431 ts.
893 3401 926 3412 -
953 3389 1002 3426 noe
1020 3375 1176 3426 clementiae
1194 3389 1300 3427 -·nen
1321 3391 1388 3443 poe-

162 3443 568 3511 mmmdstzffid

234 3519 261 3572 2.
281 3515 369 3583 Saepe
386 3514 480 3568 audivi
497 3513 649 3584 Principem
667 3523 722 3572 cet.
742 3517 780 3571 cf.
800 3517 828 3582 2,
846 3519 891 3573 31.
912 3549 945 3560 -
962 3515 990 3569 si
1007 3517 1066 3584 quis
1083 3521 1185 3584 sumpto
1202 3522 1287 3570 neme
1305 3515 1386 3570 nise-

161 3586 309 3642 rr'cordiarn
328 3587 387 3639 eius
403 3587 599 3652 praevenisset,
616 3605 643 3643 v.
663 3587 700 3641 ed
716 3587 751 3640 H.
771 3589 797 3650 4,
816 3590 862 3653 67,
880 3589 905 3641 2.
927 3616 959 3626 -
982 3589 1049 3644 Vita
1069 3589 1101 3646 G.
1127 3588 1236 3642 Lutorii
1257 3587 1287 3640 in
1314 3589 1385 3640 inte-

162 3674 217 3724 gro
236 3657 358 3744 est,·ille
375 3657 453 3710 vivit
479 3655 573 3741 adduc
586 3661 689 3728 'neque
714 3667 830 3730 sumpte
857 3667 953 3713 morte
980 3659 1214 3714 misericordium
1239 3659 1385 3744 Principis

162 3729 413 3877 illidii-²¹1²&
420 3729 1387 3877 Ludwddddidim-ledo?'lkrddtdffdidddvdt'idg'vifflfntdnssdss

162 3873 241 3927 vitae
259 3891 337 3939 usus,
356 3889 438 3940 neque
455 3872 624 3937 interiectus,
644 3873 812 3927 interiectio
830 3874 901 3936 eius,
920 3871 1114 3940 (utoccisusl,
1125 3877 1150 3931 8.
1170 3873 1385 3938 ubimnotsl.)

163 3943 193 3997 in
211 3944 354 4010 exemplum
372 3943 432 4008 ibit,
460 3943 553 4008 cedet,
579 3945 647 4008 erit,
673 3943 735 4010 fiet,
766 3943 844 4014 quod
863 3945 930 4000 eliis
950 3947 989 3998 sit
1006 3945 1179 4000 documento
1207 3953 1237 3999 et
1263 3945 1384 4006 terrori,

163 4015 212 4068 vel
231 4015 374 4069 iudicibus
393 4015 585 4071 imitamento.
601 4013 650 4071 (ll.
670 4013 707 4068 ed
726 4019 752 4081 1,
770 4017 816 4082 38,
837 4021 861 4073 1.
881 4025 910 4070 et
934 4016 997 4073 lud.
1017 4015 1070 4073 lll.
1096 4035 1125 4072 r.
1146 4016 1301 4083 l’articipia
1329 4015 1385 4080 for-

162 4101 220 4138 mae
241 4103 314 4154 poss.
342 4102 393 4154 pro
416 4085 553 4142 Suberant.
578 4087 661 4138 obstr.
700 4086 790 4140 Omnis
812 4101 898 4154 poena
921 4103 972 4139 non
996 4094 1048 4140 tam
1073 4087 1111 4140 ad
1128 4088 1253 4140 delictum
1268 4087 1385 4155 pertinet

163 4173 238 4224 quan
256 4159 294 4210 ad
311 4159 453 4224 exemplum
471 4157 592 4223 Quintil.
611 4155 728 4212 declam.
748 4161 810 4214 274.
837 4187 868 4220 ,-
896 4158 992 4210 inania
1010 4165 1036 4210 et
1053 4159 1127 4222 itura
1152 4175 1324 4230 syrrouyms,
1352 4163 1385 4208 ut

163 4241 251 4290 grove
269 4243 302 4281 ac
325 4229 437 4295 serium·
455 4229 537 4286 nost.
556 4229 592 4284 de
610 4227 629 4282 S
653 4245 720 4284 uon.
740 4247 786 4299 sp.
806 4227 872 4284 Tac.
891 4247 920 4300 p.
942 4233 983 4286 14.
1004 4231 1104 4284 Studia
1121 4231 1205 4298 nuzo,
1231 4247 1318 4295 vanc,
1335 4227 1384 4282 rel

165 4297 277 4366 mollis,
294 4297 330 4354 de
346 4302 437 4369 poesi.
463 4301 559 4356 Fluere
577 4309 607 4356 et
623 4247 699 4364 dura
716 4299 867 4369 dicuntur,
885 4319 958 4371 mise
975 4301 1023 4358 vel
1041 4301 1246 4358 dissolvuntur
1263 4309 1295 4357 et
1309 4299 1384 4354 mol·
