2872 4792
171 183 231 251 ιιι
269 133 294 233 .'
570 177 815 257 tantumn
835 179 920 246 uus.
943 179 985 244 ιι.

133 375 136 382 ν
169 347 246 406 ther.
266 348 324 402 ine.
364 351 425 402 ont.
444 347 472 412 t,
490 350 518 404 9.
537 345 709 414 tradnnnrrs
727 348 751 400 Ι.
770 347 858 402 Grau.
896 377 929 390 -
967 345 1114 400 rostellum
1131 341 1291 406 Alisonem
1321 351 1392 412 post

170 421 317 473 castellum
354 419 572 494 istingoendurn
589 421 730 490 potebant
756 421 853 475 Vertr.
873 426 903 474 et
921 418 998 488 hips.
1034 417 1150 482 „nsua
1178 415 1293 485 opinor.
1332 415 1393 470 Coe

168 493 282 544 stellum
299 491 396 545 intell'
419 491 454 556 it,
473 490 551 560 qnod
567 492 656 561 paulo
673 500 740 546 ante
758 491 873 546 dixerat
890 491 1036 542 rostellum
1053 487 1181 556 luppioe
1207 486 1320 548 numiui
1337 502 1393 552 op-

167 564 302 630 positum,
322 571 351 618 et
369 509 516 616 adsonem
532 563 665 629 fluvium,
684 579 743 616 non
761 563 891 616 eiusdem
909 562 1035 614 nominis
1061 559 1221 621 castellnm,
1247 557 1326 627 quod
1352 574 1392 610 an

171 633 259 688 detur
282 635 350 688 sutis
376 633 494 686 dubium
521 643 572 688 est.
610 635 794 705 ltr'qnoque
815 634 959 705 posuisset
982 632 1128 686 Alisonem
1146 630 1305 692 castellum,
1329 645 1392 680 non

169 707 315 759 castellum
332 705 508 760 Αἱίιοιιεηιέι
530 705 636 759 Waltlt.
674 705 731 760 Sed
755 713 878 776 utraque
910 704 1000 757 dictio
1027 703 1162 758 Romanis
1189 702 1221 754 in
1248 720 1305 754 neu
1328 702 1393 752 luit

168 784 200 832 et
218 777 254 832 de
271 777 390 830 Alisone
408 777 528 830 castello
547 795 576 831 v.
595 785 664 832 nota
684 783 708 832 l.
734 811 765 822 -
790 777 871 832 uocis
894 776 1036 829 limitibus
1061 773 1270 843 aggeribusque
1293 771 1333 836 (v.
1355 771 1394 824 ad

170 853 197 914 1,
215 851 259 915 bt,
280 849 318 915 1.)
335 849 507 916 pennuuitn,
526 857 559 902 ut
577 853 604 916 4,
623 851 669 905 24.
689 849 725 901 tl.
745 852 773 916 3,
793 833 819 904 ti
838 867 867 901 v.
886 847 923 900 nd
940 853 967 913 t,
988 850 1032 912 12,
1050 849 1077 903 3.
1098 854 1129 900 et
1145 848 1173 910 4,
1191 847 1237 909 34,
1255 847 1283 900 2.

600 1019 792 1076 carun
846 1019 972 1092 ιιιι.1

252 1133 386 1214 lemque
412 1131 525 1194 classis
553 1129 746 1204 advenerat,
778 1149 890 1211 quum,
923 1130 1105 1210 praemisso
1140 1133 1331 1187 commeatu
1358 1134 1395 1186 et

170 1213 359 1278 distributis
380 1216 414 1274 in
438 1216 584 1298 legiones
606 1233 644 1289 ac
665 1213 773 1275 socios
796 1213 947 1290 navibus,
969 1213 1106 1289 fossam,
1122 1207 1395 1274 coi-Drusianae

171 1317 300 1378 nomen,
337 1300 507 1386 ingressus
534 1307 751 1378 precatusque
782 1295 932 1357 Drusum
960 1303 1101 1376 patrem,
1135 1301 1174 1353 ut
1208 1311 1242 1353 se
1272 1291 1393 1354 eadem

170 1401 287 1444 ausum
308 1383 411 1451 libens
434 1381 645 1464 placatusque
667 1379 817 1462 exemplo
839 1398 876 1440 ac
898 1379 1058 1440 memoria
1088 1377 1306 1439 consiliorum
1341 1383 1393 1435 at-

171 1485 242 1542 que.
257 1485 397 1548 operum
412 1466 563 1540 iuvaret,
586 1465 675 1526 lacus
695 1462 772 1525 inde
794 1470 828 1524 et
850 1463 1018 1526 Oceanum
1038 1481 1142 1542 usque
1163 1459 1205 1522 ad
1225 1459 1392 1520 Amisiam

170 1551 293 1611 flumen
313 1545 459 1614 secunda
481 1548 693 1632 navigatione
715 1545 923 1628 pervehitur.
967 1543 1087 1608 Classis
1101 1544 1248 1606 Amisiae
1269 1542 1393 1602 relicta

169 1631 268 1694 lssvd
292 1651 398 1707 etune,
427 1639 640 1712 erratumque
668 1633 701 1690 in
731 1651 781 1708 eo,
807 1628 895 1712 quod
915 1641 980 1690 n'on
1007 1627 1172 1690 subvexit.
1216 1625 1393 1705 'transpo-

169 1716 238 1776 suit
263 1715 404 1775 militem
431 1711 582 1776 dexteras
609 1715 644 1773 in
673 1721 780 1775 terras
809 1715 947 1775 iturum.
1002 1711 1053 1772 lte
1081 1712 1195 1792 plures
1224 1707 1295 1769 dies
1318 1707 1393 1768 effi-

171 1796 296 1858 ciendis
318 1795 475 1879 pontibus
498 1797 673 1880 absumpti.
717 1797 757 1856 Et
778 1817 876 1878 eques
899 1793 1029 1878 quidem
1053 1813 1091 1855 nc
1112 1795 1258 1879 legiones
1281 1792 1393 1872 prima

169 1881 345 1959 aestuaria,
379 1877 525 1940 nondum
555 1889 761 1942 accrescente
790 1877 890 1956 unda,
926 1875 1086 1960 intrepidi
1114 1877 1300 1948 transiere,
1331 1893 1393 1956 po-

169 1971 331 2024 stremum
353 1965 554 2024 evixiliorurn
575 1983 693 2050 agmen
715 1963 897 2046 Bntavique
919 1963 959 2022 in,
977 1969 1072 2043 parte
1099 1981 1149 2038 ea,
1177 1959 1256 2020 dum
1286 1959 1392 2019 insul-

169 2055 242 2108 tant
262 2048 357 2129 aquis
379 2055 550 2130 artemque
570 2046 672 2108 nandi
693 2055 873 2123 ostentant,
891 2045 1030 2118 ,turbati
1060 2052 1095 2106 et
1124 2044 1255 2126 quidam
1278 2041 1393 2104 hausti

170 2138 257 2192 sunt.
299 2130 441 2192 Metanti
470 2138 577 2192 castra
604 2129 739 2194 Caesari
769 2129 1050 2216 Angrivariorum
1080 2126 1220 2190 delectio
1250 2147 1269 2186 a
1293 2135 1393 2210 tergo

170 2213 354 2277 nuntiatur.
407 2213 532 2275 Missus
561 2215 653 2274 illico
683 2213 864 2275 Stertinius
898 2231 973 2273 cum
1003 2211 1114 2293 equite
1150 2219 1184 2272 et
1216 2219 1393 2271 armatura

169 2297 237 2359 levi
258 2299 335 2384 igue
356 2310 390 2361 et
411 2297 566 2360 caedibus
588 2297 759 2379 perfidiam
781 2297 870 2358 ultus
892 2305 952 2358 est.

241 2421 267 2470 1.
287 2416 454 2470 distributis
472 2417 504 2470 in
523 2415 651 2484 legiones
670 2424 735 2481 cet,
767 2417 846 2470 inter
864 2416 919 2491 leg.
946 2422 980 2468 ut
997 2416 1024 2480 2,
1052 2415 1143 2479 lim,
1169 2415 1214 2468 38.
1240 2412 1279 2464 Η;
1297 2415 1325 2476 3,
1345 2413 1392 2467 58.

171 2485 209 2540 nl.
235 2487 281 2541 ct.
304 2488 365 2542 lnd.
386 2489 422 2542 11.
447 2507 476 2540 v.
502 2489 544 2540 ln.
583 2519 615 2530 -
654 2491 761 2554 fossum
791 2487 983 2542 Drusiouume
1019 2505 1085 2540 narn
1116 2485 1175 2538 tria
1200 2493 1267 2538 sunt
1293 2483 1393 2537 Rheni

171 2559 254 2626 ostis,
273 2559 401 2615 medinm
420 2569 450 2614 et
468 2559 620 2624 orientale,
640 2561 799 2614 maximum
816 2560 913 2625 fluvii,
939 2574 994 2630 per
1015 2561 1123 2612 fossum
1148 2555 1324 2611 Corbulonis
1348 2555 1390 2618 (v.

170 2633 215 2695 11,
235 2631 291 2696 20.)
310 2649 376 2684 curn
395 2635 471 2685 lllosa
490 2632 594 2697 iuncti,
614 2629 737 2700 helium,
757 2631 936 2686 occidentale
954 2638 984 2684 et
1002 2631 1165 2694 sinistrum,
1194 2630 1243 2681 cni
1271 2626 1392 2680 Vahalis

136 2697 139 2708 '
171 2700 313 2768 illabitur,
333 2703 418 2756 ducta
437 2721 453 2755 a
473 2701 593 2756 Claudio
613 2703 705 2756 Civili
723 2705 810 2768 fosso,
830 2703 911 2766 Lino,
931 2701 1043 2766 (Leuca)
1071 2701 1207 2756 dextrum
1227 2719 1250 2754 s.
1269 2700 1393 2762 Fletus,

171 2772 206 2836 (F
206 2773 247 2826 lie
266 2793 287 2828 s.
307 2774 385 2840 Vlie)
403 2775 452 2826 oni
470 2773 641 2827 infunditur
657 2774 722 2828 Sala
740 2793 763 2831 s.
783 2775 865 2840 leals,
885 2772 986 2828 Rheno
1004 2791 1059 2845 per
1076 2775 1182 2838 fossum
1191 2772 1283 2828 Drusi
1302 2771 1393 2835 (Dru-

171 2844 264 2900 rische
283 2844 382 2910 canat,
401 2846 481 2899 Neue
498 2845 595 2912 Yssel)
612 2855 643 2899 et
660 2845 785 2900 Flevum
804 2845 994 2915 (Znydersee)
1020 2847 1051 2898 in
1074 2852 1216 2916 septentr.
1243 2844 1336 2897 effuso
1363 2850 1394 2894 et

172 2915 310 2971 exhausto
328 2917 372 2972 sin
389 2918 484 2972 veteri
504 2917 596 2984 alveo,
616 2919 667 2987 qni
686 2919 799 2972 medius
816 2924 922 2988 posteu¹
933 2917 1040 2972 dictus.
1060 2936 1087 2970 v.
1108 2917 1144 2970 ed
1160 2919 1187 2982 2,
1205 2919 1233 2982 6,
1252 2920 1280 2972 2
1309 2915 1394 2969 Wil-

94 2985 98 2994 '
171 2987 264 3042 holmi
283 2990 420 3043 German.
461 3027 469 3042 .
480 2993 525 3046 64.
536 2991 580 3044 65.
600 2990 682 3044 Altin
707 3028 713 3042 .
734 2990 862 3044 descr.a
902 2990 992 3042 .Bat.
1013 2999 1043 3042 et
1060 2989 1136 3044 Fris.
1155 3006 1186 3058 p.
1209 2991 1267 3042 ¹15.
1286 2985 1393 3039 Barth.

171 3055 311 3138 Urgesolt.
332 3007 480 3114 Teotbodl.
501 3058 524 3124 5.
544 3064 606 3118 338.
635 3081 662 3114 v.
727 3061 825 3116 ersebe
844 3006 915 3115 'ridde
933 3060 980 3114 die
998 3060 1108 3114 Vb'lker
1126 3079 1155 3113 u.
1171 3059 1393 3114 Vb'lkerbiindn.

171 3129 199 3185 d.
219 3151 245 3186 a.
264 3132 411 3198 Teutschl.
431 3151 460 3204 p.
483 3137 525 3188 tt.
550 3137 591 3189 tt.
629 3135 733 3188 Foesos
751 3133 897 3189 Dnssinus
916 3132 992 3184 dixit
1010 3132 1090 3186 Suet.
1111 3131 1212 3186 claud.
1235 3136 1261 3186 1.
1286 3130 1340 3183 ubi
1360 3147 1393 3181 v.
1429 3147 1430 3156 ¹

69 3211 73 3218 '
171 3204 264 3274 intpp.
285 3204 333 3257 Sic
343 3204 395 3258 alii
414 3204 460 3269 (ut
469 3205 544 3258 Mela
555 3206 582 3270 2,
593 3206 758 3273 5.)‚foesum
773 3207 807 3258 in
826 3205 923 3259 Gallia
936 3204 1115 3270 Marionem,
1133 3204 1185 3258 elii
1203 3202 1331 3269 (etius,
1349 3203 1394 3268 4.)

171 3277 265 3340 fossos
282 3275 438 3329 Muriouoe
456 3275 616 3347 appellant,
636 3295 694 3331 non
714 3285 747 3331 ut
765 3297 781 3330 a
823 3285 890 3330 eant
907 3293 981 3341 rem,
1001 3275 1050 3330 sed
1068 3293 1104 3330 ex
1124 3275 1185 3330 solo
1203 3293 1258 3328 usn
1275 3273 1395 3328 Latini-

171 3349 249 3412 tatis,
268 3355 300 3399 ot
319 3349 350 3400 in
369 3363 461 3418 opere
473 3348 560 3418 paulo
580 3350 707 3416 meiore3
728 3293 822 3414 Wodfi
836 3379 868 3388 -
887 3353 1021 3416 precatus
1038 3348 1166 3401 Drusum
1181 3355 1309 3416 patrem.-
1329 3349 1392 3410 „ch

172 3415 254 3472 Gurt.
274 3422 300 3484 3,
320 3422 364 3483 lt,
384 3423 411 3472 7.
431 3427 461 3472 et
480 3419 534 3472 Sil.
559 3423 600 3484 15,
620 3423 673 3477 243
693 3420 756 3491 sq.“
775 3422 862 3473 Grou.
891 3451 924 3461 -
948 3420 1046 3472 eudem
1064 3435 1172 3484 aurun,
1197 3418 1393 3473 r.St1·ab.7.

171 3507 201 3559 p·
220 3493 282 3546 230.
303 3498 333 3542 et
351 3507 452 3544 versus
472 3491 503 3542 in
521 3507 591 3543 arcu
616 3491 792 3562 triumphali
816 3489 1005 3545 aPetrurchs
1028 3491 1135 3557 lectos;
1171 3489 1250 3559 Lips.
1287 3489 1334 3542 Cf.
1356 3491 1397 3544 nd

172 3562 209 3614 G.
228 3564 273 3616 st.
298 3560 354 3614 Dio
373 3565 417 3627 dl,
437 3563 482 3616 tu.
510 3561 587 3615 Suet.
608 3562 708 3617 Claud.
731 3569 755 3618 l.
776 3579 913 3616 auarum
930 3563 1008 3617 coni.
1026 3563 1099 3617 Em.
1126 3561 1183 3617 Sed
1199 3581 1229 3616 r.
1249 3561 1314 3616 lnd.
1334 3561 1394 3617 111.

172 3651 200 3686 v.
219 3632 382 3699 Porticipio
407 3631 504 3700 depon.
534 3642 627 3702 praet.
653 3644 683 3690 et
712 3635 805 3690 Verbo
824 3631 956 3704 ἀορίστως
973 3635 1077 3702 posito.
1115 3632 1306 3689 Andereinm
1325 3650 1397 3688 ooe·

171 3704 227 3774 pit,
246 3705 298 3774 qni
316 3705 394 3758 viem
413 3705 563 3790 ingressus
583 3715 641 3773 est;
663 3707 749 3773 Wolf.
769 3735 802 3746 ·-
821 3707 910 3760 libens
927 3706 1120 3777 ploratusque,
1147 3715 1181 3759 ut
1204 3706 1300 3760 voleus
1321 3719 1399 3772 pro·

169 3775 263 3843 pitius
277 3777 313 3828 in
331 3775 468 3830 formulis
485 3793 614 3846 precum.
641 3777 685 3834 Gt.
704 3780 805 3832 Bnrm.
831 3779 868 3832 nd
890 3778 953 3832 Vel.
973 3777 1019 3830 ul.
1037 3782 1066 3844 2,
1089 3782 1152 3834 324.
1178 3779 1329 3848 et'Heyne
1358 3779 1399 3833 nd

172 3846 255 3922 Vir-g.
275 3848 327 3900 Ge.
346 3849 375 3913 2,
394 3849 437 3902 41.
466 3875 496 3884 -
518 3849 615 3916 „lacus
632 3849 764 3904 nominat
782 3865 897 3922 semper
913 3849 1023 3920 plures,
1053 3857 1085 3903 ut
1106 3855 1132 3916 l,
1158 3851 1202 3904 bd.
1239 3849 1279 3903 At
1302 3850 1398 3906 bodie

173 3935 256 3984 nnus,
277 3918 354 3989 quod
372 3936 451 3974 mure
469 3920 660 3975 meridionale
678 3921 838 3994 appellant,
857 3937 928 3974 uuus
945 3921 1050 3990 iugens
1067 3939 1113 3992 ap.
1133 3921 1200 3975 Mel.
1220 3927 1247 3987 3,
1266 3925 1292 3977 2.
1332 3923 1398 3994 Ap-

171 3997 256 4060 paret
280 3999 377 4044 autem
402 3989 488 4056 clare,
517 4000 618 4067 gentes
644 3993 684 4046 ibi
705 4001 856 4063 terrasque
879 3995 970 4048 nisse
997 3993 1133 4064 pluribus
1160 3993 1278 4048 lacubus
1297 3996 1398 4049 inter·

173 4061 320 4116 stinctas.“
338 4061 419 4130 Lips.
446 4063 655 4131 cf.ad1,eo,
677 4069 703 4118 1.
724 4093 756 4108 -·
776 4065 920 4118 Amisiam
937 4067 1046 4130 flumem
1074 4083 1103 4118 v.
1122 4065 1159 4118 sd
1178 4071 1204 4133 l,
1224 4071 1271 4132 to,
1293 4071 1318 4120 l.
1360 4069 1396 4121 1n

174 4133 232 4188 MS.
251 4133 400 4187 amieriam
419 4143 448 4188 et
466 4153 483 4187 a
501 4153 540 4187 m.
561 4151 617 4190 sec.
637 4137 781 4190 omissioe.

244 4207 271 4259 2.
291 4205 410 4280 'classis
433 4205 563 4258 Amisiae
587 4209 690 4260 relicto
722 4210 799 4261 heco
829 4225 909 4262 omne
933 4219 990 4263 oet.
1014 4211 1102 4264 verba
1127 4211 1210 4264 varie
1234 4209 1394 4280 explicatu.

175 4271 300 4342 „Cisseis
318 4275 423 4330 relicto
441 4277 473 4330 in
491 4277 635 4334 ulteriore
654 4280 718 4351 ripa
736 4281 877 4347 fluminis,
895 4283 941 4335 uti
959 4281 1068 4348 debuit,
1088 4281 1138 4336 ssd
1156 4283 1187 4335 iu
1199 4283 1256 4336 isne
1273 4285 1396 4344 etmri
