2828 4794
237 209 525 274 1111111111.
570 199 958 300 (eumenen.)
1082 301 1085 310 ,
1167 211 1224 274 us

30 385 54 438 et
70 383 262 438 commeatus
284 378 414 460 pariter
434 375 528 450 vehi:
552 379 721 463 integrum
743 376 888 458 equitem
904 395 1067 460 equosque
1089 398 1149 460 per
1164 397 1224 439 ora

31 469 53 521 et
69 461 171 524 alveos
191 463 365 522 fluminum
389 459 496 522 media
516 463 551 520 in
574 459 752 534 Germania
773 461 855 522 fore.

81 601 102 651 1.
120 613 152 649 eo
170 595 270 664 specie,
295 612 329 650 eo
355 615 376 650 s.
398 595 449 650 sub
467 611 501 650 so
519 603 683 668 praetextu,
712 603 744 648 ut
761 593 853 664 speeie
872 603 901 648 et
917 611 969 663 per
986 596 1105 663 speciem
1125 603 1149 662 1,
1177 601 1220 654 44.

29 673 47 732 4,
62 669 82 723 b.
100 672 142 723 44.
162 669 190 732 5,
209 669 237 723 8.
258 669 302 734 tt,
321 672 349 724 3.
370 697 402 707 -
422 669 513 722 suetis
532 667 702 736 legionibus,
722 667 914 720 Germanicis.
934 685 964 718 v.
985 671 1010 732 l,
1030 671 1056 723 3.
1077 676 1107 721 et
1125 673 1168 724 31.
1190 703 1222 711 -

29 741 89 790 notis
101 739 278 807 provintiis:
297 739 462 805 ‚,omnibus,
491 755 564 808 quae
583 740 614 791 in
633 739 751 792 Oriente
770 739 842 803 sive,
867 745 901 789 ut
925 755 951 790 c.
970 741 1006 793 43
1022 738 1116 808 dicit,
1151 757 1223 810 quae

29 811 85 862 mari
101 810 282 876 dividuntur,
301 811 465 879 impositum
482 827 548 862 cum
567 810 692 880 imperio
706 807 920 880 proconsulari,
941 809 1005 862 dolo
1018 841 1047 850 —
1059 811 1222 876 obiecisset,

28 899 94 952 quem
110 883 174 952 ipse
191 881 393 948 meditabatur,
412 883 495 934 utin
514 881 683 957 longinquis
702 880 776 934 locis
797 898 861 932 eum
876 896 993 948 ¹veneno
1019 881 1148 943 tolleret,
1174 883 1223 934 ob-

29 951 134 1006 scuriore
159 952 203 1004 sic
220 953 329 1006 iama.“
357 951 435 1022 Lips.
474 951 624 1006 Obiectare
651 951 764 1004 casibus
794 951 923 1021 aliquem
948 952 1114 1006 imitatione
1141 954 1221 1029 Virg.

29 1025 121 1091 11117,
147 1024 320 1091 75111111,
346 1025 416 1077 lirn.
455 1057 486 1066 -
524 1029 629 1094 quanto
654 1023 770 1075 nemore
792 1022 823 1074 in
848 1039 908 1074 eum
936 1023 1035 1075 studia
1053 1023 1177 1076 militnm
1196 1033 1223 1076 et

28 1103 111 1164 quanto
129 1095 223 1171 magis
242 1111 343 1148 averse
358 1096 460 1164 palmi
478 1096 619 1162 colantes,
638 1101 719 1148 tanto
733 1094 898 1148 celerandae
916 1094 1058 1152 victoriae
1074 1095 1223 1161 intentior,

29 1173 51 1215 ut
64 1163 110 1232 ὅσῳ
126 1161 183 1252 γὰρ
201 1161 279 1238 ὑμεῖς
297 1167 417 1228 ἐκείνους
435 1165 592 1220 ἀποθανεῖν
611 1159 734 1234 εὔχεσθε,
757 1160 875 1232 τοσούτῳ
894 1160 1000 1218 ἅπασιν
1023 1161 1075 1232 ἡδὺ
1093 1185 1223 1238 προσπο-

28 1241 105 1288 tensis
120 1239 193 1309 ιμᾶς
217 1234 444 1291 niroir'huoian.
480 1237 515 1290 D.
544 1238 580 1292 de
597 1238 634 1292 Μ.
653 1239 680 1304 6,
700 1241 726 1294 4.
753 1246 782 1292 et
800 1239 997 1310 Λημοκρατίαν
1018 1233 1225 1310 ἐγιγνώσκομεν

28 1308 219 1380 deposuistis
235 1327 269 1374 n,
306 1312 353 1362 καὶ
370 1307 451 1370 αὐτὸς
477 1306 589 1369 οὐδενὸς
606 1301 642 1360 ἄν
656 1313 763 1381 χεῖρον,
792 1303 847 1376 ὅσῳ
865 1311 912 1360 nat
935 1305 1126 1382 λοιδορήσαιμι
1144 1309 1225 1364 11111-

29 1379 75 1448 cyd.
92 1381 116 1444 6,
134 1383 179 1436 89.
200 1396 271 1451 quos
290 1381 472 1452 comparavit
488 1379 660 1436 Ramshorn.
686 1380 785 1434 Gram.
804 1399 833 1450 p.
852 1382 915 1436 315.
948 1381 992 1436 Cf.
1018 1381 1052 1432 ad
1077 1387 1102 1447 l,
1131 1384 1222 1447 57,1.

28 1482 50 1490 —
66 1457 186 1504 tractare
202 1451 376 1520 proeliorum
393 1453 455 1506 vics
474 1461 530 1506 cet.
560 1467 680 1519 „secum
699 1469 745 1506 eas
763 1452 926 1522 pensitabat
943 1459 1051 1517 mente,
1078 1455 1225 1506 consulta·

28 1521 61 1572 bat
82 1523 113 1576 ds
134 1523 222 1577 modo
248 1523 319 1576 belli
344 1542 411 1589 cum
436 1523 590 1578 Germanis
638 1523 748 1584 arandi,
778 1531 808 1577 et
831 1523 948 1594 quidem
973 1525 1174 1593 comparandis
1196 1535 1225 1578 et

26 1594 151 1662 prosperis
166 1601 195 1647 et
208 1594 346 1664 adversis,
365 1613 438 1667 quae
452 1595 507 1649 sibi
521 1603 603 1648 antea
616 1541 672 1648 iilo
685 1596 717 1647 in
729 1593 807 1647 bello
820 1593 994 1658 evenissent‚·
1014 1593 1089 1647 unde
1102 1595 1172 1648 colli
1196 1614 1224 1648 e-

27 1663 69 1730 bat,
85 1668 224 1736 optimum
237 1669 312 1733 fore,
333 1669 358 1720 si
369 1684 424 1738 per
435 1685 515 1722 mare
528 1667 741 1743 ingrederetur.
762 1664 811 1718 Sic
823 1665 871 1718 oin
890 1666 991 1720 modus
1005 1666 1051 1718 rei
1070 1615 1194 1742 gerentig

27 1737 179 1803 tractandae,
200 1739 427 1809 consequendae,
447 1755 492 1808 ap.
507 1739 567 1794 Cic.
583 1753 628 1808 ep.
642 1739 668 1802 4,
688 1741 730 1792 13.
750 1737 785 1789 ad
798 1737 830 1804 Q.
846 1740 883 1789 tr.
902 1743 927 1804 1,
945 1743 967 1792 t.
982 1753 1024 1790 or.
1038 1741 1064 1802 1,
1080 1741 1123 1794 19.
1144 1732 1224 1808 λύρης

26 1803 105 1874 μύθων
121 1811 198 1882 οἴμοι
216 1826 261 1880 ap.
282 1809 397 1864 Gallim.
419 1811 454 1862 11.
475 1812 507 1862 in
524 1809 610 1862 Dian.
630 1807 679 1861 ubi
698 1827 727 1860 v.
748 1825 821 1877 quae
844 1807 916 1874 dixi,
943 1804 1005 1861 ὁδοὶ
1028 1809 1076 1861 τοῦ
1101 1809 1224 1881 πολέμου

54 1879 201 1950 .'l'hucyd.
223 1880 444 1946 1,12.“Ern.
481 1881 526 1936 cf.
554 1881 588 1934 ad
608 1885 632 1946 1,
651 1881 697 1946 54,
716 1883 743 1934 3.
773 1879 850 1944 „Sed
869 1897 914 1951 ap.
934 1878 1065 1950 Thucyd.
1091 1879 1154 1933 ὁδοὶ
1181 1892 1225 1935 est

27 1895 56 2000 ii.
72 1952 112 2020 qd.
130 1949 270 2024 ἀφορμαὶ,
289 1960 318 2005 et
335 1951 365 2010 11.
377 1953 398 2005 1.
409 1953 481 2006 ‘cios
498 1951 619 2023 proprie
638 1951 787 2026 intelligo,
813 1968 871 2004 non
891 1951 1009 2004 modum
1027 1951 1100 2005 belli
1120 1971 1225 2030 geren-

26 2019 118 2086 11,εωί
136 2026 215 2076 ciam
233 2024 275 2075 sic
294 2041 348 2076 usu
386 2032 415 2076 at
432 2023 499 2079 Tac.
519 2021 593 2079 Ann.
615 2027 641 2088 1,
659 2023 703 2077 54.
723 2029 752 2074 et
770 2021 876 2074 lustin.
896 2025 941 2086 31,
961 2024 987 2076 5.
1009 2022 1124 2092 Optime
1143 2024 1225 2078 Alle-

27 2093 139 2148 1nandos:
158 2097 300 2172 cogitare,
320 2041 422 2164 (soiius
441 2096 498 2148 ciis
516 2095 632 2147 hostem
650 2093 685 2145 ad
693 2111 822 2168 pugnam
833 2092 984 2146 eliceret.“
1008 2095 1097 2160 Wolf.
1123 2095 1225 2162 „Utri-

27 2179 67 2226 que
83 2165 269 2235 explicationi
289 2166 404 2218 obstant
428 2166 577 2236 sequentia
604 2164 639 2216 ad
658 2163 734 2216 idem
760 2164 883 2216 verbum
902 2169 1029 2216 tractare
1053 2167 1222 2220 referenda:
1280 2166 1283 2172 ’

26 2237 201 2296 11111111-
223 2238 390 2290 euenissent.
428 2238 506 2288 Hinc
532 2241 660 2289 tractare
682 2235 858 2303 proeliorum
884 2234 946 2286 cias
972 2243 1015 2288 est
1040 2236 1072 2288 in
1096 2239 1226 2292 animum

26 2313 188 2359 revocasset
208 2313 343 2374 reputare
362 2307 436 2370 vias,
456 2325 525 2377 quas
544 2306 693 2376 hucusque
712 2313 776 2360 erat
795 2313 908 2358 secutus
934 2307 965 2356 in
993 2305 1225 2374 expeditionibus
1263 2319 1264 2327 ¹

25 2383 105 2427 contra
124 2375 321 2430 Germanos..“
343 2375 450 2430 Want.
471 2409 503 2418 -
523 2375 641 2428 tertium
658 2377 718 2426 iam
736 2389 855 2426 annuns.-
883 2375 972 2426 immo
990 2374 1091 2444 plures
1110 2385 1140 2429 et
1158 2394 1226 2430 con-

25 2443 102 2496 tinuos
119 2466 135 2500 a
153 2447 238 2500 clade
255 2447 335 2510 Vari,
365 2456 486 2516 excepto
514 2445 679 2498 consulatus
707 2460 796 2498 anno:
828 2443 877 2496 sed
900 2443 1028 2498 Tacitus
1046 2465 1062 2500 a
1080 2455 1226 2517 postrema

26 2514 72 2564 eius
87 2517 225 2570 missione
244 2534 333 2569 annos
352 2526 495 2582 numerat,
515 2533 588 2588 quae
605 2517 664 2568 fuit
682 2513 782 2569 exacto
801 2515 953 2568 consulatu
973 2515 1035 2569 eius
1060 2535 1086 2570 a.
1107 2519 1143 2572 U.
1163 2523 1224 2578 765.

24 2585 63 2637 sub
70 2587 192 2664 Augusti
205 2595 348 2656 mortem
367 2586 447 2656 Lips.
466 2587 521 2654 ,,Α.
535 2588 571 2640 U.
587 2605 612 2639 c.
626 2588 687 2643 764.
702 2603 768 2640 cum
779 2587 903 2656 imperio
913 2589 1061 2658 profectus
1072 2598 1116 2642 est
1125 2599 1226 2645 contra

24 2655 176 2725 Germanos,
197 2677 222 2713 a„
242 2661 304 2714 765.
324 2659 401 2713 bello
420 2661 521 2716 Germ.
541 2659 600 2712 dux
618 2657 787 2723 destinatus,
807 2665 837 2711 et
855 2675 881 2711 a.
901 2659 962 2715 766.
988 2659 1024 2712 ad
1041 2659 1098 2712 hoc
1116 2661 1225 2715 bellum

25 2731 153 2794 proiectus
173 2738 226 2784 est.
264 2730 334 2784 lnde
352 2747 423 2784 vero
441 2730 629 2800 computandi
648 2737 717 2782 sunt
733 2737 794 2782 tres
814 2730 898 2782 anni:
923 2747 989 2783 nam
1008 2739 1075 2785 ante
1094 2735 1226 2788 consula·

24 2807 70 2851 tum
87 2821 111 2854 a.
130 2804 195 2859 765.
214 2817 274 2853 non
292 2802 380 2866 solus,
413 2802 463 2856 sed
480 2801 593 2870 Tiberii
618 2801 757 2872 auspiciis
775 2801 965 2876 belligeravit
991 2820 1046 2856 nec
1071 2805 1226 2876 quicquam

25 2881 165 2926 memoratu
219 2873 226 2886 '
249 2877 323 2924 num'
348 2873 430 2929 fecit.
468 2873 515 2926 cf.
539 2871 594 2925 Dio
619 2874 664 2933 56,
689 2873 798 2928 1516.
832 2888 925 2939 saevo,
955 2882 988 2926 ut
1021 2891 1065 2944 ap.
1091 2875 1224 2948 Xenoph,

1181 1685 1223 1734 ae,

26 2941 160 3016 simpl,
183 2949 209 3011 1,
249 2939 618 3014 .ni1nlsmi,adversa.“
650 2941 755 2998 Want.
775 2943 879 2996 Verius
899 2953 973 2998 esset
991 2961 1090 2998 scaevo
1109 2946 1129 2998 i.
1143 2965 1166 3000 e.
1186 2949 1226 3000 si·
1304 2997 1308 3008 ,

25 3013 111 3078 nistra,
130 3015 211 3085 Lips.
234 3014 325 3080 „Fuit
343 3033 432 3086 quum
450 3009 622 3068 lascivirent
640 3017 671 3068 in
688 3013 745 3067 hoc
763 3014 905 3066 vocabulo
926 3017 1034 3085 passim
1054 3017 1225 3072 inculcando

26 3083 138 3157 ingenia:
158 3088 209 3140 sed
226 3089 303 3140 raris
321 3087 471 3156 processit.
509 3084 627 3139 Saevum
645 3093 690 3140 est
708 3084 855 3138 interdum
873 3103 973 3159 grave,
1001 3087 1117 3152 durum,
1144 3107 1226 3159 aspe-

25 3171 82 3220 rum,
99 3161 234 3216 crucians
253 3166 283 3211 et
301 3157 372 3211 hinc
389 3159 554 3222 adversum,
574 3177 604 3212 v.
625 3175 650 3210 c.
671 3157 827 3224 negotium,
847 3155 938 3222 dolor,
967 3163 1129 3227 tempestas,
1154 3175 1226 3228 pau-

24 3234 109 3294 pertas,
128 3237 254 3294 catenae,
274 3228 464 3282 necessitas.“
483 3229 569 3282 Gran.
598 3259 631 3270 -
651 3229 713 3280 acie
730 3233 758 3280 et
776 3225 866 3280 iustis
884 3227 955 3282 locis
993 3246 1027 3284 ro
1051 3231 1114 3285 acie
1131 3218 1226 3286 411ὀό-

25 3299 66 3348 sna
82 3300 159 3354 loeis.
188 3301 281 3354 luatis
298 3317 354 3372 pro
372 3301 471 3370 aequis
489 3317 563 3353 nova
581 3295 709 3364 dictum
736 3297 814 3366 lips.
834 3300 927 3354 lmrno
954 3247 1066 3356 itioneis
1093 3303 1128 3357 ad
1151 3301 1181 3374 p*

26 3369 140 3437 nandum,
160 3371 260 3443 qualia
278 3381 347 3425 sunt
364 3391 464 3442 aequa,
483 3372 586 3442 plana;
612 3371 699 3438 Wolf.
719 3371 829 3422 lustum
846 3371 956 3424 dicitur
974 3369 1050 3442 qudd
1069 3383 1122 3441 est,
1141 3316 1226 3446 qffie

26 3455 72 3492 esse
89 3443 118 3494 in
136 3459 189 3496 suo
214 3460 322 3522 genere
341 3443 438 3508 debet;
471 3439 577 3496 Watn.
598 3476 631 3486 -
648 3447 835 3512 praematura
854 3439 952 3510 bieme,
970 3461 1000 3495 v.
1020 3443 1055 3497 ad
1070 3445 1106 3498 G.
1127 3449 1161 3504 27
1179 3465 1224 3518 pr.

25 3539 49 3548 -
65 3513 159 3567 denno
183 3531 328 3568 annorum
353 3514 450 3582 offic&
479 3517 518 3567 cf.
538 3519 565 3579 1,
585 3517 630 3569 71.
654 3522 727 3568 extr.
756 3527 813 3584 quo
832 3516 901 3568 satis
929 3511 1097 3568 defenditur
1123 3517 1225 3594 vulga·

25 3585 191 3654 tum31tycle.
211 3595 240 3640 et
258 3587 345 3639 (ἕσσο.
367 3615 398 3623 -
418 3587 511 3651 fessas
530 3584 643 3639 Gallias
660 3585 867 3640 ministrandis
884 3586 975 3654 equis,
994 3588 1032 3642 cf.
1053 3591 1078 3653 1,
1098 3591 1142 3644 71.

78 3659 104 3710 7.
122 3657 150 3710 si
168 3673 248 3710 mare
266 3657 395 3710 intretur
413 3663 468 3710 cat.
504 3659 579 3710 Nam
597 3657 720 3711 Romani
738 3655 874 3711 triremes
894 3665 923 3710 et
941 3657 1062 3710 classem
1081 3659 1113 3712 in
1124 3658 1224 3715 Rheno

24 3731 45 3774 tt
59 3724 165 3782 oceano
184 3729 372 3794 ordinariam,
392 3728 531 3783 Germani
549 3745 608 3783 non
626 3730 687 3782 nisi
705 3727 824 3803 navigia
847 3729 985 3798 quaedam
1009 3727 1151 3784 habebant
1177 3749 1225 3786 eo-

24 3811 127 3874 rqmqne
145 3800 233 3854 rudes
253 3807 336 3853 erant
353 3799 408 3853 illo
427 3816 512 3866 aevo;
531 3797 610 3869 Lips.
631 3833 663 3843 ·-
686 3805 856 3870 promptam,
873 3797 1002 3866 facilem,
1020 3802 1093 3870 ipsis
1112 3818 1226 3870 posses-

24 3880 122 3938 sionen,
139 3869 172 3927 h.
189 3887 215 3924 e.
233 3871 453 3942 occupationem
472 3889 511 3924 sc.
530 3874 637 3925 maris:
661 3889 728 3926 nam
743 3870 893 3938 possidere
911 3879 956 3925 est
973 3873 1120 3927 interdum
1139 3890 1226 3928 occu-

24 3954 91 4008 μη,
110 3943 201 3997 Gron-
236 3942 368 4010 Posside,
388 3959 447 3996 non
458 3943 600 4012 possideo,
620 3943 723 4002 estid.
743 3941 791 4014 qd.
811 3958 931 4014 occupo,
951 3951 980 3998 et
995 3945 1139 4011 possessio
1154 3943 1224 3999 hinc

25 4015 167 4082 occupatio.
198 4014 242 4070 cf.
262 4017 306 4079 11,
325 4017 370 4070 21.
394 4015 432 4066 11.
452 4017 480 4081 a,
498 4017 524 4071 e.
543 4017 587 4073 ss.
612 4017 686 4093 Agr.
706 4017 748 4070 ιο.
773 4013 843 4070 sau.
863 4016 928 4092 lug.
949 4019 993 4072 is.
1022 4017 1085 4072 niv.
1105 4019 1150 4082 n,
1178 4019 1222 4073 σο.
1316 4039 1319 4048 -

23 4081 56 4142 n,
72 4087 113 4139 31.
131 4087 180 4152 33,
199 4089 243 4142 so.
262 4087 308 4150 ta,
325 4087 370 4141 73.
403 4086 462 4140 cic.
483 4085 556 4172 Agr.
578 4089 649 4154 1,1,
676 4085 711 4140 ad
728 4085 836 4140 lieren.
857 4089 883 4152 l,
904 4091 946 4140 11.
969 4093 998 4139 et
1023 4089 1105 4143 Verr.
1125 4091 1152 4154 3,
1179 4091 1222 4144 68.

23 4151 178 4211 „Possessio
197 4157 246 4210 vel
264 4156 340 4210 actio
358 4165 402 4209 est
419 4158 467 4210 τοῦ
484 4163 603 4210 ascetae
621 4159 641 4210 i.
653 4175 678 4210 e.
698 4157 863 4225 occupandi,
887 4157 936 4210 vel
956 4165 1046 4210 status
1072 4165 1100 4209 et
1126 4157 1224 4212 condi-

24 4224 55 4274 tio
70 4229 114 4280 rosi
131 4228 293 4294 κεκτῆσθαι,
310 4227 456 4282 habendis.
468 4229 494 4280 si
510 4229 604 4300 prins,
622 4249 639 4283 a
658 4227 751 4282 verbo
761 4230 892 4298 possiem
911 4229 936 4280 si
954 4227 1110 4298 posterius,
1129 4245 1224 4300 spos·

22 4295 95 4352 sileo.
133 4301 229 4355 nocua
246 4307 351 4367 autem,
369 4317 456 4372 quem
473 4301 588 4370 proelio
605 4300 750 4356 delectum
774 4299 979 4372 occupavimus
1007 4297 1142 4372 hostique
1167 4303 1224 4356 eri-
