2774 4784
304 193 633 278 senoensem
653 209 820 280 mom.
865 215 895 302 ς.
917 213 945 279 1.
1076 207 1080 214 ’
1192 211 1231 268 11

193 373 236 452 A.
253 373 456 458 1161846.
484 377 571 456 etr.
585 379 645 458 93.
673 381 847 481 Aguhb‘.
881 375 1046 458 Toull.

126 495 296 595 Agricola
328 503 497 594 moritur,
537 525 679 574 veneno
718 502 870 576 fortasse
910 503 1151 596 interceptus,
1193 512 1229 573 et

61 591 181 672 Potitus
201 601 239 670 in
269 599 413 673 Urbem
451 601 554 674 redit
590 603 677 696 Agr.
703 602 738 676 2.
766 601 878 678 43-
891 602 948 678 45.
1002 600 1120 672 Corus
1152 599 1228 672 Me-

56 703 115 788 tius,
134 697 228 772 Cotta
250 699 469 774 Messalinus
493 713 530 788 et
553 701 714 774 Baebius
740 703 861 776 Massa
891 701 1079 774 delatores.
1138 699 1228 772 Hel-

55 799 143 870 u'dius
170 800 296 891 iunior,
338 801 525 874 Arulenus
555 803 727 875 Rusticus
763 813 802 874 et
830 803 1041 874 Herennius
1073 799 1227 872 Senecio

53 899 185 970 damnati.
208 925 240 970 v.
254 901 342 996 Agr.
359 899 415 976 45.
441 902 509 974 ubi
535 901 624 974 dicit
648 903 814 976 nostroe‘
829 899 1069 992 (senatorum)
1100 923 1229 974 monus

51 993 155 1072 lucos
177 997 383 1074 Helvidium
407 999 446 1074 io
469 1023 665 1076 carcerem.

292 1129 341 1223 A,
359 1132 406 1210 ll.
421 1129 462 1208 0.
476 1133 563 1211 847.
590 1131 677 1210 Otr.
691 1135 753 1210 94.
784 1129 875 1210 Tuo.
888 1135 949 1210 42.
1137 1146 1141 1154 “

118 1251 223 1344 Arrio,
247 1253 400 1348 Fennis,
426 1255 591 1348 Gratilla,
617 1257 749 1330 Iunius
768 1257 958 1330 'Mauricus
984 1264 1020 1327 et
1040 1251 1227 1326 Arulenus

49 1349 179 1424 Rusticus
200 1354 241 1424 in
264 1355 440 1428 exsilium
465 1357 546 1427 acti.

284 1487 339 1560 A.
355 1487 399 1563 U.
414 1485 456 1562 0.
470 1487 557 1564 848.
587 1485 673 1563 Otr.
687 1489 747 1564 95.
782 1483 875 1564 Tuo.
890 1486 951 1562 43.

117 1584 321 1685 Interempti
345 1589 490 1664 Acilius
515 1587 680 1682 Glebrio,
705 1591 857 1664 Flavius
878 1587 1052 1662 Clemens
1077 1587 1225 1685 aliique.

47 1681 253 1760 Mathematici
278 1701 316 1761 et
341 1689 557 1786 philosophi
581 1692 720 1764 iterum
734 1690 837 1764 Urbe
862 1689 971 1785 pulsi.
997 1690 1085 1786 Agr.
1108 1683 1144 1762 2.
1167 1688 1225 1764 45,

46 1779 97 1852 Dio
114 1781 166 1876 67,
192 1786 246 1862 13.
288 1789 426 1862 Euseb.
452 1789 592 1863 Chron.
626 1791 672 1862 od
698 1815 729 1862 o.
755 1791 898 1864 Domit.
923 1789 1008 1864 XV.

281 1925 331 1997 A.
351 1923 395 2000 U.
415 1920 455 1998 0.
469 1925 555 2000 849.
583 1921 671 1998 etr.
686 1925 747 2000 96.
778 1919 870 1999 Tac.
884 1923 945 1999 44.

113 2019 198 2116 Imp.
223 2010 358 2100 Nlroo
383 2029 502 2098 occiso
527 2025 753 2100 Domitiano.
1039 2047 1043 2060 ’

281 2163 330 2232 A.
349 2153 397 2231 U.
414 2153 454 2232 0.
466 2156 554 2235 850.
584 2155 745 2234 06497.
776 2152 870 2234 Tac.
883 2157 944 2234 45.

116 2245 263 2330 Tacitus
288 2258 420 2332 consul
444 2260 529 2332 suff.
554 2261 595 2332 in
619 2259 747 2332 locum
770 2261 940 2354 Verginii
969 2257 1056 2332 Rufi
1087 2257 1228 2330 summi

40 2347 98 2440 ”lb
119 2355 176 2450 qui
197 2357 404 2452 imperium
429 2384 450 2432 a
475 2358 709 2432 Germanicis
733 2357 945 2454 legionibus
960 2359 1039 2460 sibi
1059 2355 1227 2428 oblatum

39 2462 208 2526 constenter
231 2459 488 2554 repudiaverat
512 2471 549 2532 et
573 2459 770 2531 defunctus
794 2483 826 2530 a.
841 2481 1050 2530 successore
1074 2479 1143 2551 pro
1168 2479 1227 2526 ro-

39 2549 99 2622 stn's
118 2553 280 2630 laudatus
299 2567 365 2630 est
392 2581 426 2628 v.
443 2559 531 2652 Agr.
547 2557 582 2634 3.
609 2557 706 2630 Plin.
724 2582 781 2652 ep.
798 2556 836 2650 2,
858 2558 890 2630 l.
916 2557 990 2628 Dio
1007 2556 1068 2648 67,
1083 2553 1143 2630 24.
1165 2553 1225 2628 25.

39 2644 122 2736 682
145 2665 180 2727 et
202 2657 288 2730 lasti
312 2681 411 2729 cons.
462 2659 643 2730 Traianou
675 2658 840 2730 aNervs
871 2679 959 2728 cum
991 2655 1152 2751 imperio
1185 2655 1226 2724 in

38 2743 240 2828 Germaniam
265 2757 439 2850 mittitur,
464 2758 660 2854 adoptetur
684 2765 722 2829 et
744 2758 786 2836 in
810 2767 938 2830 senatu
956 2753 1120 2830 Caesaris
1136 2753 1226 2828 Ger-

37 2851 141 2923 manici
163 2855 273 2928 titulo
298 2857 507 2952 insignitur.

278 2991 327 3063 A.
347 2989 392 3066 U.
408 2985 449 3064 0.
462 2989 549 3066 851.
576 2987 664 3064 Otr.
677 2989 739 3068 98.
773 2983 864 3065 Tac.
879 2989 939 3065 46.

108 3103 216 3181 Nerva
239 3111 400 3184 moritur
424 3122 461 3184 et
485 3107 542 3184 M.
573 3109 711 3216 Ulpius
746 3102 939 3184 Troianus
963 3109 1060 3206 Imp.
1096 3105 1226 3180 satute-

37 3205 78 3269 tur
97 3203 145 3277 lv
166 3207 246 3282 Kal.
273 3209 382 3288 Febr.

274 3347 324 3417 A.
342 3340 437 3420 UO.
449 3343 535 3422 853.
561 3339 647 3420 Oltr.
662 3343 746 3420 100.
781 3339 873 3418 Tac.
887 3342 949 3420 48.

113 3431 267 3518 Tacitus
291 3448 394 3520 adest
418 3448 613 3540 Africanis,
648 3447 714 3544 qui
737 3447 899 3520 Marium
921 3445 1091 3518 Priscum
1124 3465 1223 3538 proc.

35 3543 291 3630 repetundarum
315 3557 579 3620 accusaverant.
606 3569 641 3618 v.
664 3545 761 3618 Ptin.
789 3572 846 3643 ep.
873 3547 909 3639 2,
938 3545 994 3618 ll.
1046 3545 1103 3616 Ex
1128 3543 1224 3614 eius-

34 3633 98 3706 dem
118 3643 217 3737 epist.
239 3647 274 3736 l,
299 3645 333 3720 6.
351 3646 411 3721 20.
437 3647 604 3740 2,1.11.
631 3643 668 3740 3,
693 3647 749 3720 16.
775 3643 888 3738 4,13.
919 3641 1053 3720 1516.
1080 3643 1115 3732 5,
1133 3644 1168 3719 8.
1188 3642 1225 3734 6,

33 3733 50 3806 o
79 3737 125 3812 lo.
147 3741 204 3818 ro.
239 3747 276 3836 7,
297 3745 357 3820 20.
375 3745 439 3834 ss.
468 3747 643 3838 s,7.1o.
679 3747 715 3838 9,
743 3747 799 3820 ro.
829 3745 883 3820 14.
910 3741 1225 3839 reomenses,
1364 3799 1366 3806 .

34 3849 138 3928 quanta
160 3853 196 3914 et
218 3845 350 3919 Tacito
374 3847 486 3918 fuerit
510 3869 597 3920 cum
614 3845 737 3918 Plinio
763 3843 1001 3936 familiaritas,
1027 3843 1064 3916 et
1088 3843 1224 3915 utrius-

34 3955 85 4025 que
105 3939 194 4014 lama
218 3969 261 4018 ac
287 3945 487 4020 celebritas.

85 4073 128 4146 A.
144 4075 186 4151 U.
203 4073 249 4156 0·
261 4078 486 4156 853-856.
515 4075 606 4156 Otr.
622 4078 844 4154 roo-103.
877 4075 1148 4154 Taces-51.

107 4173 226 4250 Prima
250 4180 424 4254 adversus
450 4183 569 4254 Dacos
602 4203 806 4278 eorumque
838 4203 963 4276 regem
994 4175 1224 4253 Decobulum

35 4273 188 4364 ει996160
212 4279 363 4354 Traiani
387 4291 425 4355 et
448 4279 662 4376 triumphus
686 4281 852 4355 Decium.
