2774 4784
369 177 555 260 scarrm
581 193 760 263 Tucim.
788 197 818 282 §-
840 197 882 263 11.
920 210 924 216 ·
953 160 955 164 ’
1155 195 1222 254 nu

237 369 607 456 scalers
681 343 990 457 saorra

389 528 415 596 1.
458 531 616 596 HAUD
648 531 839 599 DUBlA.

116 670 147 764 ᾖ.
171 667 217 742 ll.
273 673 305 744 1.
340 670 435 746 Vita
461 670 677 768 Agricolae.
720 671 879 746 'Tacitus
903 671 1031 764 libros,
1065 673 1129 768 qui
1163 697 1222 746 su·

46 771 175 860 perstites
206 781 303 862 suut,
347 796 421 844 non
454 797 510 862 eo,
545 796 657 867 quem
683 772 840 844 editores
872 795 917 842 ex
941 773 1116 872 dignitate
1140 771 1222 844 illo-

46 893 105 938 rum
132 892 323 967 rerumque
356 883 540 966 gestarmn
572 873 665 943 serie
697 873 936 962 induxeramt,
978 874 1118 966 ordine,¹
1158 873 1223 944 sed

43 966 96 1036 dio
114 969 264 1062 mdpsit3
290 971 337 1042 de
362 994 436 1065 quo
461 973 549 1044 scite
568 972 803 1066 disputarunt
818 971 1013 1042 Passovius
1028 972 1069 1043 iu
1085 971 1222 1044 wach-

45 1065 90 1136 ieri
110 1066 346 1140 Philomathia
371 1071 462 1168 'r.1.
497 1095 534 1166 p.
554 1071 731 1146 29—67.
758 1069 828 1140 viri
855 1070 952 1142 docti
983 1072 1024 1140 in
1049 1067 1224 1142 Seebodii

43 1165 112 1236 Biot.
142 1169 212 1240 crit.
245 1193 278 1240 a.
306 1169 412 1244 1824.
446 1195 483 1264 p.
512 1169 607 1244 1374
628 1194 681 1265 eq.
726 1180 763 1241 et
792 1193 823 1240 a.
854 1169 958 1246 1825.
999 1193 1034 1264 p.
1069 1168 1139 1243 194
1168 1191 1220 1263 sq.

43 1264 154 1336 ercb.
178 1269 224 1340 ad
248 1268 339 1363 Agr.
366 1294 402 1364 p.
427 1270 497 1343 loo
521 1294 576 1365 sq.
598 1269 674 1343 ’121
692 1294 743 1365 sq.
775 1267 854 1342 132.
881 1279 918 1340 et
933 1267 1032 1340 Bach
1056 1270 1098 1338 in
1122 1265 1222 1362 Allg.

42 1362 204 1438 Scbnlceit.
230 1392 261 1438 a.
285 1365 392 1444 1831.
420 1393 455 1463 p.
474 1369 546 1444 841
565 1391 618 1464 sq.
645 1394 676 1439 a.
700 1366 805 1444 1832.
832 1392 868 1462 p.
888 1365 993 1443 1039.
1020 1367 1223 1463 Postquam

42 1465 92 1532 sub
108 1465 323 1560 Vespasiano
349 1479 385 1538 et
411 1469 510 1559 Tito,
541 1469 722 1562 aquibus
756 1467 892 1562 artium
917 1467 1037 1538 honor
1061 1468 1224 1560 bonique
1366 1526 1373 1570 ·,

43 1585 132 1634 maes
152 1567 311 1638 restituti
336 1577 449 1658 erant,
473 1568 618 1640 iuvenis
642 1589 793 1664 operatu
818 1565 1223 1661 dederat'eloquentiae,

42 1664 86 1732 sed
99 1663 233 1738 siluerat
243 1689 314 1761 per
325 1667 537 1763 quindecim
551 1691 676 1757 annos,
690 1667 826 1762 quibus
837 1677 876 1738 et
888 1665 1064 1760 loquendi
1073 1666 1222 1736 audien-

42 1759 123 1856 dique
144 1768 410 1838 commercium
434 1789 501 1860 per
523 1767 783 1861 inquisitiones
808 1765 1023 1860 ademptum
1047 1789 1068 1834 a
1092 1765 1220 1837 Domi-

42 1860 129 1950 ianm
158 1875 241 1958 post
274 1877 436 1938 mortem
460 1865 573 1937 huius
606 1866 754 1960 tyranni
784 1865 1024 1959 primumque
1049 1863 1222 1935 beatioris

41 1961 139 2032 aaa
175 1975 299 2036 ortum
341 1965 533 2036 historiam
570 1967 841 2060 Imperatorum
884 1963 1137 2036 Romanorum
1176 1963 1222 2030 ab

40 2059 161 2152 Augusti
190 2064 350 2158 imperio
384 2065 430 2136 sd
464 2064 614 2136 Traiani
648 2063 803 2154 obitum,
840 2063 1045 2136 memoriam
1073 2060 1224 2163 prioris

39 2159 194 2232 satura
224 2175 282 2234 oc·
308 2163 548 2236 testimoniam
568 2161 822 2264 praecentione
856 2159 1040 2249 bonoram,
1054 2173 1221 2255 'compo-
1249 2245 1264 2253 -

39 2281 110 2346 aare,
130 2261 227 2352 prius
250 2287 342 2333 vero
366 2265 481 2346 vitam
505 2262 698 2357 Agricolae
723 2272 898 2356 tanquam
923 2258 1097 2332 libellum
1118 2281 1220 2353 prae-

38 2360 206 2430 manuum
230 2361 382 2455 vulgare
405 2361 445 2432 in
470 2363 638 2432 animum
671 2357 875 2434 induierat.
929 2360 1100 2440 Quorum
1137 2381 1221 2430 cou-¹

38 2454 170 2531 iliorum
193 2463 355 2532 rationes
378 2460 538 2532 dilucide
564 2461 714 2556 exponit
737 2460 835 2532 Anu.
856 2460 889 2548 l,
918 2459 950 2532 l.
976 2455 1012 2548 3,
1038 2455 1099 2531 24.
1124 2455 1221 2528 Hist.

41 2551 62 2637 b
83 2555 106 2626 1.
129 2567 162 2629 et
183 2559 273 2654 Agr.
301 2583 331 2630 c.
356 2560 391 2634 2.
416 2558 451 2633 3.
502 2560 560 2632 Ex
583 2561 718 2654 primis
751 2561 917 2630 eiusdem
943 2581 1019 2650 cap.
1038 2554 1072 2630 3.
1101 2556 1223 2626 verbis

38 2653 142 2726 iudicio
166 2660 369 2732 admodum
394 2659 576 2753 probabili
602 2659 798 2753 colligitur,
831 2658 927 2730 hano
958 2658 1075 2728 vitam
1103 2657 1140 2729 in
1165 2653 1221 2726 lu·
1268 2735 1275 2742 ‚

39 2773 95 2820 uu
115 2759 290 2848 prodiisse
320 2783 349 2830 a.
377 2757 423 2831 U.
449 2756 651 2834 soona.
670 2759 739 2834 97.
769 2781 843 2852 quo
868 2757 985 2828 Nerva
1016 2757 1220 2830 Traianum

37 2850 187 2944 adoptavit
209 2858 307 2930 XIV
331 2855 409 2930 Kal.
438 2855 518 2930 Oct
546 2868 583 2928 et
606 2859 667 2930 hic
692 2859 801 2928 arrait
826 2853 1045 2950 felicitatem
1066 2853 1222 2954 ¹imperii

39 2949 120 3021 abus
141 2979 314 3050 prospere
338 2959 378 3028 in
403 2956 602 3030 Germania
625 2957 750 3052 gestis,
776 2955 906 3028 saltem
931 2955 1038 3026 initio
1060 2953 1222 3046 proximi

38 3049 115 3118 tnui:
136 3079 219 3126 nam
245 3057 407 3126 Nervae
431 3058 506 3127 vita
531 3058 684 3128 excessit
708 3080 738 3126 a.
759 3054 805 3127 U.
822 3054 906 3130 851.
933 3049 1095 3130 ill-Kal.
1114 3051 1221 3127 Febr.

38 3157 62 3214 et
80 3149 187 3248 simpl.
212 3153 356 3244 Neron,
389 3179 463 3229 nou
489 3147 606 3228 aaa
619 3153 749 3228 Nemo
780 3151 993 3249 appelletur.
1046 3147 1223 3250 Getarum

38 3247 138 3320 eodem
159 3279 187 3324 a.
206 3253 251 3326 U.
270 3253 354 3329 859.
395 3248 544 3326 Tacitus
570 3256 641 3326 fuit
665 3253 793 3328 consul
819 3251 993 3328 suffectus
1019 3261 1055 3322 et
1081 3273 1223 3322 aunum

37 3349 132 3419 atatis
153 3351 256 3426 XLV
282 3354 397 3446 egisse
428 3353 582 3426 videtur.
865 3391 872 3412 .
901 3404 903 3412 ψ

109 3465 139 3537 2
163 3465 327 3542 Libello
358 3467 403 3542 dc
428 3471 516 3561 sita,
557 3469 717 3544 moribus
751 3467 967 3588 ettpopalia
993 3463 1221 3541 Germaniae.

38 3557 118 3633 Hunc
140 3567 284 3642 Tacitus
317 3570 521 3665 imperante
546 3572 703 3644 Traiano
739 3571 927 3665 scripsisse
958 3569 1115 3639 videtur.
1162 3563 1221 3635 Cf.
1372 3615 1373 3644 1

109 3761 139 3836 3.
163 3763 368 3842 Historiae.
419 3769 497 3841 Hae
531 3771 678 3843 Tacitus
717 3781 800 3841 ante
832 3767 994 3840 Annales
1029 3776 1065 3838 et
1089 3765 1220 3836 eodem

42 3846 177 3938 Troiano
200 3879 372 3963 regnante
397 3869 531 3961 edidit3
571 3872 636 3942 sed
663 3893 736 3965 quo
761 3891 869 3963 anno,
894 3891 970 3968 non
995 3866 1121 3964 liquet.
1173 3861 1221 3934 ll-

40 3949 83 4025 1υά
105 3974 194 4053 psat
216 3993 260 4037 ex
286 3969 384 4039 Ann.
408 3970 466 4060 11,
496 3970 551 4042 ll.
577 3967 809 4063 „Utriusque
834 3964 1025 4068 Principis
1051 3963 1222 4057 (Augusti

39 4061 63 4122 tt
81 4054 225 4152 Claudii)
260 4067 427 4140 rationes
454 4069 722 4170 praetermitto
761 4067 858 4140 satia
893 4077 1076 4138 narratas
1101 4059 1222 4148 libris,

41 4154 139 4240 itibus
163 4185 220 4235 ras
246 4163 497 4269 Imperatoris
521 4143 729 4242 Domitiriai
753 4160 977 4268 conposui&
1002 4175 1039 4234 et
1063 4187 1107 4234 ex
1124 4161 1221 4231 Hist.

45 4248 65 4330 l,
89 4255 113 4326 l·
159 4259 327 4352 „Quota
350 4267 436 4340 vita
456 4263 686 4369 suppeditet,
710 4267 969 4371 principatum
993 4259 1096 4334 dici
1129 4257 1222 4332 Ner-
