2774 4784
185 209 298 268 smv
701 171 925 271 ennecus

186 385 306 481 aptius
331 379 501 470 aliorum,
527 378 591 450 sed
616 377 691 448 lere
716 377 977 450 brevissimum
1008 398 1075 448 nec
1111 373 1227 446 firmis
1259 375 1367 445 rationi

187 489 257 558 bus
283 481 485 556 subnixum
504 471 570 566 8“’)ε
598 502 685 548 nam
710 475 818 572 longe
844 476 999 572 plurimi
1025 475 1186 548 contenti
1211 473 1315 562 suere,
1342 471 1368 544 le

186 703 365 777 quaestione,
383 717 438 754 cur
456 699 643 766 recentiores,
672 715 763 770 quum
780 701 877 770 prima
894 707 1045 754 oratorum
1064 699 1180 752 saecula
1197 694 1317 772 ingeniis
1332 693 1368 770 glo

187 779 288 848 risque
299 774 493 840 effloruerint,
511 773 652 844 optimam
663 771 844 842 eloquentiae
857 771 983 844 speciem
995 787 1054 826 non
1067 769 1201 836 babeant,
1220 765 1368 844 ingeniorur

186 849 374 920 antiquorum
386 843 482 922 gloria
497 861 642 912 concessa,
666 851 764 898 tamen
780 841 1029 916 disputatiuncula
1042 842 1077 898 de
1088 843 1265 914 praestantia
1276 853 1369 922 potator

186 937 260 992 quae
286 939 303 973 a
325 918 448 971 materie
471 915 608 970 abhorret
632 915 716 986 eique
739 917 804 970 fere
830 917 977 970 centraria
1002 921 1054 982 est,
1086 913 1244 985 praemissa
1267 923 1369 962 mesore*

185 992 305 1064 explere
322 997 437 1062 partem
455 987 566 1064 dialogi
583 988 760 1057 quaestione,
779 1005 817 1042 an
829 989 869 1042 sit
881 995 1017 1043 veterum
1030 986 1197 1057 eloquentia
1207 979 1369 1057 praeferendi

185 1064 263 1132 Quae
281 1061 412 1134 quaestio
430 1078 447 1114 a
465 1059 526 1114 sola
553 1059 771 1116 contradicendi
794 1060 953 1132 cupiditate
971 1059 1102 1115 derivata
1119 1067 1202 1112 certo
1221 1054 1317 1110 iudicii
1333 1071 1369 1106 car

186 1135 262 1192 cello
281 1151 340 1190 non
359 1131 624 1199 circumscribitur,
648 1133 719 1204 ipsis
737 1131 950 1204 disputantibus
974 1131 1069 1186 inanis
1088 1131 1159 1185 visa.
1194 1130 1293 1200 Neque
1310 1127 1369 1178 mint

186 1206 319 1273 offendit,
338 1213 498 1272 auctorem,
519 1223 611 1276 quum
628 1206 739 1258 fractae
758 1203 941 1275 eloquentiae
959 1221 1057 1260 causas
1075 1203 1227 1273 prudenti,
1255 1210 1286 1254 ut
1303 1215 1370 1268 exspt

117 1323 119 1330 .
185 1281 322 1344 cureris,
342 1285 508 1348 temporum
518 1277 735 1332 existimatione
745 1277 919 1333 enarrandae
933 1275 989 1332 sibi
1000 1275 1199 1348 preposuerit,
1217 1274 1329 1330 omnino
1341 1287 1370 1348 nn

186 1353 264 1424 quod
290 1351 326 1408 ad
349 1350 598 1424 perfectissimum
621 1357 769 1404 oratorem
794 1367 827 1404 re
869 1349 964 1404 iratur
987 1347 1125 1422 expedire
1143 1346 1313 1416 munerique
1328 1351 1370 1425 ano

185 1424 282 1495 quarii
299 1423 637 1508 satisfacientemtotum
656 1439 716 1476 esse
734 1421 765 1474 in
778 1420 833 1508 ‘lau
853 1421 926 1476 anda
938 1421 1112 1508 antiquitate
1125 1427 1155 1474 et
1166 1414 1370 1508 pepstringendr

185 1495 797 1638 tttttffitts‘it*tritri
813 1489 1370 1621 sistitimittttstttl

184 1637 342 1714 prdsendit
360 1647 389 1694 et
408 1639 595 1714 cogitatione,
614 1637 665 1692 sed
682 1637 752 1691 dum
771 1637 890 1692 nomine
905 1640 983 1708 capit
997 1638 1131 1693 virorum
1143 1635 1371 1712 disertissimorust

185 1711 328 1790 angustiis
352 1709 593 1784 confabulationis
618 1709 794 1764 domesticae
822 1727 880 1763 non
908 1711 1061 1780 superatis,
1088 1707 1184 1762 studia
1211 1707 1313 1762 aetatis
1330 1703 1371 1756 iud

187 1785 276 1840 canda
294 1784 392 1837 animo
412 1798 514 1838 eorum
532 1783 661 1848 subiicit,
680 1783 732 1852 qni
751 1781 845 1836 subita
864 1781 986 1852 quadam
1005 1782 1191 1836 contentione
1209 1778 1336 1842 excitati,
1351 1789 1371 1827 ri

186 1859 298 1912 lentate
323 1854 414 1921 ducti,
438 1851 545 1909 affectu
571 1855 719 1924 praesenti
742 1851 802 1908 buc
823 1853 897 1908 illuc
919 1856 1077 1930 agitantur.
1104 1885 1137 1896 -··
1174 1853 1290 1908 Nexum
1313 1858 1371 1902 tarne

185 1929 315 2004 partium
331 1933 434 1982 auctor
451 1926 493 1980 ita
511 1927 707 1996 composuisse
725 1925 851 1982 videtur.
889 1925 1012 1996 Aprum,
1032 1927 1084 1998 qui
1101 1941 1221 2012 pugnax
1247 1931 1291 1978 est
1312 1929 1338 1975 et
1358 1939 1371 1972 s

185 2015 415 2086 compugnans,
434 1996 618 2069 eloquentiae
637 2005 731 2052 artem
750 2007 834 2052 curto
853 1997 981 2069 operarii
999 1997 1173 2054 recentioris
1192 2002 1330 2068 apparatu
1343 1993 1372 2044 lat

186 2072 303 2126 dantem
321 2069 443 2136 snducit,
462 2076 497 2122 ut
513 2070 747 2124 adversariorum
765 2071 918 2124 sententiis
936 2072 1030 2124 maius
1049 2069 1118 2122 inde
1130 2069 1267 2123 veritatis
1277 2071 1372 2120 nascatt

185 2141 308 2218 pondus.
355 2141 419 2208 Qui,
449 2140 655 2198 certaminibus
679 2151 743 2196 tum
767 2141 803 2196 sla
830 2143 940 2213 optimo
964 2157 1074 2218 genere
1104 2141 1219 2198 dicendi
1244 2135 1372 2193 celebrati

185 2232 276 2342 it
294 2209 748 2340 liiiilliidimil?
760 2212 956 2355 sltqittsl
977 2213 1369 2338 :tttltt⁶¹tttitttt‘¹:

186 2305 306 2414 lenti:¹²
303 2323 392 2414 altior
411 2375 501 2428 quum
519 2357 618 2416 fatalis
636 2357 740 2424 fuerit,
758 2365 824 2412 tum
842 2365 876 2410 nt
895 2355 1002 2412 'nielix
1019 2357 1066 2412 rei
1083 2353 1218 2428 publicae
1233 2361 1325 2410 amors
1341 2366 1373 2420 po

186 2433 226 2485 sit
244 2431 389 2516 cognosci,
409 2429 461 2502 qui
480 2437 523 2484 est
541 2429 632 2484 totius
651 2427 760 2506 dialogi
777 2429 858 2494 linis,
916 2427 1014 2483 udatio
1039 2437 1069 2484 et
1088 2427 1247 2500 explicatio
1265 2427 1373 2498 virtutib

186 2501 370 2573 antiquitatis
389 2517 422 2555 ec
439 2501 549 2555 maiore
568 2500 689 2556 affectus
706 2500 905 2567 vehementia,
930 2517 988 2571 quo
1012 2501 1129 2554 tristior
1147 2497 1239 2566 caius,
1268 2513 1323 2569 quo
1340 2501 1373 2564 pri

185 2578 252 2646 pius
271 2574 365 2626 adstat
384 2573 492 2638 sordes,
510 2573 698 2643 proponitur.
725 2605 757 2616 -
796 2571 893 2640 Qualis
916 2573 956 2626 sit
981 2571 1078 2625 libelli
1102 2571 1226 2638 indoles,
1253 2569 1373 2639 exprim

187 2655 217 2702 et
234 2645 374 2701 extremis
394 2645 455 2698 eius
474 2643 572 2698 verbis
590 2644 782 2728 intelligitur.
820 2644 887 2698 Non
906 2652 951 2698 est
969 2643 1185 2707 commentatio,
1209 2644 1242 2696 in
1261 2659 1317 2714 qua
1335 2641 1373 2692 ins

186 2717 299 2780 ordine,
318 2723 452 2770 accurate
471 2710 500 2768 et
519 2715 669 2770 subtiliter
686 2717 802 2802 singula
818 2723 1046 2788 pertractantur,
1066 2713 1116 2769 sed
1134 2713 1278 2792 dialogus,
1305 2713 1334 2765 in
1352 2727 1373 2779 qr

186 2791 333 2843 Maternus
350 2794 516 2858 poetarum,
543 2786 663 2841 Messala
686 2789 931 2856 antiquariorum,
948 2786 1029 2859 Aper
1046 2785 1290 2840 scholasticorum
1314 2781 1373 2836 rhet

187 2875 455 2933 rnmquecauaem‚
474 2856 622 2912 Secundus
640 2857 783 2913 auditoris
801 2859 899 2932 potius
924 2877 1011 2930 quam
1038 2857 1143 2912 iudicis
1166 2867 1267 2930 partes
1290 2857 1373 2934 agita

187 2950 243 3004 que
261 2933 387 2984 formam
406 2932 451 2984 sui
470 2931 593 3001 quisque
611 2937 642 2984 et
658 2931 752 2984 animi
771 2939 801 2986 et
818 2931 931 3008 ingenii
955 2929 1061 2996 reddit,
1089 2931 1183 2984 multa
1204 2947 1277 2984 vero
1302 2931 1373 2982 insur

187 3004 292 3075 quibus
310 3003 360 3058 vel
378 3002 623 3110 copmadixissent
641 3001 732 3056 iidem
751 3003 799 3058 vel
817 3003 905 3076 plura
934 3002 1160 3069 subiunxinent,
1185 3001 1247 3056 nisi
1271 2999 1373 3054 iamrb

187 3083 405 3132 suaseramus.

259 3143 296 3214 ³⁰)
313 3146 397 3201 Talia
415 3152 484 3202 sunt
501 3146 610 3202 iudicia
628 3147 751 3200 Ernestis'
774 3148 806 3200 in
824 3149 918 3202 Praei.
936 3145 970 3198 Τ.
990 3147 1014 3200 l.
1032 3165 1062 3218 p.
1081 3147 1153 3203 LXI.
1191 3146 1251 3211 „ln
1275 3145 1352 3200 libro

188 3219 350 3274 oratoribus
367 3235 427 3273 non
445 3237 508 3272 eam
526 3217 712 3296 diligentiam
731 3217 848 3273 adhibui
871 3220 903 3272 in
929 3218 1064 3272 notandis
1088 3220 1169 3274 lectt.
1196 3225 1334 3273 veterum
1352 3215 1373 3270 es

188 3293 318 3346 tionum:
337 3307 405 3344 nam
419 3309 474 3346 nec
492 3290 568 3344 tanti
584 3290 721 3362 putabam
740 3291 772 3344 in
791 3290 848 3344 isto
865 3290 978 3356 libello,
996 3290 1046 3343 cui
1062 3307 1116 3368 ego
1129 3307 1280 3360 nunqnam
1300 3297 1373 3344 tantu

187 3363 279 3436 pretii
298 3365 464 3417 statuissem
485 3369 626 3433 quantum
643 3362 738 3440 vulgo
757 3361 842 3428 solet,
869 3370 899 3418 et
924 3370 1005 3416 tanta
1023 3369 1068 3416 est
1084 3363 1245 3418 multitudo
1261 3364 1373 3417 varieta

187 3434 303 3490 nullum
322 3451 497 3511 magnopere
515 3451 601 3487 usum
619 3433 781 3500 habiturae,
799 3442 833 3488 ut
851 3435 963 3490 nemini
980 3451 1028 3489 me
1045 3443 1163 3510 'gratum
1186 3437 1336 3488 fanorum
1361 3451 1373 3500 p

188 3505 312 3562 tarem.“
336 3505 493 3560 Goloienoi:
514 3506 558 3570 (in
576 3505 665 3561 Orell.
686 3507 755 3560 edit.
773 3507 857 3560 Dialc
880 3508 936 3576 ip.
957 3509 1017 3563 1ot
1037 3515 1066 3562 et
1084 3507 1162 3576 lae.)
1194 3507 1276 3570 „llic
1293 3503 1373 3559 libell

189 3587 234 3634 tot
249 3578 333 3631 vitiis
353 3586 383 3633 et
400 3579 432 3632 in
451 3576 548 3632 verbis
567 3581 646 3633 etin
664 3579 819 3633 sententiis
837 3525 959 3644 tuleras,
984 3586 1019 3632 ut
1042 3595 1129 3633 nemo
1154 3579 1311 3633 subtiliore
1330 3595 1373 3632 seu

188 3648 338 3722 praeditus
355 3651 412 3704 sibi
429 3667 620 3720 persuasurus
638 3651 687 3716 sit,
706 3650 802 3704 Taciti
820 3649 930 3704 librum
947 3667 1009 3704 esse
1027 3667 1115 3720 quem
1133 3652 1222 3728 legat.
1250 3677 1284 3690 -
1313 3655 1373 3726 Mag

189 3731 289 3776 tamen
301 3721 386 3777 laude
397 3723 567 3797 diqnuaest3
586 3722 678 3776 multa
692 3731 776 3777 acute
792 3730 822 3776 et
834 3723 983 3776 subtiliter
994 3723 1072 3776 diota
1084 3723 1227 3779 invenies.
1253 3721 1288 3775 ln
1307 3723 1373 3794 prin

189 3790 434 3864 praeclarum,
462 3811 534 3864 quae
552 3793 671 3848 Messala
694 3795 730 3849 de
748 3793 894 3848 munnae
913 3795 1150 3866 instituendoque
1175 3805 1291 3849 oratore
1317 3795 1373 3864 disp

190 3864 262 3920 tat.“
282 3867 378 3932 Wolsis'
395 3868 427 3919 in
445 3865 566 3920 Misestt.
587 3865 847 3934 (Vermisolrte
865 3864 1083 3932 Schriften)
1098 3885 1127 3938 p.
1148 3869 1209 3923 168.
1248 3865 1373 3934 „Diales

190 3937 240 3990 bic
262 3938 367 4012 grandi
391 3937 487 3992 Taciti
513 3938 633 4016 ingenio
658 3938 797 4014 indignus
824 3947 878 4002 est,
902 3939 1062 4010 praeclaris
1086 3949 1184 3994 tamen
1211 3929 1373 3992 sonmntiii

190 4007 263 4063 locis
282 4013 418 4075 refertus,
435 4009 512 4065 unde
530 4010 579 4064 vel
598 4008 756 4064 literarum
774 4009 966 4064 llcmanarsnn
988 4012 1040 4064 sub
1059 4011 1167 4081 primis
1186 4009 1355 4064 (lassuibus

190 4081 265 4134 ciem
283 4081 404 4148 intueri,
423 4080 473 4134 vel
491 4081 683 4135 saluberrima
701 4083 813 4136 monita
830 4081 866 4135 de
884 4083 996 4154 optima
1014 4083 1194 4137 educationis
1208 4091 1239 4136 et
1251 4083 1372 4136 institut

190 4153 236 4208 nis
255 4153 367 4208 ratione
385 4153 506 4208 haurire
522 4152 622 4208 licet.“
656 4153 783 4207 Eiusdem
799 4156 831 4208 in
850 4155 942 4208 Praei.
961 4155 997 4208 sd
1015 4154 1076 4208 (lic.
1096 4165 1168 4210 orat.
1195 4171 1249 4226 prc
1275 4155 1373 4207 Marce

190 4244 220 4296 p.
239 4225 312 4280 XXI.
350 4225 461 4292 „Plura
484 4233 553 4278 sunt
575 4227 606 4279 in
631 4225 749 4280 aureolo
772 4225 898 4300 dialogo,
923 4243 996 4296 qnae
1020 4227 1113 4282 labem
1137 4227 1246 4282 saeculi
1275 4227 1373 4301 pingn

191 4295 342 4364 nonnulla,
361 4315 433 4368 quae
452 4297 593 4352 divinitus
612 4297 689 4353 dicta
707 4297 847 4352 sidentur
864 4299 895 4351 io
914 4308 1061 4354 strenuam
1081 4299 1221 4356 desidiam
1244 4307 1373 4355 nostros-s
