2890 4790
199 219 262 286 334
581 215 836 286 ustulatum
856 215 939 284 LIB.
962 217 1022 284 lV.

202 387 343 524 {sps-l
373 399 403 438 aa
431 381 559 458 quisquae
590 385 622 440 in
645 383 701 443 113.
725 384 755 440 ai
783 385 855 456 qaia.
883 411 916 424 ·-
952 383 1061 438 alliam
1091 389 1118 436 et
1144 381 1289 455 engaine,
1318 405 1342 441 r.
1364 389 1392 441 ad

222 495 231 524 ,
348 493 356 508 .

273 549 300 602 3.
324 545 469 614 Da'fferlur
483 561 536 614 per
552 545 720 616 manipulos,
745 565 773 604 r.
793 546 828 600 ad
846 551 871 612 1,
894 551 922 614 l,
939 551 966 605 3.
987 575 1019 586 -
1054 545 1179 617 requiem
1196 547 1270 614 delli,
1288 565 1302 601 s
1318 547 1393 604 bella.

202 649 234 660 -
254 617 373 672 deleatis
399 617 506 670 circam
531 617 728 686 stipatoribus,
747 617 923 672 satellitibus
962 619 1106 685 rostratis,
1131 619 1245 685 occisis,
1273 626 1303 672 ut
1320 637 1393 671 anan-

200 681 358 756 eittsesas,
376 687 422 744 (li.
443 693 487 756 11,
505 691 541 745 tt
558 698 632 748 extr.
652 697 681 744 et
699 691 793 760 intpp.
817 690 854 742 Vi
893 733 900 746 .
954 689 1289 754 en.1t‚ttt.tttsrtist.
1318 694 1393 752 1‚tt.

202 758 321 814 Phaedr.
350 763 465 826 3,1,1.
494 759 696 828 stl.1s‚tot.
720 761 783 814 Val.
803 761 850 814 Fl.
888 765 977 828 ‚tat
1001 759 1083 814 0vit.
1108 763 1176 814 Met.
1201 765 1229 826 3,
1247 763 1307 817 333.
1332 763 1393 832 Nep.

201 828 341 902 Thrasyb.
361 835 388 888 3.
425 831 543 886 deiectis
561 833 624 888 edd.
643 851 701 888 rea.
721 849 757 886 ex
775 833 886 890 amend.
906 834 997 888 Gran.
1018 833 1134 888 delectis
1153 831 1210 886 tls,
1226 841 1256 886 et
1273 833 1332 886 add.
1347 841 1393 888 vet.

202 903 248 956 Gi.
268 903 346 968 adl,
365 907 410 970 tt,
430 907 454 960 l.
474 911 504 958 at
521 907 550 972 t,
567 907 613 968 44,
633 909 659 960 1.
679 903 781 958 deletis
798 903 843 968 (ut
861 921 886 960 o.
898 903 959 972 51.)
978 903 1040 958 edd.
1061 903 1139 956 Pich.
1160 911 1189 958 et
1206 903 1244 956 al.
1264 901 1393 958 anteBrn.

200 975 314 1028 dilectis
340 977 416 1032 coni.
440 975 520 1046 lips.
549 975 679 1030 dialeclia
706 977 793 1030 Mera.
826 975 945 1044 defectis
976 975 1073 1030 Heius.
1105 973 1222 1028 dilectis
1252 975 1349 1028 Kiessl.
1370 1005 1393 1016 -

202 1047 299 1114 effresia
317 1046 438 1116 undique
454 1047 601 1113 Rmrsania,
620 1055 653 1100 ut
672 1047 796 1124 suffugia
810 1046 1049 1101 intercluderent.
1075 1046 1174 1112 offusis
1192 1047 1314 1100 malebat
1330 1047 1393 1116 lips.

202 1126 230 1172 at
250 1119 361 1185 affaris,
380 1118 456 1190 quod
474 1119 579 1172 melius
598 1125 651 1186 ast,
670 1119 816 1173 Heinsius.
854 1117 910 1172 Sed
927 1117 973 1170 nil
991 1119 1168 1172 mutandum.
1188 1133 1217 1173 v.
1236 1117 1272 1172 ad
1284 1123 1309 1184 1,
1326 1121 1364 1182 tt,
1377 1121 1393 1171 1,

618 1241 809 1300 claua
858 1243 985 1298 xxvt.
1261 1313 1264 1318 Ι

282 1349 471 1414 Dolabellas
490 1353 616 1434 petenti
643 1351 760 1414 abnuit
780 1351 996 1433 triumphalia
1018 1349 1176 1413 Tiberius
1204 1349 1324 1414 Seiano
1349 1352 1395 1410 tri-

202 1433 317 1514 buens,
351 1451 393 1495 ne
413 1435 521 1498 Blaesi
554 1437 711 1498 avunculi
745 1436 816 1496 aias
846 1435 916 1496 laus
945 1434 1174 1499 obsolesceret.
1219 1433 1284 1498 Sed
1309 1453 1395 1514 nsque

201 1517 337 1579 Blaesus
358 1515 434 1579 ideo
455 1518 632 1595 illustrior,
653 1527 688 1581 et
708 1517 786 1580 huia
806 1525 944 1604 negatus
964 1517 1074 1580 honor
1088 1517 1233 1603 gloriam
1253 1515 1395 1578 intendit:

201 1601 323 1682 quippe
351 1601 482 1662 minora
509 1603 658 1663 exercitu
686 1603 825 1688 insignis
853 1602 1012 1682 captivos,
1041 1599 1173 1664 casdem
1200 1599 1295 1664 dacis
1322 1600 1395 1662 belli·

201 1701 264 1764 que
285 1683 427 1744 eoniecti
459 1685 579 1744 lamam
612 1681 816 1766 deportarat.
860 1682 1092 1766 Sequebantur
1119 1691 1154 1746 et
1174 1683 1395 1746 Garamantum

200 1765 303 1852 legati
328 1782 407 1827 raro
435 1765 469 1826 in
494 1764 584 1828 Urbe
604 1768 680 1846 visi,
703 1787 784 1852 quos
806 1765 1021 1829 Tacfarinate
1042 1785 1136 1840 caeso
1158 1769 1311 1848 perculsa
1330 1783 1395 1850 gens

200 1855 235 1910 et
266 1849 382 1930 culpae
414 1849 525 1910 nescia
556 1848 600 1910 ad
631 1849 897 1912 satisfaciendum
929 1850 1053 1932 populo
1086 1849 1237 1912 Romano
1270 1851 1395 1910 miserat.

201 1929 351 2016 Cognitis
375 1929 497 1996 dehinc
518 1931 698 1996 Ptolemaei
725 1953 786 2016 per
813 1931 848 1994 id
869 1932 994 1994 bellum
1020 1929 1152 2010 studiis,
1181 1934 1342 2015 repetitus
1367 1951 1395 1992 et

199 2021 334 2077 vetusto
356 2033 427 2078 moa
448 2023 498 2077 est
518 2017 702 2097 missusque
730 2035 748 2077 e
777 2015 996 2092 senatoribus,
1022 2017 1079 2098 qui
1107 2017 1290 2098 scipionem
1316 2015 1396 2076 ebur-

202 2115 294 2177 nam,
323 2105 436 2184 togam
457 2099 590 2180 pictam,
624 2101 760 2182 antiqua
782 2098 918 2161 Patruus
946 2117 1096 2176 munera,
1129 2099 1228 2162 daret
1255 2115 1397 2180 regasque

201 2189 232 2244 el
253 2184 372 2246 sociam
392 2191 488 2264 atque
509 2185 639 2246 ananam
659 2183 851 2266 appellaret.

270 2303 295 2356 l.
323 2299 408 2370 Isque
428 2299 493 2366 tinia
519 2299 671 2370 impositas
695 2299 797 2368 amaia,
826 2299 912 2356 bella.
944 2299 988 2356 cf.
1015 2297 1078 2354 lad.
1103 2299 1141 2352 ll.
1161 2333 1194 2344 -
1234 2297 1396 2368 lrnsrsplals'a
1421 2359 1422 2368 χ

201 2371 338 2495 iasiffnia.
358 2389 388 2422 v.
407 2371 443 2426 ad
462 2375 551 2438 1,·73,
572 2378 596 2428 l.
616 2403 649 2416 -
684 2369 790 2428 Seiano
809 2371 947 2438 tridatem,
975 2387 1034 2425 non
1051 2370 1256 2443 triumphalia,
1284 2369 1395 2429 sedisse.

199 2457 258 2514 quo
295 2459 327 2496 ea
344 2441 512 2498 Dolabellae
530 2445 678 2506 abnueret,
703 2451 734 2498 et
756 2443 873 2514 quidam
896 2441 998 2498 &iano
1025 2443 1074 2496 vel
1113 2443 1217 2509 etenti,
1248 2443 1297 2500 vel
1314 2449 1396 2512 sponte

254 2513 432 2580 tifleaturusq
452 2511 579 2568 Freiaal.
599 2523 629 2569 at
646 2513 716 2568 Bra.
737 2513 782 2568 01.
801 2513 836 2566 ad
856 2519 882 2580 1,
901 2519 929 2580 7,
947 2518 973 2571 Β.
994 2545 1027 2558 -
1062 2461 1170 2581 Rideat,
1199 2516 1250 2568 oui
1277 2533 1308 2568 ea
1332 2517 1395 2566 erant

220 2591 274 2640 ata.
292 2602 320 2641 v.
340 2589 367 2649 3,
386 2588 428 2641 73.
448 2587 549 2640 Blaesi
566 2586 697 2640 aoanmla'
715 2585 786 2639 eiua.
806 2585 851 2639 cf.
869 2585 906 2639 ad
921 2588 950 2652 4,
968 2589 996 2652 8,
1016 2589 1041 2640 1.
1061 2617 1092 2628 -
1131 2585 1264 2641 διώκει·
1285 2585 1396 2642 atam,

201 2663 232 2710 et
249 2655 366 2709 Blaesus
384 2671 443 2708 nun
462 2657 526 2710 idea
543 2659 583 2722 (v.
599 2657 634 2710 ad
654 2663 679 2722 l,
701 2660 743 2723 tt,
762 2657 803 2722 4.)
820 2655 967 2710 illustrior
984 2660 1087 2722 factus,
1106 2664 1134 2710 el
1151 2655 1227 2719 laic,
1242 2655 1396 2714 ventanae,

201 2733 324 2796 negatur
341 2725 439 2790 lassor,
457 2729 573 2806 negatio
591 2727 723 2795 honoris,
747 2727 787 2792 (a.
808 2726 870 2784 lud.
891 2727 945 2782 111.
964 2745 993 2782 v.
1019 2727 1181 2797 Partisa'ps'a
1204 2730 1313 2795 famaue
1334 2740 1396 2794 pass·
1420 2727 1421 2738 ¹

197 2813 252 2870 pro
276 2798 423 2852 Sadalam.
445 2799 553 2866 adalr.)
576 2799 703 2868 gloriam
725 2795 859 2864 intendit,
890 2817 920 2852 v.
939 2799 1019 2864 ada,
1045 2801 1088 2864 76,
1107 2803 1134 2856 3.
1161 2808 1191 2856 st
1210 2804 1256 2868 13,
1274 2803 1318 2864 st,
1335 2803 1356 2854 l.
1373 2823 1396 2832 -

80 2886 84 2894 “
200 2869 334 2995 σ’»ἑιίςηιε
359 2869 496 2940 captivos,
523 2871 635 2926 caedens
657 2871 738 2924 dacia
761 2871 881 2941 bellique
908 2871 1029 2938 consecti
1051 2871 1156 2936 famam
1179 2871 1350 2940 deportarat,
1375 2884 1396 2918 r.

200 2957 216 2995 a
253 2945 391 3008 32117.

270 3035 295 3089 3.
322 3049 373 3086 rex
391 3031 605 3098 Garamantum,
630 3033 667 3087 cf.
687 3048 749 3104 cap.
768 3034 812 3089 23.
836 3039 865 3086 et
883 3033 911 3095 3,
930 3033 974 3088 74.
996 3063 1027 3075 -
1063 3037 1090 3086 el
1113 3031 1213 3100 calpae
1238 3019 1330 3084 nescia
1351 3025 1395 3080 att.

200 3111 231 3158 et
249 3103 312 3158 edd.
330 3112 389 3161 vet.
408 3113 474 3160 ante
493 3106 571 3160 Brot.
592 3103 723 3158 Fortasse
741 3120 794 3158 rex
820 3119 921 3158 eorum
939 3103 1015 3158 clam
1033 3102 1115 3158 leves
1132 3104 1241 3174 capias,
1265 3101 1397 3174 proprium

200 3175 385 3240 satellitium,
418 3175 597 3230 Tacfarinati
625 3174 869 3246 suppeditaverat,
897 3175 947 3240 (cf.
967 3192 992 3230 a.
1011 3177 1056 3232 33.
1083 3183 1114 3228 et
1135 3178 1163 3236 3,
1183 3175 1243 3241 74.)
1267 3174 1314 3228 vel
1335 3169 1396 3226 salas

201 3243 365 3302 latrociniis
384 3264 503 3320 operam
522 3247 648 3312 dederat,
667 3253 754 3324 genta
772 3245 863 3300 insuia
886 3255 916 3300 et
937 3261 997 3300 non
1020 3246 1162 3312 eonsulta,
1191 3253 1243 3298 aut
1266 3261 1323 3298 non
1344 3258 1397 3294 aaa·

170 3323 186 3356 ⁸
200 3319 359 3373 sentiente:
378 3319 455 3373 unde
474 3325 504 3373 et
521 3317 613 3388 legati
630 3317 843 3382 Garamantum,
862 3331 920 3372 non
932 3319 1012 3394 regis
1026 3333 1144 3381 eorum
1162 3316 1256 3371 Salia.
1276 3311 1397 3382 „Neaet'tt

201 3387 326 3442 alicuius
343 3389 389 3444 rei
407 3389 508 3444 Tacito
527 3389 649 3460 aliisque
674 3388 865 3460 scriptoribus
883 3404 942 3441 nan
960 3387 1055 3442 solum
1079 3387 1200 3454 dieitur,
1226 3389 1278 3458 qui
1296 3403 1349 3440 non
1363 3387 1397 3436 est

202 3457 256 3512 sibi
281 3463 413 3516 conscius
442 3461 505 3515 eius
531 3463 588 3528 rei,
620 3459 778 3515 sedetiam
802 3459 854 3530 qui
880 3477 944 3513 rem
968 3475 1027 3512 non
1045 3459 1134 3514 sallat
1151 3475 1273 3530 eamque
1291 3463 1419 3510 tractare

104 3570 106 3578 .
202 3532 305 3586 newis.
325 3529 370 3588 cf.
389 3535 418 3598 ’ρ
437 3535 481 3588 ⁴⁶.
500 3535 527 3599 ³,
547 3536 572 3588 ¹·
591 3534 633 3588 ⁴⁶·
659 3533 705 3587 ⁶⁷·
733 3535 760 3596 ⁴,
781 3534 824 3588 ¹³·
843 3531 886 3586 Μ.
905 3534 933 3597 ὅ)
956 3533 984 3588 9·
1005 3533 1048 3596 1⁰9
1066 3534 1093 3588 ⁵·
1129 3531 1207 3584 Hinc
1228 3547 1300 3600 sm
1319 3527 1397 3594 wissae

203 3601 299 3656 nessia
316 3601 472 3674 aliquando
494 3603 569 3656 milui
594 3603 746 3658 ridebatur
764 3619 826 3656 essa
848 3603 945 3656 nescia
963 3601 1065 3674 culpae
1082 3603 1250 3674 explendae,
1275 3595 1325 3656 'a'el
1340 3611 1396 3668 qnae

203 3674 235 3726 in
253 3673 340 3744 eulpa
356 3673 515 3746 perdurare
538 3676 642 3736 nescit,
672 3673 701 3727 h.
722 3690 746 3728 e.
766 3671 873 3738 facilis,
896 3674 970 3727 mo'
1009 3691 1050 3726 ra.
1087 3671 1174 3727 Nunc
1201 3673 1285 3728 valde
1307 3669 1396 3724 dubito,

202 3761 239 3797 an
263 3745 305 3798 sin
329 3746 480 3800 contextui
505 3745 657 3800 satisdat.“
688 3743 796 3801 Wallls.
832 3745 899 3800 Non
924 3763 1000 3799 mae
1027 3750 1054 3798 el
1078 3745 1178 3816 calpae
1204 3743 1318 3799 conseia
1334 3755 1396 3794 corr.

202 3813 280 3888 Lips.
306 3823 334 3870 et
357 3818 455 3888 salpae
478 3831 506 3870 a.
532 3813 634 3886 (non)
661 3816 757 3870 nescia
782 3815 874 3870 Gran.
899 3823 939 3882 et,
968 3817 1045 3888 quad
1062 3815 1211 3888 plerisque
1229 3816 1335 3876 arrisit,
1361 3823 1418 3862 saec¹

202 3889 299 4011 salpae
318 3887 523 3962 aeaeiailyak.
544 3889 730 3943 attinet-
767 3887 907 3956 repetitas
928 3903 964 3941 es
987 3893 1094 3942 vetusto
1120 3903 1231 3942 moa-
1251 3885 1397 3954 appelleret

202 3975 232 4012 r.
279 3961 374 4031 ian'ys.
393 3961 457 4013 Hal.
469 3962 496 4026 d,
515 3961 558 4016 35.
578 3961 629 4030 qui
648 3959 718 4013 talia
735 3977 856 4013 munera
874 3957 1014 4014 Porsenae
1032 3975 1065 4013 re
1088 3961 1094 3974 ⁸
1113 3961 1201 4013 missa
1217 3957 1321 4012 tradit:
1338 3951 1397 4006 ande

204 4031 322 4102 antiqua
338 4047 470 4095 muneras
490 4029 570 4100 Lipa.
591 4031 635 4087 cf.
657 4038 686 4084 et
708 4031 772 4084 biv.
791 4033 836 4096 33,
855 4032 900 4086 16.
925 4027 990 4095 (uhi
1008 4044 1036 4087 ν.
1081 4031 1157 4096 sak)
1180 4035 1225 4097 tt,
1244 4031 1286 4085 17.
1304 4031 1347 4092 31,
1364 4026 1396 4076 1¹·

203 4119 262 4156 moa
281 4101 344 4156 edd.
364 4119 422 4157 rac.
443 4121 479 4157 ex
497 4103 608 4158 emend.
636 4103 670 4155 li
692 4121 714 4158 s.
739 4117 816 4155 maore
838 4102 1014 4172 amissaeque
1037 4102 1095 4156 MS.
1120 4117 1198 4155 more
1216 4109 1244 4154 et
1261 4115 1333 4152 mose
1349 4091 1417 4172 edd·¹

203 4181 261 4226 vet.
308 4175 476 4249 [segandum
499 4189 559 4226 mos
581 4180 640 4237 eat3
702 4189 746 4225 ur.
790 4172 825 4226 ld
846 4173 955 4244 recepi.
975 4191 1008 4218 -·-
1045 4173 1211 4243 appellaret,
1240 4169 1417 4243 appeltam

205 4242 326 4309 diceret,
345 4246 503 4300 nuntiaret.
524 4245 570 4298 ct.
590 4245 625 4298 ad
642 4247 669 4311 4,
687 4247 731 4310 61,
750 4247 778 4300 3.
798 4251 827 4298 et
844 4243 960 4299 Bamslu.
974 4245 1074 4302 (iram
1091 4261 1123 4314 p.
1141 4249 1204 4302 387.
1216 4271 1246 4282 -··
1264 4241 1397 4310 amplam

206 4313 348 4382 eburneos,
367 4309 472 4388 ostro
490 4310 673 4386 lleqdruaos
688 4317 736 4368 ael
753 4317 894 4386 σκῆπτρον
909 4315 1032 4388 Dionys.
1053 4317 1074 4369 1.
1094 4317 1114 4373 1.
1127 4343 1160 4358 «-
1191 4323 1284 4386 togam
1298 4313 1397 4382 piatam·
