2762 4788
177 234 218 298 ao
577 190 825 297 ’10010000
856 231 940 342 nso.
957 233 983 294 1.
1085 243 1088 254 ·

177 407 290 462 cetera
321 397 434 460 aulae:
468 397 562 460 miles
595 399 631 460 in
660 399 785 478 iorum,
816 399 913 462 miles
944 399 985 460 in»
1013 399 1143 460 curiam
1164 395 1371 480 comitabatur

177 482 311 543 literas
343 477 384 541 ad
410 482 579 543 exercitus
608 489 782 566 tanquam·
798 481 918 566 adepto
952 481 1144 564 principatu
1176 481 1282 558 misit,
1323 499 1371 540 nur

178 584 276 648 quam
306 561 567 640 cunctabundus,
602 565 667 626 nisi
694 585 795 648 quum
828 567 864 627 in
889 571 1006 628 senatu
1041 565 1245 664 loqueretur.
1295 559 1371 624 Cana

152 651 154 660 ’
177 647 357 730 praecipua
379 665 420 708 ex
439 645 631 721 formidine,
653 666 694 710 ne
716 646 945 727 Germanicus,
973 649 1009 708 in
1037 665 1144 710 curus¹
1160 665 1261 708 mann
1283 651 1335 706 tot
1353 645 1371 706 lt

201 732 305 808 iones,
327 729 488 793 immensa
508 731 676 794 sociorum
697 731 834 810 auxilia,
855 731 963 792 mirus
983 729 1074 816 apud
1102 729 1263 814 populum
1293 731 1371 790 lavo]

177 751 302 875 daborc
322 812 502 894 imperium
523 833 620 897 quam
642 823 832 896 exspectare
852 813 974 878 mallet.
1016 811 1127 876 Dabat
1154 819 1190 876 et
1215 814 1332 887 famae,
1361 831 1371 872 ι

177 903 316 960 vocatus
336 893 526 980 electusque
547 898 658 978 potius
679 897 907 980 erepublica
923 893 1111 974 videretur,
1133 913 1230 976 quam
1242 913 1306 976 per
1318 910 1371 954 ux(

178 979 268 1044 rium
288 976 451 1040 ambitum
472 985 506 1040 et
527 979 626 1040 senili
648 977 828 1062 adoptione
849 981 1037 1063 irrepsisse.
1078 979 1198 1041 Postea
1225 978 1371 1066 cognitu

178 1071 239 1140 est,
261 1057 304 1123 ad
324 1061 602 1144 introspiciendas
626 1063 727 1125 etiam
747 1082 927 1148 procerum
945 1063 1135 1126 voluntates
1148 1057 1321 1124 inductam
1342 1057 1371 1119 dr

76 1169 81 1180 ·
135 1178 140 1188 ·
178 1143 393 1208 bitationem:
416 1164 492 1206 nam
510 1146 624 1225 verba,
640 1146 764 1224 vultus,
775 1148 811 1208 in
824 1146 950 1208 crimen
965 1143 1177 1228 detorquens,
1189 1141 1371 1205 recondeba

201 1227 206 1236 '
246 1225 335 1294 Eques
344 1225 382 1282 id.
394 1227 440 1298 qd.
460 1227 578 1295 Equites.
599 1245 628 1280 v.
638 1225 674 1281 ad
683 1227 720 1280 G.
730 1231 756 1286 0.
777 1247 806 1282 0.
819 1231 845 1284 5.
859 1228 991 1294 -salsi,
1011 1225 1208 1292 simulatores,
1226 1223 1371 1280 adulatore

177 1305 210 1352 ut
220 1295 305 1364 salsa
327 1297 397 1352 ficta
423 1298 473 1352 vel
496 1297 666 1353 adulatoris·
696 1298 746 1354 Sic
763 1303 791 1368 l,
811 1305 837 1357 1.
857 1303 885 1366 3,
902 1302 930 1355 3.
950 1302 995 1366 13,
1016 1301 1060 1356 13.
1085 1297 1171 1364 itu,
1190 1297 1234 1354 17.
1255 1297 1331 1362 1,1.
1354 1293 1371 1348 C

178 1369 265 1424 Corte
283 1368 319 1422 ad
337 1367 408 1422 Sall.
429 1369 492 1424 Cat.
513 1371 557 1426 10.
585 1401 618 1414 --
645 1370 826 1438 festinantes,
849 1367 972 1426 studiosi
998 1369 1030 1422 in
1056 1369 1193 1439 obsequio
1211 1365 1371 1422 declarant«

178 1441 244 1498 Era.
264 1439 311 1495 01.
330 1438 460 1494 luvenal.
481 1443 510 1506 1,
529 1443 573 1498 72.
594 1461 637 1513 aq.
666 1446 711 1508 1⁰,
729 1443 774 1500 35.
795 1460 838 1514 sq.
859 1474 892 1484 -
910 1443 1034 1509 vultuque
1052 1439 1208 1507 coraposito.
1227 1457 1259 1492 v.
1285 1437 1321 1492 ad
1337 1442 1361 1502 1,

177 1515 204 1570 1.
221 1539 252 1550 -
270 1525 304 1564 ss
321 1510 389 1562 lasti
406 1529 445 1564 sc.
465 1509 639 1568 viderentur
657 1511 705 1567 vel
724 1522 830 1567 esseut.
854 1509 978 1584 Ellipsis
996 1511 1116 1580 11.1,35
1134 1509 1270 1582 expletur
1290 1507 1371 1562 sroid

176 1589 284 1648 reatum
305 1579 394 1646 Wolf.
413 1600 443 1634 v.
463 1583 527 1636 Ind.
547 1581 602 1637 111.
623 1603 651 1638 v.
671 1583 789 1650 Ellipss's
807 1583 883 1638 uerbi
905 1584 1036 1636 tutatast.
1066 1611 1100 1622 -
1119 1597 1238 1646 sacratu,
1270 1597 1299 1634 v.
1324 1575 1356 1634 ad

178 1657 223 1720 71,
244 1657 269 1708 1.
290 1684 321 1694 -
341 1651 480 1706 tristiores
498 1651 562 1708 edd.
581 1653 648 1710 Ber.
667 1651 748 1726 Lips.
769 1663 799 1710 et
816 1671 875 1709 rec.
909 1653 945 1708 ln
962 1653 1021 1708 MS.
1042 1661 1071 1708 et
1090 1661 1147 1708 cet.
1168 1651 1232 1708 edd.
1259 1658 1319 1704 ret.
1337 1667 1370 1702 an

178 1725 258 1795 lsips.
278 1722 392 1780 tristior.
430 1723 486 1792 „ld
512 1725 570 1779 lac.
590 1725 683 1780 Gron.
712 1728 744 1780 in
772 1735 886 1780 textum
912 1721 1038 1780 mashir
1063 1731 1186 1796 propter
1203 1719 1371 1777 incredibile

178 1805 212 1849 ut
230 1795 282 1860 ait,
301 1795 456 1850 varietates
475 1794 571 1850 Taciti
591 1799 623 1850 in
641 1799 869 1852 constructione.
905 1795 968 1850 Nec
994 1796 1129 1852 laudator
1153 1794 1249 1848 detuit
1269 1793 1371 1848 Gor-ts

180 1865 251 1952 3011.
272 1866 335 1951 ilat.
354 1865 423 1924 20.“
445 1867 532 1934 Wolf.
543 1877 546 1884 ‘
559 1867 660 1939 Neque
680 1869 815 1924 defensor
833 1863 982 1923 Walther.
1003 1899 1035 1911 -
1052 1865 1211 1938 primordio,
1230 1865 1322 1940 initio
1335 1879 1371 1916 no

175 1955 223 1990 am
245 1953 312 1990 eru.

184 2025 187 2034 ·
224 1950 926 2080 Ῐ,2.10000000,1000110οι,0000700,000101100ιο
943 2007 1089 2062 0010000007
1115 2015 1270 2080 receptum
1295 2009 1371 2060 iam<

180 2079 461 2134 000001.Ηο100110
478 2080 647 2150 Walthero,
674 2083 725 2154 qui
742 2079 816 2136 haec
834 2079 1013 2153 disputavit:
1043 2086 1171 2149 „questus
1195 2079 1371 2132 adulatioser

179 2149 237 2204 113.
258 2145 321 2204 add.
340 2151 406 2206 Ber.
425 2151 518 2207 liban.
546 2153 614 2209 Ald.
643 2162 672 2208 et
695 2153 734 2206 al.
772 2149 829 2208 sea
855 2155 924 2224 quia
949 2151 1071 2206 lacrimis
1088 2151 1248 2236 opponitur
1267 2149 1371 2216 gaudia

179 2227 286 2289 asertor
302 2238 362 2278 non
380 2221 519 2278 debebant
537 2241 600 2278 esse
619 2225 682 2278 sine
702 2241 719 2277 o
739 2225 847 2296 posito.
884 2225 962 2277 Hinc
978 2225 1054 2276 Mur.
1074 2239 1151 2276 com.
1178 2222 1310 2276 lacrimas
1333 2235 1371 2286 gu

180 2291 226 2344 dio
244 2299 274 2346 et
291 2291 365 2346 Era.
385 2293 507 2348 lacrimis
525 2295 661 2360 gaudiam.
726 2297 859 2350 nimvero
877 2295 988 2348 miscere
1005 2292 1037 2346 h.
1057 2293 1081 2346 1.
1109 2291 1232 2360 dictum,
1261 2299 1297 2346 ut
1314 2291 1371 2364 3,1

179 2363 217 2416 11.
235 2365 264 2430 2,
283 2367 327 2417 70.
347 2367 375 2430 3,
395 2366 441 2422 71·
470 2383 529 2420 000
546 2383 602 2438 pro
619 2365 794 2431 confundere,
812 2365 931 2430 turbare,
950 2373 983 2418 ut
1001 2365 1038 2418 H.
1056 2367 1084 2430 3,
1103 2365 1193 2430 721,
1212 2367 1261 2422 19.
1291 2363 1370 2434 nipst

180 2451 258 2490 corr.
277 2435 451 2488 adulationes
468 2437 538 2490 coll.
558 2439 595 2490 ll.
614 2441 642 2504 3,
661 2439 705 2492 71.
730 2437 834 2509 Aptius
853 2445 949 2491 autem
966 2435 1156 2500 adulationem,
1182 2435 1231 2488 cui
1250 2433 1370 2506 respond

178 2503 318 2572 gaudem,
337 2523 423 2578 quam
433 2507 614 2570 adulationes,
632 2509 799 2562 adulationis
810 2509 966 2574 formulae,
980 2507 1114 2592 idemque
1125 2505 1318 2578 probabilius,
1336 2522 1370 2574 qu

181 2576 261 2632 niam
284 2577 389 2630 ultima
414 2577 501 2632 litera
527 2579 672 2634 facillime
699 2581 797 2650 potuit
821 2579 969 2633 absorberi
992 2597 1009 2633 a
1032 2595 1129 2649 pruna
1153 2577 1237 2632 verbi
1266 2595 1311 2648 sq.
1346 2575 1370 2637 la

181 2653 288 2771 pardzsltasps
310 2648 409 2719 accipe
435 2663 495 2715 eos,
523 2649 628 2721 quibus
643 2659 793 2774 llereptum
823 2649 943 2736 civitati
965 2646 1369 2772 Aliistussbhifflmfitffl

98 2755 100 2762 '
181 2733 473 2872 ..011ἳέ311
494 2728 1093 2872 03310113331313.
1113 2735 1369 2854 :effutiat

253 2863 280 2917 3.
300 2875 330 2911 sss
347 2859 431 2912 eaba
452 2861 558 2914 Tiberss
578 2861 708 2915 Caesaris
724 2863 867 2914 iuravere.-
894 2861 925 2915 id
943 2861 1014 2916 olim
1033 2859 1146 2916 dictum
1167 2859 1202 2914 da
1221 2860 1369 2915 omnibust

182 2929 455 3003 verba,prseeuntis
475 2932 638 2986 iurantibus
657 2943 686 2987 et
705 2935 746 2986 ita
764 2950 794 2988 se
812 2933 903 2987 obstr'
949 2931 1063 2987 entibus
1087 2929 1176 2985 alicui
1203 2937 1235 2996 et
1260 2931 1368 2996 devora

181 3002 280 3070 tibus,
305 3001 460 3072 inprimis
485 3005 609 3058 vereda
627 3003 781 3072 militibus,
805 3005 867 3076 qui,
890 3022 943 3060 ver
962 3023 979 3057 a
1003 3023 1026 3056 a.
1045 3001 1203 3060 formulam
1229 3003 1368 3072 sacr-amet

181 3080 339 3145 praeeunte
357 3073 476 3128 tribuno
493 3074 635 3144 militum,
653 3076 745 3130 iurant
762 3075 792 3128 ia
809 3075 892 3128 acrba
909 3075 999 3140 ducis,
1015 3074 1047 3128 h.
1058 3091 1083 3128 a.
1102 3073 1182 3141 duci,
1200 3091 1232 3128 se
1248 3075 1314 3128 eius
1330 3073 1368 3126 dit

183 3143 333 3200 audientes
350 3147 415 3199 fore
433 3153 463 3200 et
480 3145 522 3199 im
544 3155 623 3202 erata
640 3163 694 3218 pro
713 3147 826 3202 viribus
844 3147 984 3202 facturos.
1003 3164 1033 3200 v.
1052 3145 1118 3198 Lis.
1137 3147 1166 3212 2,
1183 3147 1229 3202 32.
1248 3147 1298 3202 15.
1316 3141 1368 3208 3,1

182 3215 228 3281 22,
246 3219 292 3272 38.
310 3215 387 3270 Vell.
407 3219 435 3281 2,
453 3217 498 3271 20.
518 3163 620 3288 iolyb.
640 3221 669 3286 0,
687 3220 732 3275 22.
752 3223 797 3284 11,
815 3220 861 3272 30.
880 3217 960 3289 Lips.
979 3217 1044 3276 mil·
1062 3215 1145 3271 Rom.
1160 3221 1187 3284 1,
1205 3217 1234 3272 0.
1255 3213 1367 3294 salisb

180 3285 283 3356 Polyb.
304 3303 330 3340 c.
352 3291 378 3342 1.
416 3287 518 3340 Postea
536 3305 605 3342 vero
623 3287 738 3342 tomas
755 3289 786 3341 s'rs
802 3289 885 3342 verba
903 3289 966 3342 sive
983 3303 1074 3340 semes
1090 3287 1258 3356 Principum,
1276 3285 1309 3340 ls.
1331 3303 1355 3339 e.

183 3373 285 3412 sorum
314 3357 447 3413 salutem.
484 3357 546 3411 Hoc
571 3359 772 3414 iusiurandum
800 3377 823 3412 s.
843 3367 1065 3425 sacramentum,
1130 3375 1146 3414 o
1169 3375 1199 3412 sa
1225 3358 1328 3413 cuncti
1352 3357 1367 3426 p

184 3427 278 3504 salute
296 3429 383 3482 unius
401 3427 632 3505 adstringebant,
650 3431 779 3502 primum
797 3430 874 3486 lulio
893 3429 1010 3485 Caesari
1035 3439 1065 3484 et
1089 3377 1196 3484 duainds
1220 3427 1366 3498 Ptincipil

182 3500 368 3572 praestitum,
388 3499 508 3568 eiusque
525 3499 654 3556 famula
672 3509 749 3556 erat:
776 3500 838 3554 Noa
854 3519 894 3556 sse
911 3501 1062 3570 liberosque
1078 3517 1148 3555 meos
1164 3499 1291 3554 emtores

182 3585 258 3640 quasa
267 3569 428 3637 Principem,
437 3563 550 3623 πάντων
566 3567 746 3645 προτιμήσειν
754 3568 804 3638 τὴν
812 3573 861 3627 τοῦ
868 3575 1009 3642 Καίσαρος
1027 3575 1172 3643 σωτηρίαν.
1187 3590 1215 3626 r.
1229 3570 1313 3626 Suet.

182 3640 423 3700 3101170115.
451 3639 507 3696 Dio
525 3643 572 3709 53,
589 3645 635 3700 20.
654 3645 699 3710 50,
718 3647 746 3700 0.
770 3644 896 3717 Appian.
921 3643 953 3698 B.
974 3643 1217 3712 (12121115.
1245 3643 1317 3697 Arri

183 3715 228 3770 11.
266 3711 316 3767 310
333 3711 365 3766 h.
385 3711 407 3764 1.
426 3712 521 3766 iurare
538 3714 569 3766 irs
584 3715 668 3769 amba
689 3715 805 3780 Tiberii,
824 3721 851 3784 l,
869 3719 896 3774 8.
915 3721 1108 3770 sacramentum
1125 3715 1156 3768 s'rs
1179 3729 1273 3768 nomeu
1290 3713 1327 3767 Ti

182 3783 220 3837 11.
241 3787 268 3850 1,
287 3783 331 3840 70.
360 3783 455 3837 iurare
476 3783 506 3836 irs
531 3783 665 3852 Othonem,
688 3785 725 3839 li.
743 3789 772 3854 1,
797 3789 843 3845 57.
870 3787 964 3840 iurare
986 3785 1147 3840 iresterna
1163 3786 1257 3850 uerba,
1285 3784 1330 3838 An

182 3857 227 3912 31.
248 3855 284 3909 11.
302 3857 332 3922 2,
352 3857 395 3912 11.
415 3858 443 3922 1,
461 3855 506 3913 50.
526 3860 571 3914 01.
605 3857 723 3923 adigere
739 3857 770 3911 iu
793 3859 876 3912 uerba
897 3857 1003 3914 liberii
1020 3865 1075 3912 oet
1105 3855 1182 3911 100.
1202 3862 1229 3923 1,
1248 3859 1295 3913 37.

183 3927 228 3984 55.
248 3927 293 3984 70.
312 3927 341 3993 2,
360 3927 452 3994 55.,1,
471 3929 515 3985 15.
535 3929 580 3984 57.
600 3931 645 3986 01.
668 3929 787 3995 adigere
806 3937 835 3984 et
852 3929 935 3995 adigi
951 3935 1118 3984 sacraemnta
1136 3925 1206 4000 (pro
1224 3925 1309 4003 vulg.

182 3997 213 4054 s's
229 3996 437 4065 saumatam)
460 3997 600 4066 Priadps's
626 4007 657 4054 et
678 4015 729 4068 pro
745 3999 882 4068 Μοίρι,
907 4001 944 4054 11.
963 4003 992 4067 2,
1011 4003 1056 4057 73.
1075 4003 1104 4066 1,
1123 4001 1167 4056 15.
1185 4001 1233 4066 01,
1251 4003 1308 4056 70.’

183 4065 246 4124 luta
265 4069 356 4136 adigi,
375 4069 492 4134 adigere
510 4079 541 4124 at
557 4068 673 4136 etism
690 4087 728 4128 ss.
758 4071 805 4126 01.
826 4073 921 4144 intpp.
940 4071 1089 4128 Ammiani
1105 4073 1151 4138 21,
1175 4073 1205 4138 5,
1229 4075 1274 4128 10.

184 4147 227 4196 stt
245 4137 417 4196 istraassstssm
436 4149 466 4198 at
482 4141 576 4194 iurare
592 4141 622 4194 irs
639 4148 704 4194 acta
722 4141 876 4211 stiacipam
894 4149 920 4210 l,
939 4145 1028 4210 721,
1046 4145 1091 4200 12.
1111 4143 1156 4208 13,
1175 4145 1220 4200 11.
1239 4143 1300 4200 ταῖς
1318 4159 1336 4191 α

182 4203 299 4282 πράξεσι
313 4205 431 4284 ’ὀμνύειν
448 4221 478 4267 et
496 4205 530 4266 ssi
547 4228 576 4266 rr
593 4215 754 4282 πραχθέντα
772 4211 910 4268 truatur
927 4215 974 4266 scal
991 4210 1025 4268 ris
1042 4206 1261 4286 πραχθησόμενα
1279 4205 1336 4264 ὑπὸ

183 4275 228 4334 sisi
245 4275 353 4344 coium
370 4277 462 4354 ὅρκοις
478 4284 669 4351 βεβαιοῦσθαι,
686 4282 758 4348 (Dio
776 4289 822 4353 57,
840 4284 885 4353 8.)
902 4283 933 4338 b.
954 4303 980 4339 e.
1001 4285 1111 4351 iurare,
1130 4301 1160 4338 se
1178 4292 1243 4339 rats
1253 4281 1325 4336 habi

184 4367 246 4408 ssss
262 4353 361 4408 omnis
380 4369 481 4412 sorum
498 4363 571 4412 sota.
609 4353 673 4409 1100
691 4355 891 4412 iusiurandum
911 4355 1043 4412 sollenne
1062 4357 1095 4408 in
1117 4353 1258 4410 bonorem
1276 4371 1297 4424 p
1318 4355 1325 4364 '
