2868 4792
197 221 263 321 arn
588 217 935 284 sunnamnnn.
957 217 1016 284 1u.

93 441 96 448 ,
149 427 153 434 .
201 361 417 442 uiuamus
449 383 606 450 0·,1s.n
642 383 692 440 sss
714 385 833 451 «sm,
854 385 928 450 μ...
950 381 986 438 ss
1005 387 1032 452 1,
1058 381 1126 442 ss.u
1145 381 1249 440 usas
1281 381 1384 455 anun

200 465 268 532 post
285 457 356 512 haec
372 473 409 510 re
477 455 615 510 excidisse
633 455 831 526 suspicabatur
849 455 930 512 neit.

630 589 826 664 c'sruu
865 607 974 666 1111.

281 717 364 780 Exin
390 713 527 780 biduum
559 714 754 779 criminibus
785 713 978 778 obiicieudis
1009 717 1181 792 statuitur,
1213 723 1311 796 utque
1339 735 1385 777 ser
1416 773 1417 778 ,

202 797 334 863 dierum
378 801 485 880 spatio
527 800 703 860 interiecto
749 817 826 860 reus
867 817 928 880 per
967 798 1118 860 triduum
1159 797 1384 861 defenderetur.

201 884 290 948 Tum
317 883 483 944 Fulcinius
511 890 625 944 vetera
659 889 693 942 ct
718 881 828 942 insuia
862 879 1007 959 orditur,
1037 881 1211 944 ambitiose
1241 901 1387 962 avareque

201 965 346 1028 habitem
360 963 568 1046 Hispaniams
591 961 680 1045 quod
701 983 805 1045 neque
826 966 1012 1046 convictum
1025 984 1129 1026 uoxse
1150 985 1222 1043 reo,
1242 965 1271 1025 si
1290 983 1387 1024 recen·

200 1053 248 1110 tie
280 1057 450 1134 purgaret,
489 1065 593 1130 neque
625 1044 792 1108 deiemnm
824 1045 1025 1108 absolutioni
1058 1054 1140 1124 crat,
1172 1048 1202 1110 si
1234 1055 1387 1110 teneretur

200 1131 383 1194 maioribus
404 1130 550 1216 flagitiis.
592 1129 671 1190 Post
692 1147 787 1211 quem
808 1127 971 1190 Servaeus
994 1137 1027 1191 et
1048 1127 1214 1190 Veranius
1244 1139 1277 1190 et
1295 1129 1385 1190 Vitel-

200 1215 266 1278 lius
287 1213 451 1274 consimili
472 1209 595 1288 studio,
633 1207 691 1272 sed
713 1211 814 1272 multa
836 1211 1021 1294 eloquentia
1044 1211 1217 1290 Vitellius,
1238 1212 1384 1274 obiecere:

201 1297 279 1358 odio
301 1294 491 1358 Germanici
511 1302 546 1356 ct
566 1312 680 1355 rerum
702 1311 865 1356 novarum
887 1290 997 1354 studio
1010 1294 1163 1356 Pisonem
1181 1295 1298 1379 vulgus
1317 1295 1387 1354 mili-

200 1385 271 1440 tum
291 1397 352 1460 per
372 1377 538 1439 licentiam
560 1383 593 1440 et
612 1377 778 1438 sociorum
800 1377 940 1437 iniurias
962 1395 1001 1438 eo
1022 1395 1125 1460 usquc
1143 1378 1388 1458 corrupissent

200 1479 321 1546 parens
338 1461 505 1546 legionum
528 1477 547 1520 s
568 1457 755 1521 deterrimis
773 1459 1016 1542 appellaretur:
1040 1467 1157 1521 contre
1187 1460 1224 1520 in
1246 1461 1387 1541 optimum

200 1561 372 1626 quemque,
404 1543 543 1604 menime
574 1541 609 1602 iu
641 1543 777 1602 comites
810 1549 844 1603 et
870 1542 993 1603 amicos
1021 1540 1210 1604 Germanici
1249 1543 1386 1605 saeuisse:

199 1633 368 1708 postremo
389 1627 497 1706 ipsum
518 1623 750 1686 devotionibus
778 1631 812 1684 et
836 1643 964 1686 veneno
986 1626 1181 1706 peremisse:
1214 1622 1389 1694 sacrahinc

200 1715 235 1770 et
254 1702 495 1770 immolationes
517 1703 671 1768 nciandes
692 1707 796 1788 ipsius
818 1713 918 1788 etque
934 1707 1124 1770 Plancinae:
1147 1707 1285 1790 petitam
1304 1707 1388 1770 ermis

86 1854 89 1864 ,
200 1789 470 1872 rempublicam,
492 1799 593 1870 utque
615 1807 693 1850 rcus
713 1789 768 1874 agi
789 1797 911 1870 posset,
933 1791 1003 1853 acie
1024 1792 1159 1854 rictum.

271 1893 295 1945 1.
316 1887 389 1942 Eris
406 1887 508 1942 situas
526 1895 581 1940 cet.
617 1885 737 1959 Semper
752 1888 818 1960 plns
837 1890 975 1960 temporis
994 1905 1043 1944 rec
1060 1907 1146 1960 quam
1164 1891 1322 1945 accusstcri
1345 1889 1389 1941 tri·

198 1959 249 2014 bui
267 1959 389 2014 solcbsts
408 1977 474 2013 nem
492 1959 626 2036 longiore
643 1965 774 2032 tempore
798 1975 869 2031 opus
895 1967 940 2018 est
963 1959 998 2013 sd
1025 1961 1147 2015 senmds
1172 1962 1295 2016 vulnera
1318 1977 1389 2033 quem

199 2031 235 2084 sd
252 2030 422 2106 infligendas
441 2031 516 2088 Mur.
554 2027 707 2115 „Tempus
726 2047 840 2084 causam
857 2029 962 2116 agendi
980 2033 1136 2085 accusatori
1155 2041 1184 2086 et
1196 2049 1250 2088 reo
1262 2049 1318 2087 non
1330 2048 1390 2085 sem·

198 2102 346 2174 peridem
365 2111 513 2169 statutum,
538 2101 588 2155 sed
605 2100 635 2153 id
653 2101 755 2155 iudicis
779 2102 901 2156 arbitrio
926 2101 1078 2156 definitum
1099 2111 1169 2174 puto
1192 2119 1250 2174 pro
1272 2119 1390 2176 persons·
1416 2123 1417 2126 ¹

199 2189 266 2226 rum
285 2181 315 2226 et
332 2173 488 2226 criminum
507 2172 663 2243 qualitates
682 2173 758 2227 unde
777 2181 806 2227 et
823 2171 957 2226 Tiberius
975 2187 1023 2225 sse
1040 2174 1142 2228 diuum
1158 2181 1274 2246 tempus
1298 2173 1390 2228 consti·

198 2244 267 2308 tuit,
286 2244 407 2299 minime
425 2244 453 2296 id
471 2245 609 2307 fecturus,
630 2245 654 2296 si
672 2241 701 2297 le
724 2250 872 2298 scrutum
889 2245 1001 2298 fuisset.
1034 2245 1079 2300 (ll.
1099 2245 1170 2298 Plin-
1192 2263 1238 2317 ep.
1258 2249 1284 2310 4,
1302 2251 1326 2302 9.
1349 2246 1390 2297 Pe·

198 2313 274 2367 dian.
302 2317 333 2368 in
358 2313 419 2371 cis.
449 2329 492 2368 cr.
520 2331 551 2387 p.
574 2313 635 2370 llil.
661 2323 690 2368 et
703 2262 736 2368 q
761 2315 795 2368 ab
818 2312 948 2368 hostibus
972 2313 994 2379 l.
1021 2315 1100 2373 final.
1124 2333 1160 2371 cx
1186 2316 1290 2388 quibus
1314 2317 1390 2369 causis

198 2385 323 2439 meior.“
342 2385 440 2438 most.
477 2415 509 2427 -
534 2392 625 2438 essm
651 2392 678 2438 et
695 2387 798 2450 icosio,
824 2403 854 2438 v.
873 2384 909 2438 sd
927 2391 952 2451 l,
970 2389 997 2453 2,
1016 2387 1043 2441 6.
1071 2416 1103 2432 -
1122 2389 1262 2440 ambitiose
1278 2402 1392 2455 consepta

198 2455 317 2510 lebiton
335 2457 502 2524 Hispaniam,
522 2459 560 2511 cf.
580 2473 604 2508 c.
625 2460 657 2512 ll
675 2474 720 2528 pr.
740 2466 769 2511 et
786 2455 822 2510 sd
838 2459 866 2522 3,
887 2459 930 2522 12,
948 2462 974 2513 l.
1003 2455 1083 2510 lllud
1099 2461 1181 2514 refer
1197 2458 1234 2513 sd
1252 2461 1391 2522 exercitus,

198 2525 255 2580 boc
273 2527 309 2580 ad
333 2529 426 2582 socios
450 2546 472 2584 s.
490 2527 699 2599 provinciales,
729 2529 795 2582 Em.
824 2527 869 2582 Gi.
896 2528 967 2604 ligr.
986 2532 1031 2585 3⁰.
1058 2529 1085 2581 si
1107 2531 1223 2597 temptes
1247 2531 1331 2585 sessis
1353 2533 1409 2588 est·

198 2597 287 2662 mors,
306 2599 333 2652 si
349 2613 458 2666 poopsr,
477 2599 614 2651 ambitiosi
629 2597 764 2665 Romami,
785 2597 888 2654 Wotst.
913 2631 946 2641 -
965 2600 1130 2669 predaeque
1146 2599 1304 2666 cosoictu,
1326 2601 1393 2672 (pro-
1416 2661 1417 2666 ἵ

157 2727 160 2735 ,
197 2667 308 2732 batum,
338 2677 372 2722 ut
394 2673 438 2734 ll,
458 2668 518 2736 40.)
543 2685 624 2738 nepus
647 2670 790 2736 defessum,
816 2669 1002 2737 (refutatum)
1024 2687 1070 2724 reo
1087 2673 1253 2726 admistioni
1276 2679 1340 2738 nst,
1361 2674 1391 2726 ri.
1416 2675 1417 2678 ’

191 2739 261 2796 ind.
281 2740 334 2796 lll.
354 2757 384 2792 s.
403 2739 557 2808 Porticips'c
574 2739 651 2807 Pers.
675 2757 748 2807 poss.
766 2757 815 2808 pro
833 2740 967 2795 Substcst.
995 2743 1078 2795 obstr.
1102 2751 1132 2797 et
1155 2743 1277 2798 notiora
1292 2743 1393 2797 obiecti·

198 2826 254 2866 css.
275 2839 307 2854 -
325 2811 353 2863 si
366 2811 502 2864 'imeretur
517 2811 662 2865 maioribus
678 2812 807 2876 flagitiis,
825 2829 853 2865 v.
872 2811 908 2866 ad
926 2817 969 2880 11,
988 2815 1014 2877 d,
1034 2816 1061 2869 2.

270 2886 296 2939 2
319 2881 383 2936 Post
401 2897 472 2950 quest
491 2881 623 2936 Servaeus
649 2889 675 2934 et
697 2883 829 2937 Veranius
852 2891 878 2937 et
907 2885 1044 2949 Vitellius,
1072 2902 1101 2937 v.
1129 2883 1191 2942 Iud.
1211 2885 1236 2938 1.
1268 2885 1393 2955 Postpscs

198 2951 243 3007 ed.
262 2953 326 3007 Ber.
360 2981 393 2992 -
420 2951 541 3008 Pisonem
559 2957 657 3019 colgus
674 2955 783 3008 militum
800 2971 849 3023 per
867 2955 1000 3008 licentiosa
1019 2963 1045 3009 el
1063 2955 1193 3010 sociorum
1214 2956 1333 3010 s'ss'sc's'us
1347 2965 1392 3010 cst

198 3025 237 3082 ci.
256 3027 283 3092 2,
301 3026 345 3082 55.
365 3033 394 3079 ct
411 3027 437 3090 3,
457 3028 499 3082 14.
526 3051 558 3063 -
583 3025 612 3078 io
630 3027 736 3078 comites
754 3028 897 3080 classicos
915 3027 1076 3094 Germanici,
1102 3046 1130 3084 v.
1157 3027 1193 3082 ed
1210 3033 1238 3096 l,
1257 3029 1302 3094 29,
1320 3032 1344 3087 l.
1367 3059 1393 3070 -

197 3095 283 3162 ipsust
301 3096 483 3156 deuotionibus
502 3103 528 3149 et
545 3113 643 3150 ummo
659 3098 810 3164 peremisse,
828 3117 856 3151 v.
876 3097 912 3152 ad
928 3101 955 3164 2,
975 3102 1019 3166 69,
1037 3101 1062 3155 2
1089 3131 1122 3141 -
1139 3115 1221 3152 samo
1240 3107 1267 3152 et
1290 3098 1393 3152 innole-

198 3167 285 3220 lioses
301 3168 435 3231 nefandos
453 3176 507 3225 cet.
526 3169 565 3221 cf.
585 3171 610 3232 2,
629 3170 671 3225 75.
698 3169 839 3234 nefandus,
865 3171 896 3222 in
920 3169 1001 3227 luctu
1026 3169 1141 3242 publico
1170 3179 1199 3224 et
1224 3170 1261 3225 cb
1280 3189 1342 3226 cnm
1359 3173 1394 3222 fr·
1416 3175 1417 3178 ’

198 3245 268 3304 ctas,
287 3245 320 3291 ut
338 3239 446 3302 nefario
463 3255 524 3304 cor,
543 3243 570 3304 8,
589 3243 623 3296 50
640 3256 705 3311 pr.;
724 3237 843 3296 fresos.
872 3239 943 3307 Quis
960 3243 1049 3312 impie
1068 3242 1099 3294 in
1117 3241 1272 3296 Caesarum
1290 3243 1393 3296 domum

175 3309 304 3436 'actaeg
322 3309 406 3378 Rycl.
425 3317 454 3364 ct
473 3310 536 3364 llrs.
574 3341 606 3354 -
642 3312 751 3380 petitam
779 3311 862 3366 armis
887 3327 940 3368 rem
963 3315 1037 3382 publ.
1059 3345 1092 3357 —
1111 3315 1172 3367 acis
1193 3313 1300 3369 cirtem
1323 3314 1394 3374 εΗ,

633 3506 839 3566 CAPUT*
874 3511 970 3566 xlv·

279 3609 435 3676 Defensio
468 3615 503 3676 in
535 3619 654 3678 ceteris
685 3617 874 3701 trepidavit.
926 3617 1013 3682 Nem
1049 3639 1156 3702 neque
1191 3619 1395 3683 ambitionem

199 3693 392 3774 militarem,
412 3715 518 3780 neque
538 3701 741 3781 provinciam
764 3705 904 3784 pessimo
923 3706 1040 3785 cuique
1061 3704 1246 3777 obnoxiam,
1268 3726 1311 3768 ne
1331 3723 1396 3766 con-

200 3777 353 3838 tumelias
375 3777 505 3861 quidem
528 3781 702 3846 adversum
723 3785 958 3866 imperatorem
979 3787 1117 3848 infitiari
1129 3795 1276 3869 poterat:
1299 3787 1397 3848 solum

198 3849 318 3924 vineni
335 3863 460 3924 crimen
484 3865 576 3926 visus
598 3873 648 3926 est
668 3864 814 3930 diluisse.
858 3867 953 3932 Quod
980 3889 1021 3930 nc
1042 3877 1250 3932 accusatores
1272 3868 1397 3953 quidem

199 3943 277 4004 satis
298 3943 484 4022 firmabant,
513 3949 548 4008 in
570 3951 724 4011 convivio
745 3947 946 4029 Germanici,
974 3971 1076 4034 quum
1102 3971 1204 4034 super
1233 3973 1308 4016 enm
1329 3953 1397 4014 Piso

199 4023 431 4106 discumberet,
466 4031 620 4100 infectos
637 4032 786 4093 manibus
817 4035 888 4096 cius
922 4034 1012 4096 cibos
1038 4043 1236 4120 argu-entes:
1278 4035 1417 4116 Quippci

199 4107 378 4172 absurdum
410 4109 597 4191 videbatur,
631 4115 719 4179 inter
750 4116 857 4178 aliene
888 4119 1026 4179 servitia
1059 4125 1092 4180 et
1123 4127 1175 4181 tot
1206 4118 1417 4188 adstantium,

198 4191 272 4252 uisu
304 4192 375 4274 ipso
397 4191 594 4258 Germanico
626 4217 737 4260 curem
769 4197 804 4260 id
832 4219 964 4265 ausum:
997 4201 1142 4266 offer-ebs
1179 4221 1221 4264 uc
1246 4203 1400 4264 tantillam

86 4295 89 4302 ¹
199 4289 275 4334 reus
298 4281 331 4332 et
352 4277 524 4339 ministros
545 4281 579 4339 in
607 4288 772 4342 tormonte
800 4282 980 4368 flagitabat.
1023 4282 1089 4346 Sed
1117 4287 1154 4347 in
1179 4287 1242 4348 ‘ces
1266 4302 1331 4366 per
1358 4281 1417 4362 di-¹
