2904 4798
234 211 378 280 CAPUT
400 213 511 286 XXII.
526 213 658 280 XXIII.
682 214 734 293 (Δ.
758 212 797 277 U·
821 213 893 280 teo.
916 213 957 292 d..
981 212 1015 278 G.
1039 213 1106 294 33.)
1222 223 1283 286 511

58 382 194 456 quidem3
220 381 298 450 lips.
335 381 392 436 Sed
415 399 459 453 ap.
484 380 570 439 Dion.
595 383 640 449 bt,
663 385 690 440 1.
716 381 765 437 ubi
789 389 903 448 aurat,
933 381 1114 460 astrologum
1140 387 1284 457 quendam

80 455 250 520 raedixisse,
276 455 422 508 Neronem
447 462 477 508 et
500 455 712 526 imperaturum
739 461 768 509 et
792 461 917 508 matrem
943 455 1184 524 interfecturum
1211 459 1280 514 Ere.

48 475 211 580 §initium
236 526 444 580 vaticiniorum
467 527 644 581 mentionem
666 527 737 582 lacit
756 523 912 580 Suetonius
936 527 994 578 Vit.
1014 529 1057 584 14.
1089 530 1174 600 Veap.
1200 533 1226 586 5.
1254 540 1284 586 et

57 597 168 652 Domit.
188 601 230 654 15.
250 629 283 642 -
303 613 337 650 ne
348 613 429 656 nuno
446 596 558 667 incepto
576 597 691 666 longius
709 595 845 651 obierim:
865 597 1045 668 „Perperam
1060 599 1197 655 Heinsius
1216 603 1283 656 vult

57 672 196 722 aberrem.
234 669 328 722 Immo
348 669 477 739 scriptor
500 669 559 722 iam
582 669 704 725 abierut.
741 669 785 723 Ne
803 677 901 722 tamen
928 667 978 721 lon
1002 669 1046 722 ius
1065 671 1097 724 in
1122 669 1180 726 hcc
1203 673 1284 727 abitu

58 748 268 804 commoretur,
288 737 333 805 (b.
348 758 371 796 e.
394 757 427 794 ne
446 755 518 794 nnnc
535 741 644 810 incepto
663 741 778 809 longius
796 738 932 808 abierim)
957 687 1028 794 alibi
1046 743 1218 798 memorabit
1235 762 1283 798 ce-

56 811 152 866 tera.“
173 810 279 865 Watet
315 808 456 884 Ἀορίστως
473 813 571 884 potius
589 813 701 866 dictum
719 813 838 866 abimum
856 829 911 883 pro
930 811 1036 864 abeam.
1058 813 1102 866 Gi.
1121 815 1156 868 ad
1168 815 1240 892 Agr.
1255 819 1282 873 3.

57 903 89 942 n.
113 887 139 940 d.
166 893 195 938 et
219 883 282 936 Ind.
307 881 360 934 111.
393 901 421 936 v.
450 883 542 938 Verba
566 880 744 950 ἀορίστως
767 883 875 952 positu.
914 883 1025 951 incepto
1050 885 1113 940 edd.
1137 885 1228 944 Rhen.
1257 893 1281 944 1.

58 957 139 1026 Lips.
160 963 189 1010 et
207 971 264 1012 rec.
285 955 413 1024 incoepto
432 955 494 1012 edd.
514 955 578 1010 Ber.
597 955 689 1012 noan.
709 959 734 1013 1.
754 959 780 1012 ’.1.
800 953 865 1008 Alo.
884 961 918 1008 ut
936 971 962 1007 c.
981 957 1024 1012 31.
1045 965 1074 1010 et
1091 956 1129 1014 al.

469 1077 660 1136 CAPUT
714 1079 855 1138 XXIII.

143 1185 265 1250 Iisdem
279 1189 481 1250 'consulibus
511 1187 619 1251 Asinii
641 1187 728 1251 Galli
756 1209 846 1252 mors
877 1193 1047 1280 vulgatur,
1081 1211 1179 1276 quem
1209 1213 1282 1294 ege-

59 1279 146 1332 state
167 1271 233 1333 cibi
256 1280 463 1360 peremptum
487 1271 574 1332 haud
597 1271 752 1346 dubium3
782 1283 898 1356 sponte
919 1277 972 1338 vel
995 1279 1202 1356 necessitate,
1229 1300 1282 1339 rn-

60 1364 190 1416 certum
210 1353 410 1420 habebatur:
434 1357 668 1438 consultusque
688 1353 820 1433 Caesar,
843 1377 884 1420 an
907 1361 1042 1440 sepeliri
1056 1363 1192 1438 sineret,
1216 1381 1285 1423 non

60 1438 195 1500 erubuit
216 1440 413 1518 permittere
435 1439 589 1521 ultroque
610 1441 764 1502 incusare
786 1459 892 1519 cesus,
923 1444 979 1523 qui
1002 1462 1096 1504 reum
1128 1445 1281 1506 abstulis-

61 1530 134 1582 sent
161 1530 237 1583 ante
266 1541 364 1603 quam
385 1539 498 1582 coram
524 1523 790 1587 convinceretur.
834 1523 968 1587 Scilicet
995 1525 1105 1588 medlo
1134 1530 1282 1590 triennio

61 1603 211 1666 defuerat
232 1614 361 1686 tempus
383 1602 545 1666 subeundi
566 1604 727 1666 iudicium
749 1608 918 1670 consulari
941 1612 1024 1681 sent,
1052 1618 1104 1670 tot
1130 1613 1283 1672 consula-

60 1689 149 1748 rium
170 1689 312 1770 parenti.
357 1687 486 1748 Drusus
509 1686 629 1750 deinde
652 1691 886 1774 exstinguitur,
908 1707 1009 1774 quum
1031 1711 1067 1754 ee
1085 1693 1282 1758 miserandis

59 1772 238 1850 alimentis,
274 1768 459 1832 mandendo
488 1791 506 1832 e
533 1771 638 1833 cubili
665 1779 824 1854 tomento,
860 1793 984 1836 nonum
1012 1774 1053 1836 ad
1082 1774 1169 1838 diem
1199 1775 1282 1841 deti-

58 1855 197 1917 nuisset.
239 1851 426 1916 Tradidere
459 1853 609 1936 quidam,
645 1859 890 1937 praescriptum
918 1861 1021 1922 fuisse
1050 1857 1222 1938 Macroni,
1255 1863 1285 1924 si

59 1957 154 2000 arma
187 1937 227 1998 ab
256 1935 376 1999 Seiano
409 1945 639 2016 tentarentur,
684 1946 870 2000 extractum
905 1941 1077 2006 custodiae
1116 1945 1284 2024 iuvenem,

58 2024 150 2095 (nam
179 2021 213 2080 in
244 2021 367 2102 palatio
398 2019 616 2098 attinebatur)
651 2019 767 2083 ducem
802 2023 926 2104 populo
962 2027 1151 2106 imponere:
1194 2049 1283 2105 mos,

81 2103 137 2164 uia
169 2123 289 2165 rumor
323 2101 496 2164 incedebat
529 2106 612 2180 fore,
648 2112 687 2164 ut
713 2123 804 2166 nuru
832 2123 870 2166 ac
898 2109 1013 2189 nepoti
1047 2110 1286 2172 conciliaretur

32 2125 195 2264 'iaceam
223 2189 396 2250 saevitiam
419 2205 516 2268 quam
537 2189 779 2268 poenitentiam
801 2189 929 2254 maluit.

132 2310 155 2362 l.
174 2303 275 2358 Asinii
293 2305 381 2372 Galli,
410 2303 445 2360 de
472 2319 530 2375 quc
548 2321 576 2358 v.
598 2305 633 2358 ad
652 2310 677 2367 1,
696 2307 743 2368 11,
761 2307 787 2362 1.
821 2335 854 2344 -
883 2324 962 2378 quem
985 2315 1113 2378 egestate
1138 2309 1197 2366 citi
1219 2327 1284 2380 per·

59 2382 181 2445 ereptum
198 2373 274 2429 baud
292 2375 416 2444 dubious,
436 2378 474 2429 ci.
500 2375 555 2430 Dio
575 2378 618 2442 58,
637 2379 663 2432 3.
684 2375 735 2429 ubi
754 2377 785 2429 in
804 2379 877 2432 actis
902 2397 928 2432 a.
948 2379 983 2432 U.
1004 2383 1064 2437 783.
1090 2399 1136 2436 res
1160 2383 1202 2436 ita
1226 2393 1285 2438 tra·

59 2449 157 2502 ditur:
178 2447 272 2514 Quum
286 2447 388 2500 Gallus
407 2447 442 2500 ad
454 2445 605 2500 Tiberium
624 2445 736 2524 legatus
752 2450 888 2514 venisset,
908 2450 1054 2504 adhibitus
1066 2453 1098 2506 in
1114 2453 1284 2509 convivium

60 2521 240 2590 comiterque
258 2517 375 2573 babitus
395 2527 451 2587 est,
478 2518 528 2573 sed
545 2518 647 2572 literae
673 2519 708 2571 ad
734 2527 864 2574 senatum
890 2520 1042 2576 aTiberio
1062 2524 1151 2577 simul
1170 2526 1284 2592 missae,

60 2593 164 2662 quibus
185 2609 250 2646 eum
269 2589 427 2646 accusabat.
465 2590 509 2646 Ita
529 2587 630 2644 eodem
649 2589 696 2644 die
716 2589 846 2646 Caesaris
866 2594 990 2648 conviva
1008 2594 1067 2647 fuit
1086 2603 1115 2649 et
1133 2596 1284 2650 damnatus

60 2671 119 2728 est;
138 2663 242 2715 missus
263 2663 351 2716 etiam
369 2669 496 2734 praetor,
516 2661 567 2730 qui
586 2678 653 2716 eum
671 2661 805 2716 vinctum
824 2661 944 2718 duceret
962 2665 998 2718 ad
1016 2665 1202 2738 supplicium.
1223 2668 1284 2736 Quo

58 2737 138 2788 facto
156 2731 303 2802 Tiberius,
322 2733 371 2788 ubi
390 2751 462 2804 quae
481 2732 540 2785 lata
559 2741 633 2786 esset
652 2735 828 2788 sententiac
867 2737 960 2804 novit,
988 2755 1024 2792 ne
1043 2739 1146 2792 mortis
1165 2739 1285 2809 quidem

59 2807 174 2876 copiam
194 2805 280 2858 Gallo
299 2823 360 2860 eam
380 2803 528 2876 appetenti
546 2805 692 2874 permisit,
720 2805 770 2860 sed
788 2805 820 2858 in
838 2805 929 2861 libera
948 2807 1035 2861 illum
1055 2809 1183 2864 custodia
1209 2809 1304 2882 apud'

60 2875 193 2931 consules
212 2875 312 2930 haberi
331 2878 424 2943 iussit,
445 2874 496 2942 (cf.
516 2875 552 2928 ad
569 2879 596 2940 3,
615 2879 660 2944 11,
679 2875 717 2940 1.)
744 2893 803 2930 non
828 2887 861 2930 ut
887 2887 1038 2933 caveretur
1064 2898 1102 2934 ne
1128 2881 1282 2966 effugeret,

60 2949 111 3003 sed
129 2965 166 3002 ne
184 2947 261 3001 mori
278 2956 386 3033 posset,
404 2955 495 3017 utque
513 2946 623 3000 diutius
641 2949 760 3002 miseria
777 2947 975 3024 affligeretur:
995 2966 1053 3004 non
1071 2953 1148 3005 enim
1168 2953 1284 3008 videbat

60 3037 236 3090 quenquam,
255 3021 419 3092 nisirquum
431 3019 467 3072 ad
480 3016 649 3072 sumendum
663 3020 759 3073 cibum
772 3036 805 3074 co
828 3029 943 3088 eretur,
963 3021 1042 3076 cibus
1058 3040 1128 3076 vero
1142 3023 1284 3079 eiusmodi

60 3099 132 3157 erat,
151 3098 239 3146 utne
261 3109 297 3146 ue
315 3092 495 3164 voluptatem
515 3088 607 3144 ullam
626 3089 753 3162 roburve
777 3110 792 3144 a
817 3101 906 3158 erret,
932 3111 1025 3164 neque
1050 3096 1127 3148 mori
1155 3113 1221 3150 eum
1245 3096 1284 3150 si·

61 3171 153 3217 neret.
192 3161 237 3216 Ita
281 3161 388 3217 iberius
409 3164 496 3216 etiam
514 3161 656 3230 quendam
675 3163 838 3217 amicorum
857 3165 916 3218 eius
935 3165 967 3217 in
985 3165 1101 3218 vincula
1120 3169 1283 3222 coniecerat
1358 3179 1360 3186 ·

61 3243 91 3288 et
110 3233 205 3288 occidi
224 3231 367 3300 uetuerat,
386 3235 455 3304 quia
473 3251 539 3286 curn
561 3249 593 3287 eo
612 3233 741 3287 nondum
760 3235 894 3308 rediisset
918 3236 949 3290 in
974 3238 1106 3312 gratiam.
1140 3271 1172 3281 —
1201 3238 1283 3294 Idem

60 3306 115 3360 Dic
134 3307 178 3370 57,
197 3305 222 3358 1.
244 3307 335 3371 atis,
355 3309 400 3361 13.
438 3305 558 3359 Gallum
576 3303 649 3358 dicit
672 3323 697 3358 a.
716 3305 752 3362 U.
772 3309 831 3363 teo.
857 3316 1002 3371 necatum,
1032 3317 1061 3362 et
1083 3309 1224 3364 Eusebius
1251 3312 1282 3364 in

61 3375 171 3430 Obron.
197 3382 258 3430 eum
283 3377 358 3430 diris
382 3375 532 3446 suppliciis
554 3382 708 3442 mactatum
732 3393 806 3431 aeno
834 3383 899 3432 ente
920 3379 950 3432 T.
969 3377 1048 3432 Lios's‘
1069 3387 1202 3445 mortem
1234 3381 1283 3435 sed

60 3447 179 3502 Tacitus
197 3446 227 3500 h.
246 3446 266 3500 1.
285 3465 348 3502 eum
365 3455 491 3516 egestate
509 3447 568 3502 cibi
583 3455 758 3518 peremptum
774 3447 850 3503 baud
867 3451 996 3514 dubium
1015 3457 1112 3520 monte
1130 3453 1175 3506 oei
1189 3469 1282 3507 necer-

59 3521 158 3586 sitote,
179 3521 324 3573 incertum
346 3517 508 3574 labebatur.
551 3519 605 3572 Pro
630 3521 674 3572 eal
690 3519 813 3574 Ursinus
841 3523 917 3575 coni.
944 3538 990 3576 an.
1019 3555 1052 3566 -
1087 3522 1282 3596 consultusque

61 3593 179 3658 caesar,
197 3608 235 3646 aa
254 3591 372 3660 sepeliri
389 3592 506 3658 sineret,
525 3608 582 3644 non
600 3591 711 3644 erubuit
728 3591 900 3660 permittere,
930 3610 988 3648 non
1028 3594 1096 3650 udet
1115 3597 1282 3668 Principem

60 3682 94 3719 ea
132 3665 293 3728 ermittere,
313 3681 386 3734 quae
405 3671 509 3739 natura
526 3665 628 3733 iusque
645 3665 777 3739 gentium
795 3666 985 3735 permittunt:
1006 3611 1085 3722 ilaec
1104 3669 1183 3724 enim
1202 3667 1282 3724 orari

58 3753 101 3806 pu
123 3743 168 3802 et3
194 3735 277 3790 Brct.
314 3734 433 3810 „Vulgo
452 3735 699 3806 interpretantur:
733 3753 793 3790 non
818 3735 945 3804 erubuit,
971 3738 1060 3793 talem
1084 3759 1099 3794 a
1124 3758 1154 3794 se
1173 3747 1201 3794 et
1219 3739 1281 3812 peti

58 3807 285 3878 permissionem
305 3815 334 3859 et
358 3805 430 3859 dari.
468 3807 562 3860 Immo
592 3806 680 3861 aliter
705 3825 752 3862 res
778 3825 808 3862 se
832 3807 926 3865 habet.
971 3809 1141 3864 consulitur
1166 3811 1279 3877 Caesar,

58 3896 99 3932 en
118 3878 237 3948 sepeliri
255 3877 374 3944 sineret,
399 3875 428 3933 h.
445 3895 469 3933 e.
489 3897 535 3944 an,
561 3879 606 3932 uti
630 3881 741 3933 mortui
766 3879 902 3946 solebant,
925 3883 1050 3950 proponi
1076 3882 1152 3937 lecto
1183 3882 1279 3948 ferali,

59 3949 172 4018 efferri,
191 3951 325 4014 cremari,
344 3949 430 4004 condi
449 3968 465 4003 a
481 3951 654 4021 propinquis
674 3953 828 4020 omniaque
846 3951 969 4004 mortuis
988 3951 1063 4005 iusta
1078 3954 1144 4006 fieri
1159 3953 1278 4006 sineret.

58 4023 139 4076 Haec
157 4022 236 4078 enim
253 4021 404 4092 pertinent
421 4021 456 4076 ad
474 4021 656 4092 sepulturam,
681 4021 717 4075 da
734 4040 791 4092 qua
809 4021 974 4076 consulitur
997 4021 1109 4079 Caesar.
1146 4023 1279 4078 'liberius

58 4111 116 4148 non
135 4093 245 4148 erubuit
262 4093 434 4161 pemnt'uere,
460 4093 575 4146 scilicet
592 4109 653 4146 rem
673 4093 706 4146 ab
725 4093 847 4148 infamia
864 4111 914 4146 sua
931 4093 1160 4164 inseparabilem.
1203 4095 1279 4150 Nam

58 4165 195 4238 quidest
218 4166 368 4236 impudens
396 4165 454 4218 nisi
478 4163 544 4229 hoc,
574 4163 650 4234 quod
672 4161 806 4219 Tiberius
823 4161 990 4218 'crudeliter
1007 4175 1112 4221 meent
1128 4165 1278 4222 bominem

58 4247 90 4292 et
109 4237 280 4290 defunctum
299 4237 395 4290 solitis
413 4236 579 4307 sepulturae
596 4235 754 4290 honoribus
774 4233 870 4300 effert,
889 4236 939 4306 qui
978 4245 1064 4292 nanta
1081 4239 1147 4292 lieri
1162 4247 1278 4309 poterat

58 4310 262 4364 taciturnitate
279 4307 397 4362 humari
415 4309 565 4378 oculisque
582 4305 735 4362 bornicum
753 4305 883 4363 subtrahi
902 4303 971 4364 deba
990 4309 1029 4374 st,
1058 4311 1082 4366 si
1100 4312 1185 4366 inodo
1199 4311 1277 4365 ullus
