2890 4790
196 225 259 292 396
590 219 834 290 sterlinum
858 223 939 288 Llli.
962 223 1021 292 lV.

197 387 263 444 dem
285 387 388 446 ltaliae
413 397 464 444 aut
486 397 566 444 certe
591 389 710 445 Siciliae
735 389 898 462 provinciis
922 389 1034 444 reditas
1066 406 1100 443 ac
1126 389 1278 466 vectigalia
1288 393 1388 516 populi

196 461 278 517 Rom.
306 469 452 526 curarent,
483 462 612 516 externis
636 461 797 534 provinciis
820 462 944 531 imperio
969 461 1096 514 nondum
1119 462 1271 515 adiunctis.
1309 465 1329 519 i.
1352 469 1387 530 ll,

195 533 240 592 22.
278 531 421 598 Quaenam
443 535 556 586 luerint
578 532 634 588 bae
659 541 783 604 quantor
804 533 973 604 provinciae
991 535 1182 602 quaestoriae,
1215 549 1272 588 uon
1294 534 1388 588 diserte

197 603 302 658 docent
319 611 429 658 veteres
447 601 641 659 Romanorum
660 605 824 674 scriptores.
860 603 916 658 Eas
945 611 1041 658 autem
1065 613 1137 674 puto
1163 607 1205 658 sic
1227 607 1389 658 constituen-

184 673 260 728 ¹das:
277 675 401 743 prinmm
418 675 565 746 aquariam
584 693 605 730 s.
624 675 854 746 frumentariam,
873 674 985 741 Ostiae,
1000 675 1083 728 cuius
1101 677 1247 758 quaestori
1270 693 1318 730 ora
1338 685 1389 730 tcta

195 747 284 800 maris
308 747 408 814 inseri,
433 745 580 800 subvectio
604 747 759 810 frumenti,
786 763 832 800 res
860 747 976 800 nautica
1000 745 1114 816 aliaque
1132 747 1203 800 talia
1227 763 1324 814 ourae3
1348 747 1387 811 (v.

194 815 271 872 Suet.
293 815 391 872 Claud.
411 819 454 872 24.
475 816 534 872 cio.

194 887 278 960 mini,
297 891 379 942 cuius
398 889 531 942 meminit
549 833 626 944 icet.
646 889 667 945 1.
686 889 707 944 l.
736 889 864 940 derecta
884 889 1080 958 quaeslorsbus
1099 887 1226 942 Ostiensi
1249 897 1275 943 ei
1293 889 1388 943 Gallice

190 959 349 1026 provincio,
368 975 464 1012 mrem
481 959 595 1012 onorii
612 959 734 1014 Saturni
752 959 890 1012 reddidit.
910 959 999 1013 Video
1018 959 1059 1014 ibi
1078 961 1176 1014 virum
1193 961 1308 1015 doctum
1324 961 1388 1014 velle

193 1029 308 1084 callium
323 1029 487 1100 provincio.-
506 1029 619 1086 erudite
637 1033 731 1086 fateor
748 1039 777 1083 et
795 1039 893 1096 acates
920 1030 970 1084 sed
988 1033 1113 1084 sustinet
1132 1032 1323 1086 assensionem
1339 1049 1388 1085 me·

192 1118 240 1154 am
266 1101 346 1156 locus
370 1102 444 1158 Plut.
482 1103 514 1156 in
538 1101 650 1156 Sertor.
681 1119 711 1172 p.
739 1103 800 1158 569.
833 1119 918 1171 quem
945 1110 1127 1174 quaestorem
1155 1103 1334 1180 designatum
1356 1103 1388 1155 ait

193 1171 306 1228 Galliae
340 1173 592 1244 circumpadanae:
625 1177 724 1246 ταμίας
755 1169 950 1242 ἀποδείκνυται
978 1174 1024 1240 τῆς
1049 1175 1114 1244 περὶ
1139 1173 1239 1227 Πάδον
1262 1177 1386 1232 Γαλατίας.

191 1240 316 1308 (Gallico
335 1264 355 1300 s.
376 1243 473 1298 Gellia
488 1244 637 1314 provincia
655 1252 698 1298 est
716 1264 732 1298 a
754 1262 786 1298 er
804 1243 936 1298 Gallicus
962 1263 985 1298 s.
1004 1263 1071 1316 pars
1097 1243 1212 1299 Galliae
1230 1245 1273 1298 cis
1295 1245 1387 1298 Arimi·

190 1329 262 1368 naun
284 1313 362 1369 ultra
386 1315 531 1373 Picenum.
555 1333 584 1371 v.
611 1315 694 1368 Varr.
721 1261 756 1370 li.
781 1313 813 1368 ll.
839 1319 864 1382 l,
883 1318 908 1372 l.
937 1315 1006 1368 Era.
1037 1313 1072 1368 ad
1090 1313 1169 1370 Suet.
1190 1317 1210 1372 l.
1232 1333 1256 1372 o.
1282 1327 1310 1372 et
1327 1317 1386 1370 clav.

192 1384 252 1438 Cic.
277 1387 308 1439 in
332 1386 395 1444 ind
428 1404 529 1464 geogr.
558 1405 585 1440 v.
612 1386 739 1440 Gallicus
764 1402 845 1454 ager.
890 1385 1019 1440 Duarum
1051 1395 1148 1442 autem
1174 1388 1385 1458 provinciarum,

191 1455 334 1510 Ostiensis
353 1465 382 1512 et
399 1457 536 1522 Gallicae,
555 1461 733 1513 mentionem
753 1459 840 1512 etiam
858 1459 929 1512 facit
946 1457 1001 1512 Dio
1019 1459 1064 1523 so,
1077 1461 1102 1513 i·
1119 1466 1149 1512 et
1160 1462 1205 1522 oo,
1217 1457 1275 1524 ii.)
1295 1458 1385 1520 Tertio,

189 1529 305 1598 opinor,
323 1530 382 1582 fuit
400 1527 516 1584 Calibus
534 1527 569 1582 ad
586 1527 763 1582 Vulturnum
780 1529 898 1596 flumen,
926 1529 1008 1582 ossius
1033 1537 1168 1598 quaestor
1196 1531 1302 1581 tractui
1320 1528 1387 1582 oan-

189 1615 264 1670 pano
288 1597 475 1670 Sidibinoque
501 1600 630 1668 praefuit
656 1599 844 1654 Brundisium
865 1611 966 1666 usque.
1009 1596 1083 1650 Eam
1108 1613 1167 1650 non
1192 1597 1253 1650 alio
1282 1596 1386 1650 tibicine

576 817 676 872 .blur.
696 820 721 875 Β.
749 833 778 888 p.
796 818 893 872 Vatin.
912 815 956 884 ὅ.)
981 819 1130 870 secundom
1155 817 1306 878 Gallicam,
1332 819 1388 870 Ari-

189 1669 298 1722 fulcire
321 1687 437 1740 possum
462 1687 546 1740 qssam
571 1669 627 1721 hoc
651 1667 746 1722 Taciti
770 1668 861 1720 1000„
882 1666 1019 1734 Quartam
1044 1665 1136 1720 adhuc
1154 1683 1274 1738 quaero,
1302 1669 1386 1720 nisisi
1419 1697 1420 1704 κ

188 1739 281 1792 fuerit
309 1741 341 1792 in
366 1737 467 1794 Sicilia
493 1739 632 1810 Lilybaei.
678 1738 869 1816 Argumento,
901 1736 977 1822 quod
1007 1755 1038 1792 ea
1064 1739 1159 1860 prima
1183 1737 1385 1810 privinciarum

147 1833 157 1848 κ
188 1812 275 1875 facta,
296 1818 325 1863 et
343 1809 420 1881 quod
438 1812 525 1864 etiam
544 1797 679 1864 iniiriori
696 1827 778 1875 aevo,
808 1826 896 1879 quum
917 1827 1022 1862 massus
1041 1808 1064 1860 il
1077 1826 1113 1861 uc
1130 1819 1260 1880 praetor,
1290 1826 1388 1880 semper
1419 1867 1420 1878 γ

188 1881 220 1934 in
239 1879 342 1934 Sicilia
360 1881 416 1936 duo
435 1890 611 1954 quaestores,
631 1881 826 1952 Syracusanus
847 1887 876 1934 et
894 1879 1131 1950 Lilybaetanus.“
1150 1880 1230 1948 Ls'ps.
1270 1881 1324 1952 Cui
1340 1883 1387 1934 sui·

186 1953 322 2028 fragatur
345 1969 436 2024 paene
461 1951 545 2029 Pigh.
571 1954 602 2008 in
628 1951 732 2008 Annei.
759 1951 795 2006 ad
816 1969 842 2004 a.
861 1953 923 2008 488.
948 1969 977 2022 p.
996 1953 1145 2008 463-469.
1165 1951 1215 2005 ubi
1235 1955 1345 2023 copiose
1360 1951 1387 2004 de

187 2021 235 2076 bis
252 2021 414 2094 provinciis
432 2025 604 2094 quaestoriis
623 2024 740 2078 disserit
768 2031 798 2076 et
816 2031 949 2092 quartam
967 2023 998 2076 in
1018 2021 1149 2076 Calabria
1166 2025 1259 2078 luisse
1277 2025 1387 2094 suspica-

186 2101 245 2148 tur.
282 2093 371 2160 „Non
389 2094 586 2161 dubitandum,
606 2095 677 2166 quin
695 2093 812 2148 Tacitus
830 2093 983 2164 scripserit
1006 2093 1098 2147 Cales.
1135 2095 1234 2149 Primo
1258 2111 1315 2148 non
1334 2103 1387 2164 pot·

187 2173 231 2218 est
249 2165 356 2228 doceri,
385 2166 473 2219 silvas
498 2166 635 2236 collesque
663 2164 943 2238 ap.Suet.1ul.lil.
966 2165 1056 2218 luisse
1075 2166 1254 2220 ordinariam
1272 2175 1387 2236 quaesto·

187 2235 477 2307 ri'sm'prorinciam3
509 2238 586 2306 quod
609 2255 670 2292 esse
688 2237 781 2302 debet,
814 2237 839 2290 si
858 2235 958 2290 cursio
982 2237 1128 2306 quaestori
1152 2238 1242 2292 eolles
1258 2245 1346 2290 uetare
1361 2253 1386 2289 es

186 2323 264 2362 more
287 2314 435 2362 meamet
459 2317 544 2362 sorte.
586 2309 827 2364 Extraordinaria
851 2315 949 2361 eutem
974 2307 1025 2362 illa
1050 2309 1204 2378 provincia
1223 2309 1292 2374 fnit,
1318 2309 1386 2362 caios

187 2382 365 2434 mentionem
383 2380 456 2434 iecit
467 2377 629 2444 Suetonius,
648 2388 678 2436 et
695 2380 818 2442 decreta,
837 2395 926 2448 quum
941 2395 989 2432 res
1008 2387 1038 2432 et
1054 2381 1209 2434 necessitas
1224 2379 1386 2451 postularets

186 2451 262 2504 unde
286 2450 401 2506 Caesari
425 2459 453 2504 et
477 2447 579 2506 Bibulo
604 2452 728 2507 decreta.
770 2451 871 2520 Neque
896 2457 958 2502 tum
986 2458 1068 2504 extra
1092 2451 1227 2506 ordinem
1251 2449 1315 2506 data
1336 2457 1386 2504 erat

187 2521 300 2586 Curtio,
335 2522 441 2592 quippe
465 2520 542 2575 bello
567 2523 620 2575 illo
648 2522 750 2576 servili
777 2529 890 2586 exorto,
917 2538 1007 2590 quum
1030 2521 1091 2574 iam
1116 2521 1199 2576 illam
1216 2522 1385 2593 provinciam

185 2593 339 2654 obtineret,
358 2609 413 2646 neo
431 2594 577 2666 quaestori
594 2593 704 2648 bellum
723 2593 830 2648 servile
848 2591 1016 2646 mandatum
1038 2594 1160 2658 iuissct3
1189 2594 1286 2646 multo
1303 2593 1385 2644 minus

87 2671 90 2679 “
186 2664 248 2718 sine
266 2663 420 2728 militibus,
440 2679 511 2734 quos
530 2663 627 2718 nullos
646 2681 712 2718 eum
735 2662 868 2718 habuisse
893 2663 1014 2733 planum
1040 2673 1090 2718 est.
1127 2663 1220 2718 Aliud
1248 2673 1290 2718 est
1315 2663 1385 2715 calles

184 2736 366 2806 provinciam
392 2731 507 2796 habere,
539 2743 573 2788 ut
597 2735 757 2790 latronibus
780 2735 880 2806 pausis
905 2750 971 2786 oum
994 2734 1137 2788 militibus
1161 2735 1278 2789 obviam
1305 2743 1385 2793 eatur,
1419 2769 1420 2790 r

185 2806 266 2860 aliud
283 2805 392 2859 bellum
412 2823 478 2859 cum
496 2807 587 2860 serris
605 2823 718 2884 gerere,
747 2805 824 2876 quod
843 2822 909 2858 oum
933 2808 1063 2860 exercitu
1086 2809 1195 2862 factum
1222 2808 1303 2861 omni
1324 2815 1386 2858 tem·

184 2894 264 2949 pore.
302 2879 364 2932 lam
388 2893 478 2948 porro
501 2895 565 2932 rem
590 2879 767 2932 maritimam
786 2877 948 2930 mandatam
972 2878 1061 2932 fuisse
1080 2877 1192 2944 curuo,
1220 2887 1301 2949 patet
1320 2896 1334 2930 e
1350 2892 1385 2928 se·
1419 2911 1420 2944 3

185 2949 348 3020 quentibus.
384 2949 458 3002 Nam
477 2965 533 3019 qua
551 2964 604 3018 ope
623 2950 764 3020 opprimit
781 2949 900 3015 seruos?
925 2965 1029 3024 nempe
1051 2966 1106 3074 qer
1127 2949 1307 3013 classiarios,
1326 2963 1385 3018 quos

184 3019 235 3074 sub
253 3039 342 3074 manu
358 3018 486 3074 habebat.
522 3019 602 3094 Ergo
621 3021 797 3074 maritimam
816 3019 998 3090 provinciam
1016 3019 1055 3074 ba
1072 3020 1133 3086 nit,
1152 3037 1225 3090 quaa
1243 3019 1323 3074 nulla
1339 3018 1385 3070 alia
1419 3027 1420 3032 ’

101 3179 109 3186 -
183 3091 748 3240 {sibisie‘ietmei·¹igiitmiii
767 3089 1064 3216 :elimaidem
1082 3099 1385 3234 ‘mmm

182 3232 297 3287 librarii
314 3251 368 3305 pro
388 3233 471 3287 Cales
499 3236 556 3287 scri
580 3243 680 3290 serunt
699 3233 799 3288 Colles.
826 3251 853 3288 v.
873 3231 961 3288 Drak.
989 3233 1106 3288 adisis.
1132 3237 1160 3298 8,
1179 3237 1223 3290 lb.
1242 3244 1272 3289 et
1289 3235 1332 3296 29,
1349 3233 1384 3286 1⁵.

182 3301 231 3358 Sic
249 3312 277 3358 et
295 3306 327 3382 in
345 3303 421 3358 MSS.
441 3303 537 3358 Taciti
553 3253 640 3360 iitera
658 3305 669 3356 l
686 3305 861 3375 duplicatur,
881 3313 915 3358 ut
928 3305 958 3358 in
971 3304 1107 3370 sillanus,
1126 3305 1245 3370 mollis-i,
1264 3303 1383 3366 ramses,

182 3377 286 3430 rolloni
308 3385 337 3430 et
362 3377 506 3431 sexcentis
532 3376 634 3430 aliis.“
653 3377 723 3428 Era.
762 3375 811 3429 Sic
832 3383 862 3430 et
886 3374 1014 3430 callibus
1038 3375 1100 3428 edd.
1120 3385 1179 3431 vet.
1205 3375 1385 3448 procellosa

181 3450 210 3510 6,
230 3450 271 3502 15.
309 3445 386 3512 „Sed
411 3447 485 3516 mira
505 3465 571 3501 sane
610 3447 742 3500 rorincia
761 3447 870 3518 Calpas
893 3467 910 3500 a
928 3447 1152 3518 lipsio-efficta,
1177 3465 1251 3518 quae
1269 3447 1384 3518 pertinet

123 3543 126 3550 ·
181 3511 314 3571 adoram
332 3518 421 3572 maris
440 3519 539 3587 superi
558 3465 709 3587 sedemque
731 3517 817 3572 habet
842 3519 874 3570 in
892 3517 1065 3594 'Campania,
1096 3535 1204 3572 nomen
1228 3519 1264 3572 ab
1327 3515 1384 3588 pido

180 3589 216 3642 ad
234 3589 306 3642 flues
326 3598 470 3643 extremos
489 3589 555 3642 sito.
594 3591 701 3642 Mirum
717 3589 814 3655 etiam,
848 3589 926 3660 quod
949 3597 1094 3659 quaestor,
1125 3590 1177 3660 qui
1190 3590 1293 3648 sedem
1331 3588 1384 3641 abet

181 3659 306 3724 Calibus,
326 3661 427 3716 iisdem
446 3659 613 3734 regionibus
631 3663 721 3714 fuisse
740 3660 858 3727 dicitur,
885 3679 956 3730 quae
975 3669 1037 3713 tum
1056 3661 1160 3714 servili
1177 3662 1314 3714 'tumultu
1330 3667 1383 3710 tur-

180 3731 353 3786 babantura
374 3729 413 3784 ud
430 3729 619 3784 brundisium
638 3739 667 3784 et
686 3731 871 3786 circumiecta
889 3729 1026 3803 oppida.“
1047 3730 1154 3786 Walsi.
1192 3732 1321 3816 Utraque
1337 3729 1384 3805 igi·

178 3809 230 3856 tur
247 3802 336 3857 lectio
353 3749 576 3856 difficultatibus
594 3801 739 3872 premitur
757 3819 816 3858 non
834 3803 922 3857 facile
940 3803 1096 3856 solvendis.
1108 3835 1141 3846 -
1166 3805 1384 3858 classicanorum:
1419 3809 1420 3814 ’

178 3871 234 3939 „hi
252 3875 283 3928 in
302 3873 392 3928 classe
410 3873 554 3943 stipendia
572 3873 728 3940 merebant,
755 3874 903 3928 sordidum
921 3873 1045 3929 militiae
1063 3891 1164 3951 genus,
1183 3892 1220 3929 ex
1237 3876 1328 3930 serris
1344 3869 1385 3952 rel

178 3945 280 4000 intima
301 3943 496 3998 Rornanorum
519 3943 686 4000 conditione
710 3947 917 4016 conscriptum.
946 3963 974 3998 v.
999 3945 1078 3999 Suet.
1104 3947 1189 4018 Vesp-
1219 3949 1244 4003 8.
1273 3955 1303 4002 et
1321 3943 1384 3996 oon

179 4017 269 4069 insch
288 4023 346 4072 ant.
372 4015 404 4068 T.
424 4015 461 4072 11.
484 4033 515 4141 p.
536 4019 586 4074 181
607 4035 619 4069 s
642 4013 778 4076 .,T.111.
806 4035 837 4088 p.
856 4020 890 4074 95
909 4016 975 4087 sq.“
1001 4016 1082 4070 Brot.
1103 4017 1147 4074 Gi.
1167 4017 1203 4072 ad
1220 4017 1255 4073 li.
1276 4023 1301 4083 1,
1319 4013 1382 4080 ei-
1419 4041 1420 4076 i

74 4145 78 4156 q
178 4119 211 4130 -
230 4103 291 4140 cam
308 4087 430 4142 maxime
454 4089 481 4140 M

505 4129 512 4142 .
540 4086 602 4141 edd
655 4105 699 4144 rn.
725 4095 754 4140 et
778 4105 838 4142 rec.
862 4095 922 4142 lssm
938 4089 1061 4142 murima
1079 4089 1142 4145 edd.
1162 4098 1219 4142 set.
1257 4087 1313 4142 Sed
1329 4101 1383 4140 sen·

177 4160 270 4211 tentia
289 4165 341 4222 est,
359 4159 473 4230 Lupum
497 4166 561 4212 tum
585 4159 816 4214 coniurationem
842 4159 1001 4226 disiecisse,
1026 4177 1116 4230 quum
1133 4161 1259 4214 maxime
1278 4163 1383 4227 coepta·

178 4235 239 4292 ”vii
267 4225 372 4280 Woltb.
401 4249 429 4283 v.
457 4229 492 4283 ad
516 4231 545 4296 ³,
571 4231 617 4296 59,
644 4233 672 4286 ²·
698 4257 731 4272 -
774 4229 875 4288 Staius
903 4231 1046 4286 tribuous:
1075 4231 1297 4295 „dubitaveram
1320 4241 1382 4280 num
1419 4227 1420 4250 ¹

179 4296 290 4372 Statius
316 4297 483 4374 legendum‘
501 4301 555 4370 sit.¹
585 4301 700 4358 Persius
727 4309 824 4358 tamen
849 4299 906 4360 sss.
934 4303 961 4368 2,
994 4305 1036 4362 lo.
1060 4305 1105 4360 Ὤ.
1147 4301 1220 4360 stati
1244 4299 1381 4356 cuiusdam
1419 4337 1420 4344 1
