2774 4784
183 183 241 244 DE
260 183 379 246 anta
402 181 637 246 ostreata.
682 182 710 264 d.
733 181 859 246 XXIII.
885 181 1010 246 XXIV.
1094 181 1215 238 Lmv

14 355 74 422 eius
104 361 223 444 partes
259 362 357 440 sunt,
397 361 433 422 et
465 353 504 422 in
538 351 660 446 prima
697 349 741 438 (c.
770 349 942 438 4-14.)
986 351 1213 448 disquiritur,

14 463 74 520 utra
96 474 151 519 ars
179 451 227 522 sit
252 451 503 546 praestantior,
536 451 692 521 oratoria
724 461 760 521 et
784 453 1022 546 potissimum
1057 453 1212 524 sorensis

13 575 45 618 ru
74 551 223 643 poetica,
258 552 299 620 in
332 547 443 621 altera
481 549 526 638 (c.
557 548 603 624 ll
626 591 675 602 -
693 547 771 636 27.)
807 561 932 622 utrum
968 575 1024 621 ars
1059 553 1214 624 oratoria

12 651 89 742 apud
112 649 310 720 Romanos·
325 649 519 720 desciverit
543 673 564 718 a
590 658 712 719 vetere
737 648 863 744 gloria,
889 653 929 720 in
954 653 1071 740 tertia,
1098 651 1145 738 (c.
1164 650 1213 724 27

13 748 126 830 —4'2.)
152 773 335 844 quaenam
361 748 472 819 huius
500 749 552 820 rei
578 771 705 818 causae
732 750 825 819 sint:
854 750 950 820 unde
970 749 1140 822 libellum
1158 752 1213 820 in-

12 849 115 942 aripsi
141 845 337 944 dialogum
363 845 408 919 de
433 861 518 919 arte
546 847 731 920 oratoria.
774 849 877 928 Quae
905 852 1102 942 praemissa
1129 859 1214 921 sunt

12 973 31 1012 r.
56 948 176 1020 t-t.
204 949 252 1019 ad
279 950 513 1043 prooemium
540 948 652 1019 totius
678 945 797 1018 libelli
823 959 996 1043 spectant.

245 1145 280 1218 3.
333 1145 508 1238 Primo
546 1143 770 1242 dialogi
805 1169 951 1247 pars.

85 1303 118 1394 §-
145 1301 292 1372 XXIV.
346 1299 471 1376 Prima
505 1321 588 1393 pars
627 1311 663 1370 et
697 1299 891 1371 exordium
926 1297 1099 1396 colloquii
1135 1326 1210 1394 cap.

10 1399 141 1473 t—lt.
168 1402 209 1470 in
238 1425 312 1494 quo
337 1399 569 1492 disceptatur,
604 1411 695 1470 utro
719 1421 798 1489 ora,
839 1397 1013 1472 oratorio
1052 1424 1106 1480 oo,
1123 1421 1212 1499 poe-

10 1501 78 1587 tico,
102 1511 295 1614 praestet,
329 1508 365 1568 et
399 1498 467 1568 hae
502 1507 772 1591 comparantur,
816 1499 981 1590 apprime
1016 1497 1213 1591 respondet

10 1607 69 1666 tum
92 1601 148 1685 iss,
190 1622 286 1692 quae
312 1597 512 1690 generatim
539 1595 584 1664 de
611 1597 781 1664 omnium
806 1593 987 1666 librorum
1022 1607 1058 1666 et
1092 1597 1212 1690 singu-

10 1695 88 1765 lrIIm
113 1698 159 1768 de
186 1697 398 1766 orationmrr
425 1705 460 1765 et
486 1691 616 1764 talium
635 1691 861 1786 dialogorum
884 1695 1084 1788 prooemiis
1110 1719 1211 1790 prae-

17 1873 29 1878 -
36 1873 233 1883 ffl—-u--m-

9 1967 69 2018 ribus
84 1969 118 2022 de
134 1965 227 2022 huius
246 1969 394 2023 facultatis
413 1967 518 2044 gloria,
547 1983 633 2038 quarn
653 1987 668 2021 e
688 1969 896 2022 recentioribus
916 1969 965 2020 vix
985 1967 1096 2044 singuli
1115 1967 1212 2040 adepti

8 2048 65 2104 sunt,
81 2042 256 2105 incideratis,
276 2057 310 2094 eo
326 2039 547 2094 vehementiore
571 2041 672 2094 favore
700 2048 729 2094 et
753 2040 964 2105 sollicitudine,
996 2057 1069 2110 quae
1096 2057 1159 2093 eam
1183 2049 1212 2093 et

9 2114 117 2164 suxerint
135 2121 167 2166 et
185 2112 401 2176 imminuerint,
421 2109 627 2181 percipiamus.
647 2143 680 2152 -
717 2110 870 2166 Praeterea
893 2111 924 2163 in
943 2118 1004 2164 toto
1032 2109 1108 2164 dialo
1169 2111 1212 2164 le-

9 2184 79 2256 gendo
96 2185 126 2236 in
145 2201 178 2237 ea
198 2191 262 2236 arte
281 2181 488 2236 consideranda
507 2198 667 2248 versamur,
687 2201 760 2266 quae
778 2183 857 2236 inter
875 2198 983 2247 ornnes,
1004 2182 1034 2234 in
1054 2181 1104 2253 qui
1124 2199 1157 2234 us
1177 2182 1211 2235 de

8 2253 206 2322 pulchritudine
225 2263 255 2308 et
272 2261 423 2309 venustate
440 2253 631 2324 praecipitur,
652 2261 721 2306 satrs
740 2255 851 2308 eminet
869 2262 898 2306 et
917 2253 1044 2307 excellit.
1081 2251 1161 2318 Quod
1178 2261 1212 2305 ut

8 2327 164 2392 permultum
186 2327 262 2380 facit
284 2325 320 2378 ad
347 2333 476 2380 mentem
495 2333 624 2378 nostram
647 2325 844 2390 alliciendam,
878 2326 920 2378 ita
945 2323 1020 2379 laeta
1044 2339 1097 2378 nos
1121 2323 1213 2400 erigit

8 2413 43 2466 spe
56 2407 95 2458 ut,
112 2415 203 2469 quarn
226 2399 257 2450 in
276 2395 329 2449 tali
347 2414 380 2448 re
398 2412 558 2460 versemur,
578 2397 720 2450 eiusmodi
738 2395 826 2450 verba
847 2396 874 2448 Ie
895 2415 987 2460 amus,
1008 2413 1081 2466 quae
1099 2393 1132 2448 ab
1155 2393 1210 2447 hac

7 2469 209 2536 pulchritudine
228 2467 354 2521 nitidum
375 2467 517 2537 quendam
537 2467 666 2520 colorem
693 2469 848 2522 traxerint.
919 2483 963 2519 am
986 2475 1019 2518 ut
1043 2463 1210 2537 pulchritu-

8 2539 83 2593 tinern
99 2558 199 2595 rerum
229 2540 345 2592 claritas
371 2538 512 2592 orationis
535 2538 696 2603 illuminat,
722 2541 763 2594 ita
787 2539 950 2592 orationem
979 2545 1082 2592 natura
1106 2553 1211 2596 rerum

6 2620 79 2664 naht
96 2621 125 2666 et
141 2611 243 2688 fingit,
274 2619 304 2664 et
326 2618 360 2662 ut
386 2610 421 2664 de
443 2611 557 2685 mag-uis
583 2609 668 2674 elate,
693 2610 729 2664 de
747 2611 846 2682 parvis
871 2611 1001 2664 tenuiter
1020 2609 1144 2662 dicimus
1163 2626 1209 2664 re·

6 2684 92 2752 busque
110 2683 178 2736 aliis
197 2679 279 2735 aliud
296 2680 413 2734 dicendi
430 2698 522 2758 genus
543 2681 691 2757 congruit,
711 2681 752 2736 ita
769 2681 819 2734 vel
837 2683 919 2735 nobis
939 2682 1041 2734 invitis
1061 2699 1076 2734 e
1094 2679 1209 2734 diversa

7 2771 85 2808 rerum
101 2763 207 2808 natura
225 2753 373 2806 diversum
391 2753 532 2806 orationis
551 2769 643 2828 genus
666 2755 799 2806 exoritur
817 2759 848 2806 et
866 2770 968 2806 succus
987 2753 1104 2822 quidam
1122 2760 1208 2823 atque

5 2827 76 2888 color,
93 2828 144 2896 qui
162 2843 178 2880 e
196 2841 297 2879 rerum
317 2826 347 2878 vi
365 2831 395 2877 et
412 2825 526 2878 ratione
545 2823 656 2889 effluit,
677 2841 734 2946 per
752 2839 852 2878 omnes
876 2825 1016 2877 orationis
1042 2831 1142 2894 partes
1160 2839 1207 2877 ae-

5 2899 142 2964 quabiliter
159 2895 344 2952 diffunditur.
383 2893 476 2961 Quum
495 2895 589 2972 igitur
607 2895 643 2948 de
662 2913 676 2950 e

6 2972 57 3021 satis
73 2969 165 3022 multa
188 2968 223 3021 ad
249 2967 281 3020 id
303 2966 381 3036 quod
403 2965 563 3037 pulchrum
591 2973 635 3020 est
653 2975 683 3020 et
701 2967 837 3020 decorum
856 2967 1035 3032 referuntur,
1059 2965 1210 3019 adomnia

5 3041 157 3094 numeru
183 3047 214 3092 et
235 3039 406 3094 facetiarum
429 3039 546 3114 genera,
581 3055 654 3108 quae
679 3037 803 3092 facunde
829 3036 1089 3092 disserentlbus'et
1112 3035 1209 3106 lepide

6 3111 148 3164 iacentibus
170 3112 203 3163 in
226 3127 311 3181 prom
334 3118 367 3162 tu
392 3125 453 3164 esse
470 3117 602 3181 possunt,
627 3109 724 3164 facilis
742 3109 836 3163 aditus
855 3108 995 3179 aperitur.
1023 3139 1056 3150 -
1093 3107 1153 3172 Quo
1178 3105 1210 3160 in
1297 3154 1303 3177 ,

4 3199 93 3256 genere
111 3197 169 3236 non
188 3189 230 3235 est
247 3129 332 3254 quodp
343 3182 506 3247 timeamus,
534 3197 570 3234 ne
591 3182 669 3234 forte
693 3182 817 3265 spinosis
846 3188 875 3234 et
902 3179 1028 3232 infinitis
1054 3179 1209 3232 verborum

6 3254 247 3307 macerationibus
266 3273 283 3307 a
301 3253 382 3306 suavi
401 3251 613 3318 delectationis,
632 3269 688 3322 qua
707 3271 739 3304 sn
757 3251 881 3325 legendo
898 3251 960 3303 frui
987 3252 1132 3322 cupimus,
1155 3263 1209 3301 usn

8 3341 149 3380 arceamur.
192 3325 266 3378 Nam
291 3327 323 3378 in
347 3324 462 3400 dialogo
485 3341 545 3378 non
572 3325 603 3377 id
629 3325 737 3400 agitur,
765 3332 799 3376 ut
821 3317 988 3377 reconditae
1015 3330 1044 3376 et
1062 3320 1209 3375 absumta

6 3395 152 3450 rtaorteae
174 3399 251 3449 'artis
277 3404 376 3468 partes
399 3403 428 3449 et
451 3403 602 3466 praecepta
631 3395 780 3448 subtiIiter
797 3394 959 3457 tradantur,
988 3394 1037 3448 sed
1055 3401 1089 3446 ut
1111 3393 1156 3446 rei
1174 3390 1208 3446 ab

6 3465 112 3520 historia
132 3470 270 3538 repetitae
288 3473 318 3521 et
336 3467 505 3520 mutationis
523 3465 647 3520 alicuius
667 3483 682 3520 e
700 3483 800 3520 rerum
813 3475 1037 3536 temporumque
1054 3463 1208 3532 seriepro-

9 3539 81 3592 terne
99 3555 198 3592 musae
216 3539 396 3616 colligantur
413 3537 611 3608 collectaeque
629 3537 837 3592 describantur.
874 3537 946 3592 Inda
963 3537 1008 3603 fit,
1034 3544 1069 3588 ut
1086 3534 1209 3587 duarum

9 3609 107 3662 illarum
128 3609 356 3682 disciplinarum,
375 3627 448 3680 quae
466 3607 679 3663 eruditissimos
704 3625 833 3680 quosque
857 3609 984 3662 maxime
1010 3607 1104 3662 solent
1129 3603 1208 3658 dele·

11 3689 80 3746 aare,
105 3680 240 3736 historiae
264 3682 384 3752 quidem
408 3688 437 3734 et
458 3679 671 3752 philosophiae,
690 3681 786 3734 fontes
805 3680 930 3734 adeundi
953 3680 1019 3732 sint.
1066 3676 1208 3742 Historia,

10 3769 65 3818 quae
82 3752 276 3822 eloquentium
303 3752 457 3807 hominum
484 3755 614 3823 artisque
637 3751 671 3804 ab
689 3753 726 3804 iis
751 3753 896 3823 expolitae
922 3751 1051 3804 conditio
1069 3748 1161 3802 fuerit
1179 3756 1209 3801 et

12 3823 95 3890 qubus
130 3825 360 3880 conversionibus
386 3825 458 3878 artis
480 3842 549 3877 usus
572 3822 703 3876 turbatus
729 3824 778 3889 sit,
799 3824 883 3878 nobis
907 3822 1036 3876 ostendit
1058 3828 1145 3890 atque
1172 3818 1208 3872 ad

20 3911 100 3958 ausas,
120 3897 216 3964 quibus
234 3897 401 3966 eloquentia
419 3895 438 3948 d
475 3902 574 3950 ravata
592 3895 641 3960 sit,
661 3894 875 3970 cognoscendas
899 3910 952 3948 nos
975 3893 1100 3948 deducit.
1138 3888 1208 3942 Phi·

12 3963 125 4037 losophia
140 3985 182 4023 res
199 3968 232 4022 ab
250 3967 379 4020 historia
397 3974 442 4020 tra
465 3968 518 4020 'tas
543 3975 572 4020 et
596 3981 680 4042 segre
700 3973 730 4018 at
756 3975 785 4020 et
803 3969 962 4032 connectit,
991 3963 1113 4020 illarum
1137 3977 1207 4015 cou-

12 4041 157 4092 tastonam
174 4041 233 4094 vim
251 4039 393 4110 exquirit,
413 4046 443 4092 et
458 4037 512 4092 has
531 4054 628 4090 causas
647 4053 663 4090 o
704 4037 752 4091 'ne
769 4037 908 4108 disponit,
926 4036 1037 4092 utalia
1050 4033 1126 4088 alius
1144 4033 1208 4086 vim

15 4113 235 4169 onetodtatem
255 4113 366 4165 firmet
386 4142 420 4154 -
438 4110 485 4163 Ex
504 4107 604 4162 eodem
621 4110 715 4174 fonte,
734 4127 750 4164 e
767 4125 826 4180 quo
844 4108 915 4166 haec
938 4107 1124 4176 deduximus,
1148 4103 1207 4156 lar-

15 4178 114 4234 rtss'nna
127 4187 315 4239 maximarum
335 4189 367 4236 et
385 4181 620 4236 suavissimarum
639 4197 750 4246 rerum,
774 4198 845 4252 quus
864 4183 896 4234 in
922 4179 1037 4255 dialogo
1062 4175 1206 4248 expositas

13 4224 134 4320 labemus,
150 4257 262 4312 ubertas
281 4264 313 4309 et
332 4253 457 4308 varietas
476 4250 631 4306 effluunt.“
651 4251 786 4321 θυσίης.

690 2895 828 2965 equentia
845 2895 1009 2961 disseritur,
1029 2913 1085 2966 qua
1104 2897 1135 2946 in
1144 2901 1208 2947 arte
