2872 4792
183 165 188 172 ·
274 221 417 289 CAPUT
437 223 512 289 nn.
545 223 599 300 (Δ.
621 221 661 289 U.
683 225 755 290 ⁷7⁰.
783 223 823 286 A.
846 220 883 288 C.
908 221 974 303 17.)
1171 227 1234 294 303

45 393 259 454 circumlerret.
315 387 618 473 Compulerautque
657 387 834 468 Cinithios,
885 385 974 451 baud
1014 377 1234 472 spernendam

46 475 195 546 nationem,
216 475 252 535 iu
273 472 397 551 eadem,
418 493 519 571 quum
540 473 660 539 Furius
682 470 844 534 Camillus
865 474 1086 552 proconsule
1098 472 1233 537 Africae

44 557 180 640 legionem
194 565 227 618 et
245 554 335 640 quod
352 559 455 642 signas
475 557 655 633 sociorum,
677 557 713 618 in
731 577 836 618 unum
853 552 1034 618 conductos
1051 556 1093 618 ad
1105 557 1233 621 bostem

45 637 130 716 duxit,
159 638 322 706 modicam¹
353 657 498 715 manum,
537 641 566 700 ai
599 637 847 700 multitudinem
875 637 1100 700 Numidarum
1133 641 1233 724 atque

45 719 217 784 Maurorum
238 730 421 804 spectarem
444 720 504 784 sed
525 721 608 784 nihil
630 741 733 804 aeque
754 721 945 800 cavebatur,
967 741 1065 804 qnam
1094 743 1136 785 ne
1164 723 1233 786 bel·
1332 715 1344 730 '

44 803 97 864 lnu
115 815 198 869 meta
219 803 402 868 eluderent.
438 803 502 886 Spe
513 805 678 868 victoriae
693 803 822 867 inducti
838 811 927 882 suut,
948 812 987 866 ut
1004 807 1232 868 vincerentur.

43 885 129 970 Igitur
156 889 243 976 legio
271 886 393 964 medio,
428 887 519 951 laves
546 887 702 950 cohortes
730 879 881 972 duaeque
910 886 983 950 alae
1012 890 1049 950 in
1074 891 1233 952 cornibus

44 967 181 1035 locantur.
223 971 295 1033 Nec
315 969 511 1032 Tacfarinas
541 989 684 1058 pugnam
712 969 921 1033 detrectavit.
964 971 1041 1032 Fnsi
1067 971 1234 1036 Numidae

43 1052 203 1137 multosque
224 1061 300 1136 post
320 1073 423 1115 anuos
440 1053 540 1114 Furio
562 1054 688 1116 nomini
709 1063 842 1136 partum
864 1050 963 1114 decus
986 1054 1134 1117 militiae:
1157 1073 1239 1126 nam

43 1143 100 1214 post
116 1137 203 1199 illum
226 1133 486 1219 reciperatorem
507 1135 609 1198 Urbis
631 1135 805 1218 liliumque
832 1135 904 1200 eius
926 1133 1104 1200 Camillum
1133 1157 1233 1221 penes

43 1218 104 1281 alias
122 1221 262 1282 familias·
279 1221 495 1302 imperatoria
515 1221 587 1282 laus
609 1222 728 1284 iuerat
770 1218 879 1302 Atque
900 1219 966 1298 bic,
1011 1241 1087 1284 uem
1109 1239 1233 1282 memo-

43 1319 141 1378 ramur,
167 1303 335 1366 bellorum
363 1321 482 1387 expers
510 1302 705 1366 habebatur.
754 1301 801 1364 Eo
828 1305 970 1385 pronior
1022 1303 1149 1366 iberius
1179 1323 1234 1368 res

42 1394 125 1466 gestas
145 1384 232 1468 apud
253 1395 403 1448 senatum
424 1385 617 1464 celebravit,
639 1394 673 1450 et
690 1383 870 1448 decrevere
883 1385 998 1449 Patres
1017 1387 1234 1470 triumphalia

41 1469 175 1554 insignia3
196 1467 284 1552 qnod
307 1467 457 1544 Camillo,
485 1468 528 1528 ob
550 1466 747 1530 modestiam
767 1471 867 1547 vitae,
889 1470 1025 1550 impune
1045 1471 1117 1530 tuit.
1219 1546 1221 1550 ι

95 1555 117 1604 1.
134 1558 257 1620 caeptum
274 1551 305 1604 in
323 1550 428 1617 Africa
447 1550 548 1604 bellum
566 1558 621 1604 oet.
642 1553 680 1604 oi.
697 1553 726 1617 3,
745 1551 789 1607 10.
810 1551 854 1608 13.
874 1553 944 1616 aaa
963 1567 1005 1622 sq.
1025 1551 1139 1620 Africa,
1154 1550 1235 1606 ttri-

42 1635 78 1672 cae
91 1637 159 1692 pars,
217 1641 251 1678 ae
268 1622 420 1694 provincia
438 1621 519 1677 Rern.
540 1629 613 1689 erat,
632 1638 711 1674 nunc
732 1638 857 1699 regnum
875 1623 1072 1691 Tnnitsumu3
1096 1625 1180 1678 Brot.
1200 1655 1233 1667 -

41 1689 168 1746 incastris
210 1693 330 1760 mnania,
351 1694 382 1746 in
400 1693 509 1746 militia
528 1701 558 1746 et
577 1694 608 1746 in
625 1691 713 1746 bellis
731 1693 936 1760 Rornanorum,
956 1693 1235 1764 auxiliariasts'pen·

41 1759 77 1814 dia
91 1767 208 1832 meritus,
228 1765 307 1818 inter
325 1764 491 1820 auxiliares.
512 1763 555 1818 Gt.
574 1763 664 1830 adll,
676 1765 720 1830 13,
737 1769 761 1820 l.
781 1763 940 1819 Malecorr.
961 1765 1119 1820 auxiliaris
1136 1775 1166 1822 et
1184 1781 1235 1820 au·
1296 1809 1301 1823 .

40 1833 151 1890 riliariis.
186 1837 290 1908 Neque
308 1853 382 1888 uuus
400 1833 488 1890 bomo
506 1835 671 1903 auxiliaris,
700 1847 795 1908 nequa
819 1842 916 1889 castra
940 1835 1080 1892 dicuntur
1107 1837 1235 1892 auxilia-

40 1903 87 1970 ηἰις
105 1905 205 1962 Waltb.
227 1940 259 1950 -
278 1907 416 1976 praedam
433 1912 461 1960 et
478 1913 580 1974 raptus
599 1923 702 1977 synon.
724 1938 756 1949 -
771 1923 825 1976 per
843 1907 958 1974 uexilla,
984 1909 1114 1986 singulas
1132 1917 1236 1964 ceum·

40 1975 92 2042 rias,
108 1984 131 2031 et
148 1985 257 2034 turenae
276 1978 418 2050 equitum.
438 1996 468 2031 v.
488 1977 524 2032 ad
586 1995 609 2032 r.
631 1979 673 2034 lS.
692 1995 720 2030 n.
741 1982 769 2034 3.
790 2011 822 2022 -
842 1977 1005 2034 inconditae
1023 1981 1132 2035 turbae.
1151 1999 1180 2036 r.
1199 1980 1235 2034 sd

39 2047 58 2108 3,
72 2049 108 2114 to,
124 2051 148 2103 l.
169 2079 199 2090 -
219 2049 440 2106 Musulanorum
458 2049 521 2103 edd.
590 2065 634 2104 en.
655 2056 684 2102 et
701 2049 837 2122 deinceps
862 2065 974 2118 omues,
999 2051 1086 2104 utin
1114 2051 1234 2122 optimis

39 2115 396 2186 manlianensis
415 2120 566 2174 nonnullis
584 2119 737 2174 Misulani.
775 2119 811 2174 Iu
836 2119 880 2174 ed.
908 2119 972 2177 Bar.
997 2121 1234 2190 Masulmwmm,

40 2193 63 2238 vt
77 2190 103 2244 in
119 2192 177 2250 edd.
195 2201 257 2247 vet.
277 2192 331 2244 int.
352 2195 379 2260 4,
398 2195 441 2250 24.
467 2191 502 2245 ln
514 2191 571 2246 MS.
593 2191 703 2245 memte
721 2192 860 2245 maiorum
872 2198 901 2246 et
918 2190 1233 2264 deindeualideugens.

38 2255 97 2313 Hinc
119 2263 356 2318 Musulamiorum
379 2263 459 2318 dedit
483 2261 573 2316 Bekk.
593 2261 621 2314 b.
633 2261 654 2319 1.
684 2271 713 2317 et
731 2266 759 2330 4,
778 2265 822 2320 14.
850 2263 876 2315 Α
894 2263 968 2315 Ptol.
987 2267 1014 2328 4,
1039 2267 1066 2321 3.
1093 2273 1235 2320 vocantur

39 2329 207 2408 Μισιουιάμοι
237 2343 266 2392 at
290 2334 426 2388 locantur
452 2333 487 2388 ad
512 2329 644 2388 austrsim
669 2349 746 2404 pone
774 2333 885 2388 Cirtam
911 2333 963 2390 sub
982 2334 1064 2389 Anda
1086 2342 1234 2403 montena

38 2395 117 2459 Tacito
132 2409 225 2486 magis
244 2406 280 2461 ad
296 2421 430 2459 occasum
449 2411 479 2458 et
496 2405 715 2471 Mauretaniam,
743 2405 775 2458 in
793 2406 874 2460 cuius
893 2420 944 2459 ora
966 2407 1114 2461 maritima
1131 2408 1234 2462 Musu-

38 2471 254 2543 triturationem
274 2475 367 2532 Oberl.
386 2477 492 2530 Verior
509 2477 604 2552 igitur
623 2477 768 2546 scriptura
786 2477 904 2531 videtur
915 2475 1143 2532 Musulamorum
1160 2495 1232 2537 essa.
1259 2504 1262 2512 =

39 2545 143 2601 —nallo
162 2551 327 2603 etiamtum
344 2547 455 2602 urbium
473 2547 560 2613 cultu,
594 2563 622 2603 v.
651 2547 731 2613 adl,
755 2551 783 2616 3,
802 2549 828 2606 3.
855 2555 885 2602 et
901 2547 965 2602 ind.
985 2547 1039 2607 111.
1065 2567 1094 2604 v.
1113 2549 1235 2619 Eliipsis

38 2617 98 2669 rati
111 2620 246 2676 substant.
267 2621 297 2674 s'n
315 2618 395 2672 Part.
415 2651 448 2662 -
466 2619 622 2672 Romanum
640 2617 671 2671 in
688 2619 800 2672 modum
818 2625 955 2687 amatos,
974 2638 1003 2676 v.
1023 2620 1059 2676 ad
1077 2623 1121 2688 tt,
1141 2623 1186 2688 lt,
1206 2625 1232 2679 l.

39 2692 180 2746 —caetris
206 2693 356 2758 attineret,
380 2691 555 2744 contineret.
585 2689 631 2746 Gi.
650 2689 712 2746 lud.
731 2689 769 2746 11.
807 2723 841 2735 -
878 2691 1031 2762 disciplina
1058 2698 1085 2747 et
1103 2691 1259 2762 imperiis·

38 2767 163 2816 aenaea:
181 2782 251 2818 uam
269 2777 403 2830 erescere,
423 2777 590 2829 assuescere,
618 2767 746 2814 assuetus
764 2769 793 2816 et
811 2763 986 2829 assuefactus
1009 2765 1122 2836 saepius
1146 2763 1233 2819 Abla-

37 2827 92 2890 tivo,
109 2835 156 2888 aed
173 2837 219 2890 rei
238 2838 312 2901 fere,
331 2849 390 2888 non
429 2849 560 2899 ersonae,
579 2839 609 2887 et
626 2833 732 2888 omisso
755 2832 909 2889 Infinitivo
933 2835 1043 2908 aliquo,
1073 2835 1156 2914 iungi
1181 2835 1233 2890 do·

38 2901 172 2962 aentDuk.
192 2907 286 2962 Gran.
307 2914 336 2960 et
354 2904 397 2958 Dr
437 2905 498 2960 ‚ad
515 2905 579 2958 lav.
599 2906 644 2971 al,
664 2906 706 2960 lb.
726 2905 771 2960 48.
792 2909 837 2972 31,
856 2909 900 2961 35.
920 2908 963 2963 48.
983 2909 1027 2964 85.
1053 2905 1128 2960 Ern.
1155 2905 1230 2960 olas.

38 2967 82 3026 Cic.
104 2975 270 3046 disciplinae
287 2993 365 3031 corr.
385 2974 466 3032 Picb.
491 2977 559 3046 quis
576 2991 702 3029 messere
720 2973 824 3030 Dativo
848 2977 987 3052 iungatur
1011 2981 1037 3046 l,
1063 2981 1108 3034 31.
1137 2977 1164 3042 3,
1187 2980 1231 3034 44.

38 3043 70 3104 15.
84 3047 121 3102 31.
155 3047 216 3114 „bt
233 3049 321 3120 plane
339 3047 419 3102 aliud
437 3045 584 3124 significat
601 3063 726 3100 auersere
745 3047 914 3116 disciptinae
926 3065 1012 3130 ιιιιιιιιι
1029 3064 1052 3102 s.
1066 3046 1231 3115 disciplina.

37 3108 98 3168 lllnd
113 3119 332 3174 ints-ausitivum
357 3125 402 3173 ast
428 3135 461 3171 ac
488 3117 636 3195 signifieat
660 3119 886 3172 consuetudinem
904 3119 1027 3171 meruius
1044 3119 1089 3174 rei
1116 3127 1232 3172 coutra-

37 3176 98 3253 bere,
120 3188 164 3252 (ut
187 3207 314 3245 messere
341 3189 464 3244 militiae
481 3193 507 3256 1,
526 3189 586 3257 44.)
612 3187 669 3244 boc
686 3205 758 3244 vero
776 3191 918 3253 activum,
944 3195 978 3242 ut
1005 3190 1044 3244 sit
1066 3205 1232 3244 assuescere

37 3253 152 3328 iliquem,
169 3263 324 3333 utiturque
341 3259 477 3316 Ablativo
504 3261 560 3326 rei,
588 3277 644 3332 qna
661 3259 737 3314 illud
762 3261 806 3318 fit.
843 3261 941 3338 Igitur
964 3260 990 3314 si
1007 3259 1082 3338 legis
1102 3259 1232 3329 discipli·
1280 3312 1284 3322 ,

37 3338 83 3392 Μ’.
101 3337 160 3387 tum
177 3334 320 3388 exereitus
338 3331 447 3387 divisus
465 3331 624 3400 diceretur,
650 3340 683 3386 ut
701 3331 868 3387 Tacfarinas
891 3329 1064 3402 disciplinae
1087 3341 1116 3387 st
1139 3333 1232 3402 impe·
1265 3393 1269 3400 ¹

37 3397 126 3455 noram
143 3405 383 3460 consuetudinem
401 3401 598 3471 contraheret,
617 3403 693 3474 qnod
711 3404 843 3474 ineptum
862 3410 947 3458 esset.
984 3403 1079 3458 lmmo
1098 3404 1124 3456 si
1142 3420 1231 3472 φιιιιι

37 3471 121 3525 nereis
137 3477 210 3530 disci
229 3477 300 3543 lina,
318 3475 370 3529 hio
388 3481 499 3529 suescat
517 3473 688 3546 disciplinae
713 3483 743 3530 et
764 3473 868 3529 deiude
893 3475 952 3529 erit
975 3483 1072 3530 suetus
1095 3475 1232 3546 discipli·

36 3541 103 3596 nae,“
123 3495 229 3602 matti.
250 3581 282 3592 ·-
301 3547 393 3618 eopia,
410 3565 439 3602 v.
458 3547 494 3599 ad
510 3549 537 3611 4,
556 3549 584 3610 4,
602 3549 627 3604 2·
1180 3615 1186 3628 1
1212 3615 1217 3628 Ι

63 3681 68 3691 .
88 3616 111 3670 l.
130 3617 380 3690 coenpaterantque
395 3618 660 3702 prompsissent
679 3633 793 3689 quaque.
813 3637 842 3672 v.
862 3617 897 3672 ad
914 3620 941 3680 2,
959 3619 1004 3680 37,
1024 3621 1049 3673 1.
1087 3647 1119 3659 -
1149 3616 1231 3671 mas·

36 3676 94 3734 ilvae
110 3688 169 3746 edd.
194 3707 304 3746 omnes.
332 3689 437 3744 eniteas
454 3687 514 3742 MS.
539 3687 634 3746 Plinio
652 3691 680 3756 b,
699 3694 725 3747 4.
752 3689 859 3744 Etbini
877 3689 950 3742 dieti
972 3689 1124 3754 videntur,
1148 3686 1229 3758 Lips.

34 3753 109 3824 Μέχρι
125 3763 169 3825 τῆς
185 3764 287 3835 μικρᾶς
299 3756 424 3832 Σύρτεως
441 3763 586 3829 Molossi,
605 3762 652 3813 sni
670 3756 714 3814 ὑπ’
735 3757 833 3822 αὐτοὺς
847 3759 977 3828 Κινὴθιοι
991 3759 1065 3814 Ptol.
1085 3763 1113 3827 4,
1131 3763 1160 3816 3.
1179 3749 1230 3814 ubi

35 3821 143 3907 desistam
159 3834 191 3886 iu
212 3835 322 3918 optimo
340 3833 398 3888 Ms.
418 3833 554 3888 Eroterii.
592 3831 741 3902 cintpttae
758 3834 833 3890 coni.
868 3834 943 3885 Mur.
973 3829 1125 3902 Cinyphias
1147 3831 1228 3885 Brot.

36 3909 73 3962 tm
90 3915 132 3955 eos
152 3903 196 3958 sic
215 3905 308 3960 dictos
325 3905 444 3976 putabat
461 3923 477 3959 a
494 3903 601 3974 Cinyps
619 3905 671 3990 vel
688 3905 742 3960 Cin
779 3903 813 3959 io
831 3903 931 3958 fluvio.
967 3901 1231 3986 Cinyphius-Ham:

35 3973 278 4114 tutati-{¹⁰:²4
298 3975 530 4119 evenat
554 3975 731 4102 late:
774 3975 1059 4112 itta‘illttail·
1072 3972 1230 4098 aab

35 4105 120 4168 Furius
137 4117 276 4172 canulas
289 4135 344 4188 pro
362 4119 473 4172 consule
489 4118 610 4185 Africae
626 4117 685 4175 MS.
705 4135 720 4172 e
740 4117 767 4172 d.
787 4119 877 4176 Gran.
896 4117 989 4189 Ryck.
1009 4115 1098 4170 Beki.
1110 4113 1228 4172 walth.

32 4189 165 4243 prosam!
187 4189 252 4244 add.
279 4190 333 4246 rel.
360 4197 390 4244 et
412 4197 471 4244 vet.
495 4198 524 4244 et
548 4207 607 4247 reo.
636 4189 717 4244 liano
741 4191 915 4262 scripturam
933 4188 1028 4242 ubivis
1046 4187 1229 4242 retinendam

35 4257 129 4310 censuit
147 4268 177 4314 st
195 4259 297 4315 multis
316 4263 412 4317 verbis
429 4261 561 4316 defendit
571 4263 679 4316 Manat.
698 4261 733 4314 ad
747 4259 807 4316 Cio.
827 4277 843 4316 a
867 4299 873 4314 .
892 4259 929 4314 ad
945 4261 1005 4314 div.
1027 4262 1055 4324 1,
1074 4263 1100 4316 l.
1130 4257 1228 4326 illam,

34 4331 58 4373 ut
73 4337 99 4380 et
113 4345 165 4398 pro
181 4339 324 4400 praetore,
342 4349 396 4403 pra
414 4339 570 4407 quaestore,
587 4351 641 4404 pro
655 4333 809 4402 dictatore,
830 4375 834 4384 .
861 4347 924 4387 rou.
945 4339 974 4386 et
990 4329 1080 4390 Drsk.
1098 4331 1164 4385 Lis.
1183 4333 1228 4397 lo,

60 4423 118 4492 ⁰PP·
141 4431 208 4486 Tac.
232 4431 261 4486 T.
273 4433 294 4485 1.
436 4449 438 4454 ·
1008 4423 1049 4486 lt
