2872 4792
202 181 262 260 ne
599 181 842 250 manmena
866 125 1064 264 111111,
1144 208 1147 239 ÷
1230 215 1236 238 .

199 348 350 412 curatius
369 345 543 425 disseram,
564 349 640 430 quia
661 357 732 412 tum
744 351 890 432 primum
910 357 1046 434 reporta
1065 357 1155 430 eunt,
1176 365 1259 433 quaa
1278 369 1333 432 per
1351 358 1394 414 tat

199 451 304 494 annae
332 451 403 493 rem
427 431 596 513 publicam
618 431 767 496 exedere.
811 435 953 494 licinius
975 431 1076 494 Catus
1096 441 1242 510 senator,
1268 435 1393 494 11111111-

199 534 253 576 ma
275 512 413 576 Libonis
441 515 599 592 amicitia,
630 517 784 577 invenem
805 514 1030 598 improvidum
1052 524 1087 577 et
1107 517 1237 577 facilem
1257 517 1393 577 inanibus

200 596 243 659 ad
264 596 504 658 Chaldaeorum
531 599 705 680 promissa,
736 597 914 686 Magorum
942 617 1047 676 sacra,
1079 601 1283 676 somniorum
1309 601 1394 661 etiam

200 679 566 770 interpretealimpulit,
598 679 675 742 dum
702 701 862 764 proavum
886 681 1089 764 Pompeium,
1121 685 1255 744 amitam
1277 679 1393 744 Scribo-

156 837 164 842 ,
200 764 300 842 niam,
327 781 409 846 quae
430 761 596 844 quondam
615 763 757 850 Augusti
777 767 921 826 coniunx
942 765 1062 840 iuerat,
1091 765 1305 826 consobrinos
1325 762 1394 826 Cae-

199 865 301 926 sares,
333 845 464 928 plenam
493 843 848 932 imaginibas'domum
868 855 1014 910 ostentat
1044 847 1265 930 hortaturque
1289 845 1329 910 ad
1353 849 1393 908 lu-

200 949 279 990 xum
301 941 335 991 et
355 947 410 990 aaa
432 929 586 1006 alienum,
608 931 718 992 sociae
739 929 915 992 libidinum
937 937 971 991 et
991 932 1237 1009 necessitatum,
1258 949 1320 1013 quo
1334 931 1393 1012 plu·

199 1013 294 1074 ribus
320 1009 452 1072 indiciis
473 1012 630 1098 illigaret.
1066 1049 1070 1056 ·

270 1133 294 1184 1.
314 1127 395 1194 1111,
413 1129 444 1182 1..
464 1127 631 1184 sei-loonio
649 1131 730 1198 1111,
749 1130 783 1186 a,
802 1147 860 1202 quo
877 1151 904 1184 v.
924 1129 1042 1200 111οὸ1,
1063 1133 1104 1190 re.
1128 1119 1158 1186 'a
1183 1129 1262 1184 suet.
1284 1127 1342 1182 111.
1357 1131 1392 1185 a.

200 1232 234 1244 -
253 1202 374 1266 defertur
390 1200 653 1268 molirireraoaae,
672 1221 698 1256 v.
717 1203 797 1268 adl,
817 1207 861 1268 14,
881 1209 905 1258 1.
924 1206 953 1268 2,
979 1207 1021 1260 18.
1047 1211 1077 1258 et
1100 1203 1235 1258 11111111.
1260 1201 1391 1266 τ.11ι(ιίι’-

199 1273 259 1326 tioi.
279 1303 312 1315 —
330 1271 413 1338 finem
431 1273 552 1324 caratiae
570 1273 708 1340 disseram,
727 1283 761 1327 nt
779 1292 822 1344 ap.
841 1275 905 1328 biv.
931 1278 975 1340 41,
1001 1277 1026 1332 6.
1058 1283 1087 1329 et
1110 1276 1260 1330 edisserere
1283 1291 1298 1326 a
1317 1311 1323 1324 .
1340 1273 1391 1325 biv.

198 1347 244 1412 22,
264 1347 308 1400 64.
327 1345 372 1408 27,
393 1345 417 1396 7.
444 1343 490 1396 ct.
511 1343 1050 1408 Gron.Dak.etDrak.ad11iv.il,
1077 1349 1102 1402 6.
1128 1355 1157 1402 et
1177 1345 1257 1401 Gort-
1280 1291 1315 1398 ad
1334 1343 1391 1396 Sall.

200 1413 305 1472 caat
331 1415 459 1478 curative,
486 1415 591 1470 maiori
615 1435 693 1472 mira.
726 1417 770 1472 Gi.
796 1419 881 1486 adl,
908 1421 950 1474 13.
977 1413 1391 1485 14,21.16,22.11611111

199 1486 269 1540 Sall.
288 1485 350 1572 lug·
371 1490 414 1542 16.
434 1486 501 1552 (19.)
522 1519 553 1529 -
572 1494 624 1542 tam
639 1491 750 1558 primam
768 1496 875 1557 reperta
892 1495 953 1542 aunt
971 1507 1013 1552 aa,
1032 1487 1094 1542 scil.
1120 1488 1231 1546 iudicia
1252 1486 1391 1542 maiestatis

199 1566 230 1614 et
248 1557 417 1626 delationes,
437 1575 503 1626 puae
521 1575 602 1626 rema.
622 1561 745 1624 exedere,
764 1564 922 1626 coniecere,
941 1559 1105 1630 perdidere,
1129 1569 1164 1612 ut
1182 1562 1270 1630 edere,
1288 1560 1391 1620 eredere,

198 1631 327 1693 aeram,
345 1630 422 1698 inpr.
441 1629 477 1684 de
496 1629 597 1685 dolore
616 1639 646 1686 et
664 1633 742 1686 curis
760 1633 861 1698 animi,
881 1631 1014 1698 κατέδων,
1038 1629 1153 1702 durtii·
1170 1625 1272 1704 θυμὸν,
1295 1634 1391 1700 φρένας,

199 1701 276 1758 unde
294 1701 437 1772 γυιοβόροι
452 1701 607 1772 μελεδῶνες
625 1720 669 1774 ap.
688 1703 802 1758 Hesiod.
829 1703 898 1774 ἔργα
916 1706 960 1759 et
986 1735 1017 1746 -
1043 1703 1160 1756 Firmiter
1187 1703 1270 1757 Cetae
1291 1708 1391 1762 cernor,

101 1787 104 1794 ⁴
198 1792 227 1828 v.
247 1773 283 1826 ad
301 1777 328 1839 3,
348 1776 391 1830 36.
413 1777 448 1816 -’
463 1789 496 1825 ea
514 1773 608 1826 intima
626 1775 757 1842 111111οέ1111,
777 1781 813 1829 ex
831 1775 943 1832 intimis
961 1775 1073 1840 amicis,
1098 1782 1131 1828 ut
1156 1791 1217 1845 cap.
1238 1777 1278 1827 11.
1308 1769 1391 1826 (1111

197 1849 227 1914 2,
247 1847 290 1910 1³,
309 1847 335 1902 2.
356 1851 385 1897 et
402 1845 429 1909 4,
448 1847 492 1900 to.
513 1843 672 1918 -facttea
690 1845 815 1900 inanitae
832 1845 990 1900 credenda.
1010 1845 1054 1900 Gi.
1073 1844 1109 1898 ad
1126 1847 1155 1911 5,
1179 1849 1218 1911 111,
1243 1847 1268 1904 2.
1291 1852 1318 1898 et
1332 1841 1389 1927 Agf

197 1919 242 1974 21.
260 1935 289 1970 n.
312 1921 334 1970 1.
356 1947 386 1958 -
406 1915 444 1970 ad
462 1915 657 1970 Chaidaeoruna
672 1919 804 1986 promieaa
829 1951 861 1962 -
886 1915 999 1983 impulit,
1023 1915 1181 1972 inclinavit
1205 1915 1242 1972 ad
1262 1915 1341 1970 iidem
1361 1931 1390 1966 us

198 1985 365 2044 habendam.
392 1985 528 2040 Chaldaei
543 1986 676 2042 homines
695 1989 880 2065 astrologiam
899 1989 1068 2070 profitentes
1093 1997 1122 2043 at
1145 1988 1241 2042 ubivis
1265 1994 1389 2064 ragentes,

198 2061 251 2132 qui
268 2061 357 2114 etiam
375 2057 535 2127 Babylonii,
553 2061 699 2128 astrologi,
720 2060 921 2124 Mathematici,
940 2058 1096 2124 astronomi,
1120 2059 1295 2125 genethliaci,
1311 2057 1390 2125 plane·
1412 2127 1413 2130 Ἴ

198 2127 275 2192 tatii,
297 2127 552 2198 dnoreleapaueol,
577 2131 695 2192 (Germ.
719 2124 1073 2198 Na'tirittitateller)
1097 2131 1281 2196 vocabantur,
1304 2141 1333 2182 ut
1353 2143 1389 2180 ars

198 2216 300 2255 eorum
317 2198 455 2266 malleat,
480 2197 645 2272 ἀστρολογία
669 2200 809 2269 neverant,
832 2205 1053 2274 yeaettmtoyta,
1076 2205 1288 2274 μετεωρολογίο,
1309 2199 1390 2253 ciana·

198 2269 356 2345 λεσμαιινι).
393 2271 474 2326 Hanc
498 2282 591 2330 artem
615 2277 731 2347 peperit
755 2275 934 2360 superstitio,
966 2292 1037 2360 quae
1062 2289 1199 2350 magnam
1222 2275 1283 2328 vim
1305 2273 1334 2324 in
1353 2285 1391 2322 res

198 2343 338 2400 bumanas
354 2341 502 2397 ‘tribuebat
518 2345 643 2417 planetis
662 2355 691 2400 et
709 2347 862 2413 sideribus,
886 2363 1043 2418 praecipue
1067 2345 1116 2412 iia,
1185 2363 1218 2402 aa
1240 2345 1271 2398 iu
1293 2341 1390 2398 rodiano

199 2424 268 2475 sunt
286 2433 416 2488 quaeque
434 2430 468 2470 eo
487 2425 645 2486 momento,
665 2435 722 2488 quo
742 2418 806 2488 quis
822 2426 999 2484 nasceretur,
1019 2423 1049 2472 et
1067 2435 1117 2470 eur
1138 2365 1225 2472 dblant
1242 2424 1270 2471 et
1285 2413 1327 2468 his
1344 2421 1389 2464 11111

198 2490 297 2545 vicina
328 2506 414 2558 quam
440 2485 473 2539 ab
502 2486 550 2556 1111Ι
567 2497 679 2543 remota
703 2488 823 2560 illisque
846 2491 978 2573 opposita
1001 2495 1093 2542 erant.
1118 2436 1176 2542 gbk
1199 2485 1246 2542 his
1270 2483 1390 2540 sideribus

198 2560 339 2632 quaedam
357 2555 548 2614 credebantur
566 2577 626 2614 esse
643 2559 744 2614 felicia
762 2577 795 2613 ac
811 2559 946 2636 benigna,
967 2555 1151 2629 (iyeaouoat
1168 2557 1292 2628 deriput)
1307 2565 1336 2610 ut
1346 2557 1389 2606 le·

197 2650 263 2699 nae,
282 2631 404 2701 Iupiter,
424 2629 516 2696 Luna,
535 2630 636 2706 Virgo,
655 2631 751 2698 Libra,
770 2631 898 2697 Taurus3
917 2631 1131 2696 aliainiausta,
1156 2629 1253 2686 tristia
1271 2647 1303 2682 ao
1317 2623 1390 2680 male·

197 2705 262 2769 fica,
281 2701 443 2768 (νακοποιοὶ
460 2698 581 2772 ἀστέρες)
611 2709 646 2753 ut
669 2699 820 2768 Saturnus,
845 2703 931 2770 Mars,
957 2701 1088 2774 Scorpio,
1117 2701 1324 2774 Capricornum,
1344 2695 1390 2748 alia

198 2773 372 2840 eommunia,
392 2772 540 2839 (ἐπίκοινον
557 2769 681 2842 ἀστέρες)
700 2781 734 2826 ut
751 2773 919 2836 Mercurius.
956 2775 1165 2844 Prosperornm
1190 2783 1285 2828 umen
1302 2769 1390 2832 idua,-

198 2849 335 2916 riumque
355 2843 483 2900 siderum
502 2852 532 2896 et
549 2843 752 2900 coniunctione
772 2853 801 2900 et
819 2845 1010 2914 oppositione,
1035 2863 1107 2930 qaae
1130 2841 1272 2917 συνδρομὴ
1295 2851 1322 2896 et
1335 2853 1390 2911 pru·

197 2919 263 2989 pria
287 2915 458 2968 constellatio
486 2915 646 2982 dicebatur,
675 2915 830 2970 noxiorum
857 2917 901 2970 vis
926 2917 1053 2992 infringi
1078 2924 1108 2970 et
1130 2915 1301 2972 felicissima
1322 2925 1390 2979 saepe

166 3053 168 3062 γ
196 2993 304 3060 γένεσις
329 2986 594 3058 efficiputabatur.
630 2987 707 3042 ilinc
725 2987 839 3042 Astrolo
863 2987 940 3040 iilli
958 3005 973 3044 e
991 2989 1091 3065 genesi
1114 3007 1135 3042 e.
1159 2989 1292 3065 genitura
1317 2991 1344 3038 et
1359 2981 1390 3032 ei-

197 3061 267 3115 dera
291 3059 424 3114 natalitio
455 3061 573 3130 eiusque
605 3059 784 3130 inspectione
813 3005 863 3112 aab
893 3059 1093 3116 observatione
1122 3075 1155 3114 ac
1186 3055 1390 3128 comparatione

197 3132 282 3202 (quae
300 3125 460 3201 ὥροσκόπος
479 3139 508 3186 et
525 3133 601 3202 cepa
617 3129 787 3198 vocabatur)
811 3132 870 3184 fata
896 3127 989 3185 cuivis
1013 3131 1199 3186 imminentia
1222 3126 1347 3205 aupuari
1367 3128 1390 3174 el

197 3203 276 3257 diem
293 3201 443 3272 boramve,
535 3197 647 3273 aliquid
665 3202 807 3279 agendum
825 3209 909 3269 esset,
927 3209 961 3254 ut
977 3217 1031 3273 pro
1068 3220 1115 3258 ere
1140 3199 1310 3264 succederet,
1333 3193 1390 3248 defi·

197 3273 265 3327 nire
283 3273 421 3328 solebant.
458 3221 643 3340 ddeonstlto
662 3273 817 3328 utebantur
833 3273 918 3328 libris
936 3293 958 3328 a·
979 3220 1105 3341 tabidis,
1131 3269 1351 3344 ephemeridibus
1367 3269 1390 3348 et

197 3345 311 3411 diariis,
341 3363 414 3429 quae
439 3346 558 3399 Graecis
583 3343 747 3433 ἐφημερίδες
772 3352 800 3398 et
824 3349 948 3410 πίνακες,
973 3343 1062 3412 (ande
1087 3345 1246 3422 astrologia
1270 3353 1389 3399 aereteat,

197 3424 374 3470 astronomia
398 3416 632 3484 νοιοκανονικη)
662 3417 744 3470 nobis
771 3415 968 3482 calendar,
1006 3417 1203 3482 Journale,
1240 3413 1390 3468 Almana·

76 3517 82 3525 -
197 3485 282 3552 che,
301 3485 544 3564 Tagobticber
561 3487 746 3558 appellantur
764 3495 794 3542 et
812 3489 843 3542 in
862 3487 964 3559 quibus
983 3485 1206 3564 designaverant
1227 3487 1389 3558 planetarum

197 3557 385 3629 siderumque
403 3567 494 3624 ortus,
514 3567 619 3626 motus,
638 3557 676 3627 (4,
688 3561 731 3616 58·
750 3559 785 3612 ll.
804 3562 832 3626 2,
847 3557 906 3628 78.)
923 3559 1026 3627 poeitae
1044 3576 1077 3612 ac
1094 3559 1186 3626 spatia
1204 3557 1243 3624 (6,
1255 3555 1318 3620 21),
1335 3567 1390 3604 can·

198 3630 370 3696 iunctiones,
388 3630 540 3684 distantias
560 3637 589 3684 et
604 3631 809 3716 oppositiones,
828 3631 864 3686 ad
882 3649 1081 3702 quemcunque
1094 3630 1171 3684 diem
1185 3635 1303 3692 notatae,
1320 3623 1390 3677 adeo·

241 3719 256 3754 ο
274 3700 381 3756 iudicia
400 3705 455 3754 τῶν
471 3701 625 3770 καταρχῶν,
645 3709 837 3772 inceptorum,
866 3710 897 3757 et
915 3701 1028 3758 dierum
1045 3701 1251 3771 borarnmqae,
1268 3698 1303 3754 ad
1318 3707 1390 3784 qut?r

197 3719 270 3825 diet
288 3773 367 3828 vitae
385 3775 502 3850 negotia
519 3773 720 3859 eligendarum
737 3780 787 3828 aut
805 3771 1073 3840 vitandarunnsair
1090 3766 1254 3846 ἐμπράκιων
1271 3790 1291 3824 ε.
1307 3783 1389 3835 arpan-

197 3858 271 3896 σιων
294 3851 323 3898 et
347 3841 502 3912 ἀπράκτων.
539 3847 593 3898 tta

197 3911 240 3980 (6,
259 3913 320 3981 21.)
339 3915 497 3987 explorata,
517 3917 610 3970 omnis

197 3985 353 4041 stituendis
377 3987 578 4044 continebatur
604 3985 842 4042 calculationibus
865 3996 895 4042 et
919 3989 1134 4058 supputatione,
1160 4003 1231 4058 quae
1247 3983 1327 4038 fiebat
1347 3989 1391 4048 per
1412 4041 1413 4052 γ

197 4074 343 4124 numeros,
364 4057 393 4112 b.
408 4077 433 4114 e.
461 4059 585 4114 calamos
610 4059 846 4132 computatoriae,
873 4067 902 4114 et
919 4057 1045 4114 tabulam
1069 4057 1299 4113 calculatoriam:
1327 4045 1406 4104 unde,

196 4130 299 4181 armai
317 4129 467 4200 Babylonii
485 4141 514 4185 et
535 4129 677 4200 'l'draeylti
694 4129 833 4183 dicuntur
850 4131 919 4183 Hor.
939 4129 988 4184 Od.
1009 4133 1035 4196 1,
1056 4135 1100 4196 ll,
1118 4133 1145 4187 2.
1165 4127 1289 4182 luvenal.
1303 4127 1327 4189 ti,
1339 4119 1390 4201 516·

198 4197 367 4252 chaldaicae
384 4203 504 4256 rationes
528 4203 588 4256 cia.
612 4201 671 4254 div.
690 4205 717 4267 2,
735 4205 778 4258 41.
798 4210 827 4256 et
845 4199 975 4273 ψηφίδες,
999 4209 1033 4254 ut
1063 4203 1156 4256 monis
1174 4201 1225 4256 illa
1246 4195 1390 4268 exploratu

159 4309 163 4321 .
199 4271 228 4322 at
248 4270 401 4326 Χαλδαίων
415 4274 534 4346 μέθοδον
552 4275 679 4330 Lucieno
698 4274 729 4328 in
747 4273 878 4329 llermot.
906 4289 930 4326 c.
950 4275 975 4330 e.
994 4272 1118 4330 Frustra
1136 4271 1335 4328 Chaldaeorum
1352 4275 1390 4314 art

624 3843 855 3900 ehemeridibus
880 3843 1020 3898 consultis
1055 3853 1084 3898 et
1107 3844 1174 3898 bora
1198 3841 1265 3896 inde
1288 3829 1391 3905 genitali

627 3863 850 3992 datrologarum
874 3935 920 3970 ars
944 3915 1058 3970 inillis
1084 3915 1182 3972 diebus
1204 3913 1318 3968 boriate
1335 3923 1390 3960 con·
