2868 4792
194 185 256 252 au
286 273 292 288 ι
583 183 829 250 nuunmuu
853 185 940 252 nus
962 184 1022 250 ur.

194 351 292 414 tutes,
323 349 395 418 quod
411 381 444 392 —
462 349 652 406 diametro.
679 349 745 406 boc.
782 350 912 408 Faernus
936 369 973 422 es
998 349 1056 406 MS.
1084 350 1194 417 (immo
1219 369 1253 406 es
1268 353 1382 428 ingenio)

193 423 333 476 instabant
356 427 539 488 accusatores,
567 423 660 476 statis·
685 421 773 484 scribi
790 425 943 478 sententias
971 425 1181 490 espossutaues.
1225 421 1381 477 Borbornius

193 509 246 552 cur¹
258 492 441 556 interfecisset
459 495 667 560 expostulantes.
703 493 836 548 Hillerns
855 493 979 560 (Rscem.
999 493 1057 558 aa)
1074 509 1142 563 quoe
1163 495 1279 549 liberius
1295 501 1316 546 et
1332 495 1408 556 Piso,

192 563 367 632 scripsissent
386 564 435 628 (ci.
455 567 483 630 3,
505 567 546 620 tt.
567 572 597 619 et
615 565 693 620 Suet.
713 564 778 618 Tib.
798 567 856 634 52.)
875 567 1088 636 expostulantes,
1106 563 1294 636 postulantes3
1316 584 1338 620 v.
1355 565 1382 618 sd
1412 603 1413 608 =

192 641 219 702 1,
238 639 284 702 28,
302 637 328 694 5.
366 634 517 690 Broterins
536 641 562 688 et
585 653 653 705 qaae
670 638 843 704 scripsissent
866 638 1075 705 espostaiontes.
1112 639 1189 692 Alii:
1217 653 1278 706 quoe
1294 637 1348 690 Piso
1362 643 1382 687 et
1412 653 1413 684 ³

190 706 325 760 Plancina
342 709 517 774 scripsissent
540 705 579 773 (r.
598 712 626 773 2,
645 708 703 772 78.)
729 709 938 776 expostulasses.
975 707 1102 762 bloebius
1124 710 1157 762 in
1175 708 1286 764 Seebod.
1303 707 1383 760 Prou-
1412 769 1413 774 ἵ

189 787 285 849 ptuar.
295 777 402 849 philol.
417 777 540 842 (Arcbir
551 781 602 833 fiir
614 778 732 846 Philol.)
747 779 914 853 1,1.p.1tt.
928 782 1071 848 scripsisse
1079 781 1227 833 sestertios
1237 781 1382 846 mostaine-

190 857 241 916 tes,
351 850 465 904 brantes
484 870 507 904 s.
527 860 691 920 querentes,
710 855 885 906 sententiam
903 852 1066 906 abaciam
1091 853 1184 906 fuisse
1207 852 1382 923 perscriptam

189 922 221 978 li.
241 869 347 979 (ΠΨ.
367 921 545 1000 (Wortberg
562 922 720 976 Annalium
737 921 834 977 Taciti
852 924 932 978 locos
949 931 1010 978 tres
1029 923 1197 994 explanatus
1215 921 1297 988 dedit,
1322 921 1383 989 Gry·
1412 969 1413 990 ,

188 993 294 1066 phisw.
313 993 405 1059 1817.)
424 996 494 1062 quod
509 996 686 1062 scripsissent
704 999 915 1062 expostulantes,
935 993 1012 1065 quod
1024 1011 1093 1048 vero
1112 995 1149 1048 ad
1167 994 1197 1046 id
1210 995 1307 1048 attinet
1323 990 1383 1062 quod

189 1065 379 1120 Germanicus
403 1073 432 1118 et
456 1066 530 1132 Piso,
561 1073 595 1119 ut
622 1076 804 1121 accusatores
829 1066 990 1130 edixerant,
1018 1066 1120 1120 literas
1145 1064 1200 1119 sibi
1225 1064 1383 1134 scripsissent

188 1138 329 1190 conviciis
352 1136 461 1209 plenas,
493 1137 572 1203 (narn
599 1139 769 1204 apostatare
794 1155 850 1209 pro
875 1137 1046 1192 insimulare
1065 1145 1095 1190 et
1119 1137 1276 1191 conviciari
1292 1135 1382 1188 dicum

187 1212 232 1274 13,
251 1212 295 1265 37.
316 1207 383 1262 Ter.
402 1209 493 1262 Andr.
513 1213 541 1274 4,
562 1214 589 1274 l,
609 1211 652 1264 15.
673 1209 733 1263 Cic.
752 1209 837 1266 Tusa.
857 1227 907 1279 qu.
926 1212 994 1275 5,5.
1008 1227 1038 1280 p.
1058 1207 1140 1262 Sulla
1159 1209 1217 1272 15.)
1234 1208 1302 1262 laad
1316 1207 1383 1256 uisus

187 1301 222 1318 ·-·
240 1281 366 1333 absum.
403 1281 512 1336 Omitto
531 1279 676 1336 Sobefferi
700 1283 744 1348 (in
763 1282 836 1336 obss.
861 1283 944 1335 misc.
963 1279 998 1332 T.
1016 1280 1093 1336 vln.
1121 1297 1151 1351 p.
1171 1279 1246 1346 790.)
1268 1277 1383 1332 aliorum-

187 1366 244 1421 que
263 1361 435 1407 commenta.
607 1358 615 1375 “

257 1427 284 1480 3.
305 1424 393 1478 sinat
408 1423 503 1492 populi
519 1431 574 1479 cet.
596 1423 640 1480 Gi.
660 1426 687 1491 ὅ,
707 1427 734 1480 4.
755 1455 785 1468 ·-
819 1426 977 1492 Temperare
995 1423 1060 1484 sibi,
1080 1423 1227 1477 abstinere
1244 1419 1384 1482 nsaiwi*

186 1495 226 1560 ri,
240 1503 280 1548 ut
297 1514 343 1566 ap.
363 1495 473 1561 liud,
492 1499 536 1551 23
557 1499 602 1562 37,
621 1499 665 1552 ld.
686 1529 719 1538 -
756 1496 887 1564 Effigies,
914 1495 963 1550 sed
989 1496 1166 1568 plerumque
1193 1496 1255 1565 ipss
1284 1505 1384 1560 corpora

185 1564 387 1620 damnatorum
407 1575 436 1621 et
455 1569 486 1634 in
505 1584 622 1621 carcere
640 1567 890 1634 obtruncatomm,
916 1569 958 1631 in,
984 1567 1020 1620 ad
1038 1567 1181 1620 amasos
1200 1564 1287 1618 scalas
1304 1582 1322 1616 s.
1340 1559 1384 1612 Ge·

184 1639 297 1691 monins
316 1638 421 1715 gradus
439 1654 514 1692 unco
533 1637 612 1692 trahi
630 1647 660 1692 et
678 1641 709 1691 in
728 1637 861 1692 Tiberim
877 1640 986 1711 proiici
1002 1637 1139 1693 solebant.
1159 1653 1189 1692 r.
1204 1636 1240 1690 ad
1251 1639 1276 1700 2,
1288 1635 1385 1696 3313,

185 1711 228 1764 itt.
248 1712 275 1774 5,
294 1711 320 1765 9.
340 1713 368 1776 6,
387 1713 429 1766 19.
449 1713 492 1766 25.
508 1709 547 1772 Η.
566 1713 594 1776 3,
613 1713 658 1765 74.
677 1712 721 1765 85.
746 1708 802 1763 Dio
820 1715 867 1776 68,
890 1717 936 1768 -ll.
962 1709 1042 1764 Suet.
1067 1710 1126 1762 vit.
1146 1712 1189 1766 17.
1217 1717 1246 1761 et
1271 1705 1304 1759 de
1320 1719 1386 1754 esua

185 1778 221 1836 ad
244 1785 271 1848 4,
295 1783 341 1846 30,
369 1783 396 1836 l.
432 1780 475 1834 De
501 1781 645 1846 Gemoniis,
678 1781 744 1835 loco
767 1784 925 1854 praecipiti
949 1783 981 1834 in
998 1781 1145 1835 Aventino
1164 1787 1264 1833 monte
1279 1785 1307 1830 et
1322 1771 1386 1825 Xlss.

185 1869 245 1928 reg.
271 1849 356 1906 Urbis
374 1852 424 1905 rel
448 1855 479 1906 in
498 1853 561 1922 ipso
580 1853 659 1906 olivo
678 1853 803 1925 Capitol.
822 1871 883 1908 non
901 1854 990 1978 1οηῖ
1008 1871 1024 1906 a
1042 1869 1159 1908 carcere
1176 1849 1350 1910 Mamertino,
1364 1861 1386 1894 1·

184 1923 287 1977 Donat.
313 1921 348 1978 de
372 1923 451 1978 Urbe
469 1923 559 1977 Roma
576 1927 603 1990 3,
625 1927 666 1980 13.
686 1933 715 1978 et
733 1925 862 1980 Piranesi
879 1924 968 1978 Antio
991 1927 1031 1978 its
1048 1924 1176 1977 Romans
1194 1921 1230 1976 Τ.
1244 1922 1266 1974 1.
1285 1927 1386 1973 extr.-

183 1995 349 2048 ds'oellebont
367 2003 396 2048 et
415 1995 473 2048 iam
492 1997 523 2048 in
541 2011 574 2050 eo
592 2004 677 2049 erant
694 2003 728 2048 ut
745 1996 923 2051 divellerent
946 2006 976 2050 ot
994 1995 1179 2050 divellisseut
1202 1995 1235 2046 κε’
1252 1999 1305 2048 oet.
1321 2007 1345 2040 1·
1360 1983 1388 2038 td

184 2071 210 2132 l,
227 2069 272 2132 35,
282 2070 308 2126 3.
330 2065 494 2120 divellebaot
511 2065 569 2119 MS.
583 2075 612 2121 et
625 2066 688 2120 edd.
699 2075 760 2123 vet.
780 2069 904 2134 „Rectes
923 2063 1073 2121 traxerant
1091 2069 1124 2120 iu
1134 2065 1290 2120 Gemonias
1307 2060 1342 2114 ibi
1376 2073 1387 2108 e

183 2137 356 2203 diuettebant,
376 2138 586 2209 discerpebant,
606 2142 783 2204 sosinosiros,
804 2167 837 2178 -·-
855 2141 886 2192 si
903 2139 979 2192 iussa
997 2139 1135 2206 Principis
1150 2142 1298 2203 protectae,
1319 2077 1387 2184 'que'

182 2211 325 2264 trimento
344 2209 486 2276 defensae,
504 2209 691 2278 repositaeque
709 2213 798 2276 forest
816 2211 965 2265 inlocum
984 2229 1079 2276 suum,
1109 2209 1184 2263 unde
1224 2205 1325 2279 opulus
1341 2211 1388 2253 111·

182 2281 294 2336 xeratt‘
314 2281 421 2334 Wattt.
442 2281 610 2334 deuellebort
628 2283 656 2346 (a
674 2281 789 2336 basibus
807 2282 999 2350 revellebant)
1016 2297 1172 2353 reposuere
1216 2287 1272 2332 rot.
1286 2285 1313 2330 et
1328 2273 1387 2326 Era

166 2373 210 2407 ·r.
230 2353 264 2406 ad
282 2357 309 2418 4,
329 2355 372 2408 74.
409 2351 466 2406 Sed
485 2355 542 2406 iem
561 2353 596 2406 ad
616 2353 770 2409 Gemonias
794 2362 904 2408 tractae
928 2361 1020 2408 erant.
1063 2354 1140 2406 Hinc
1163 2368 1220 2406 neo
1243 2345 1387 2404 diuellebtsl

182 2425 251 2478 b.·l.
271 2424 423 2478 convenit:
442 2443 509 2478 nam
529 2425 649 2492 effigies,
669 2435 780 2482 statuae
797 2425 882 2491 tales,
909 2425 1040 2480 solebant
1059 2424 1179 2495 quidem
1204 2422 1291 2476 scalis
1307 2418 1389 2500 &dmj

182 2499 221 2550 tis
239 2494 408 2566 laqueisque
427 2497 543 2550 iniectis
562 2515 598 2550 ex
615 2495 729 2552 basibus
746 2497 842 2552 velvbi
865 2499 888 2550 is
907 2499 939 2550 in
957 2505 1067 2552 terram
1085 2493 1212 2562 detrahi,
1232 2493 1293 2548 solo
1311 2489 1388 2562 sffl1g1

182 2576 211 2622 et
228 2568 326 2643 frangi
350 2566 402 2620 vel
425 2567 557 2633 conflari,
583 2567 628 2633 (v.
648 2569 684 2622 ad
701 2573 729 2635 2,
747 2573 793 2634 32,
812 2517 864 2638 L}
880 2584 940 2622 non
957 2585 1029 2624 vero
1054 2569 1085 2620 in
1104 2566 1269 2620 Gemoniis.
1304 2559 1390 2630 laqus

181 2637 367 2703 crediderim,
384 2637 542 2716 legendum
565 2657 626 2694 esse
644 2641 819 2694 devolvebant
838 2659 877 2695 so.
896 2641 932 2695 da
950 2660 972 2696 s.
995 2658 1012 2694 e
1037 2639 1189 2694 Gemoniis
1214 2639 1248 2692 in
1265 2633 1388 2688 Tiberim

184 2737 216 2748 -
236 2711 364 2762 deductus
388 2719 428 2762 est
451 2709 569 2763 domum
594 2729 674 2765 suam
701 2731 717 2766 a
741 2713 831 2766 curm.
853 2745 886 2756 -
922 2711 1000 2766 ossio
1023 2727 1136 2777 rumore,
1162 2712 1200 2762 cf.
1221 2707 1285 2762 ind.
1304 2705 1351 2758 111·
1367 2720 1388 2752 1·
1412 2731 1413 2734 “

181 2781 299 2848 Ettipsis
316 2780 393 2834 verbi
409 2779 542 2834 metant.
561 2783 592 2836 in
608 2782 713 2840 Portis.
734 2816 767 2828 -
794 2790 883 2838 custos
899 2783 985 2836 solati
1003 2780 1061 2835 MS.
1080 2790 1110 2836 et
1128 2781 1171 2836 ed.
1192 2780 1285 2840 Beki.
1302 2777 1336 2829 11·
1354 2774 1389 2826 Cf·

181 2852 245 2906 lnd.
265 2851 677 2910 111.v.1>attous0oiecrtoos.
713 2855 749 2924 ln
767 2855 830 2909 edd.
854 2855 909 2911 rel.
929 2871 953 2908 c.
971 2855 1078 2910 solatis.
1099 2881 1132 2892 ·-
1168 2852 1265 2906 ssorts's
1284 2855 1389 2908 ecastor>
1412 2855 1413 2922 ᾗ

181 2925 382 2996 „praepositus
401 2923 437 2977 ad
456 2925 630 3002 exigendum
652 2925 923 2997 perficiendumque
947 2923 1125 2997 supplicium
1148 2931 1178 2980 et
1197 2923 1282 2994 quasi
1299 2927 1390 2980 custos,

180 3004 215 3050 ut
233 3004 345 3050 exactor
362 2997 493 3064 supplicii
510 3001 554 3064 ll,
573 3001 616 3054 37.
635 2997 699 3050 lriv.
718 3003 745 3064 2,
764 3001 790 3054 5.
809 2999 939 3053 Atnbros.
959 2996 996 3052 de
1012 2995 1104 3051 Tabia
1122 3013 1146 3048 o.
1165 2999 1192 3052 3.
1211 3001 1325 3048 exactor
1340 3003 1391 3055 opt·

180 3085 237 3122 runt
254 3067 328 3122 Plin.
349 3085 393 3139 ep.
413 3071 440 3133 9,
458 3072 502 3125 37.
523 3070 642 3124 Gruter.
662 3071 750 3125 inscr.
769 3087 798 3142 p.
817 3074 881 3137 694,
899 3073 926 3126 2.
946 3067 997 3122 ubi
1014 3077 1045 3124 et
1062 3085 1092 3122 n.
1106 3072 1133 3125 3.
1170 3073 1287 3144 sanctos
1303 3060 1390 3122 ants,

181 3147 215 3193 ut
232 3141 362 3195 muneris
380 3139 515 3195 nomen.“
544 3141 620 3210 Lips.

644 3247 838 3303 CAPUT
873 3247 939 3305 XV.

234 3354 385 3434 „Eadem
407 3354 584 3418 Plancinae
604 3357 745 3435 invidia,
778 3358 887 3419 maior
913 3357 1041 3445 gratias
1072 3373 1178 3435 eoque
1209 3351 1302 3415 amb·
1346 3366 1391 3409 um

182 3435 378 3512 habebatur,
401 3446 559 3520 qnantum
582 3435 715 3503 Caesari
736 3442 772 3500 in
793 3460 866 3502 eam
887 3440 1014 3503 liceret.
1057 3438 1164 3518 Atque
1186 3435 1272 3518 ipsa,
1322 3447 1391 3494 onec

180 3519 308 3583 mediae
330 3521 444 3582 Pisoni
472 3541 558 3604 spes,
588 3525 711 3584 sociam
744 3542 779 3584 se
801 3525 1026 3606 cuiuscunque
1048 3525 1203 3584 fortunae
1226 3529 1275 3596 et,
1309 3519 1336 3580 si
1354 3517 1394 3574 ils

179 3607 296 3683 terret,
319 3605 476 3675 comitam
498 3605 595 3666 exitii
617 3605 844 3687 promittebat.
877 3603 922 3668 Ut
943 3608 1082 3669 secretis
1104 3605 1277 3690 Augustae
1298 3597 1392 3684 preci·

180 3685 241 3750 bus
262 3689 394 3752 ueniam
417 3688 562 3748 obtinuit
596 3689 757 3770 paulatim
778 3691 951 3775 segregari
973 3711 993 3750 a
1013 3691 1147 3760 marito,
1170 3684 1328 3749 dividere
1348 3679 1393 3742 de-

180 3771 363 3834 iensionem
385 3773 506 3853 coepit.
550 3733 647 3835 duod
668 3791 747 3834 rens
769 3782 941 3856 postquam
963 3773 1027 3835 sibi
1042 3771 1209 3834 exitiabile
1229 3767 1393 3851 intelligit,

181 3872 223 3914 an
245 3853 353 3916 adhuc
374 3855 587 3936 experiretur
609 3853 775 3929 dubitans,
798 3855 1011 3919 hortantibus
1032 3857 1110 3917 tiliis
1133 3853 1236 3916 durat
1257 3859 1394 3914 mentem

182 3947 398 4020 senatumque
420 3957 557 3998 rursum
578 3937 780 4024 ingreditur,
803 3937 1129 4026 redintegratamque
1141 3937 1413 4004 accusationem,

181 4020 472 4082 intensasPatrum
488 4041 598 4100 voces,
619 4020 761 4086 adversa
782 4031 816 4085 et
836 4043 935 4086 saeva
956 4030 1074 4086 cuncta
1090 4039 1285 4104 perpessus,
1309 4013 1393 4078 nullo

181 4106 286 4188 magis
315 4106 495 4169 exterritus
527 4114 588 4178 est,
622 4125 721 4188 quam
752 4105 838 4187 quod
866 4107 1043 4170 ‘tiberium
1071 4107 1143 4167 sine
1171 4103 1396 4166 miseratione,

175 4185 254 4271 sine
275 4188 338 4264 ira,
361 4187 564 4250 obstinatum
587 4187 799 4273 clausumque
819 4189 918 4270 uidit,
946 4211 1074 4272 nequo
1101 4191 1223 4251 affectu
1244 4201 1395 4269 perrum-

193 4275 330 4332 oretur.
372 4269 508 4334 Relstns
535 4269 682 4352 domum,
718 4273 880 4356 tanquam
904 4271 1130 4338 detonsionem
1156 4273 1193 4334 ia
1224 4277 1398 4352 posterum
