2904 4798
183 195 245 262 622
574 191 817 256 ANNALIUM
838 191 921 256 LlB.
946 191 1005 256 Vl.

184 362 371 442 trahebant,
393 361 482 446 quod
503 379 588 424 unus
611 361 756 422 omnium
779 357 890 420 Seiani
912 359 1061 420 affinium
1083 359 1259 423 incolumi-r
1277 359 1391 421 multa-

184 467 246 528 que
267 449 376 534 gratia
392 446 530 524 mansit,
552 451 729 528 reputante
751 439 890 504 Tiberio
911 441 1079 522 publicum
1102 441 1166 503 sibi
1188 441 1313 521 odium,
1342 463 1393 504 ex-

184 538 323 592 tremam
345 537 497 606 aetatem,
520 529 690 615 magisque
710 527 796 588 fama
817 545 912 608 quam
935 527 969 586 ui
989 531 1079 588 stare
1101 545 1154 590 res
1176 545 1259 588 suas.

254 653 279 704 1.
299 647 342 700 Ac
360 654 462 716 tarnen,
483 665 511 700 v.
531 646 566 700 ad
583 649 610 712 3,
629 647 672 712 23,
691 647 720 701 2.
747 673 780 686 -
805 642 832 695 ri
853 643 974 707 facultas
997 642 1144 709 incideret,
1174 644 1337 708 obveniret,
1366 651 1397 696 ut

182 719 219 772 H.
239 721 267 786 2,
288 725 330 775 10.
350 723 378 783 3,
396 721 439 776 33.
465 751 499 762 -
523 715 671 786 pecuniam
689 715 861 769 omittendae
879 715 1033 769 delationia
1055 723 1196 784 ceperam,
1225 734 1252 768 v.
1272 715 1309 768 od
1327 719 1353 780 1,
1371 720 1399 776 3,

181 795 208 847 8.
246 791 316 857 „An
334 793 430 862 iprum
447 789 585 896 inparem
609 788 712 844 deinde
738 795 909 840 eccumrunt
933 796 963 842 et
985 787 1018 840 ab
1045 787 1144 841 eodem
1170 787 1303 856 corrupti
1321 785 1398 839 deh-

182 863 293 916 tionem
313 865 490 916 omiserunt.
531 861 630 914 Potius
654 868 736 930 puto,
769 859 826 912 aL
879 875 912 912 re
938 875 987 914 eos
1010 860 1162 932 pecuniam
1186 857 1343 928 occepisse,
1367 867 1400 910 ut

181 933 331 1006 abaliquo
354 935 537 988 accusatione
563 929 764 986 desisterent.“
788 877 879 986 iii?
903 931 1011 1000 capere
1033 930 1180 999 pecuniam
1205 937 1248 984 est
1270 929 1400 982 formula

181 1007 301 1078 propria
325 1005 361 1060 de
386 1005 434 1071 iis,
465 1005 517 1075 qui
544 1011 644 1057 contra
667 1003 747 1076 leges
770 1003 923 1076 pecuniam
948 1004 1104 1073 accipiunt,
1130 1002 1180 1073 qui
1198 1001 1352 1070 corrumpi
1371 1019 1400 1054 se

181 1079 302 1148 pecuina
320 1077 489 1148 patiuntur,
508 1075 574 1128 Era.
595 1075 639 1128 Gi.
660 1076 696 1128 ei.
717 1073 797 1131 Cirr.
819 1074 879 1130 cic.
902 1107 930 1117 -
959 1074 991 1128 in
1009 1075 1128 1138 insulas,
1153 1073 1311 1126 interdicto
1336 1072 1400 1140 igni

181 1155 265 1219 atque
287 1165 371 1219 aqua,
401 1147 514 1214 demoti,
541 1165 568 1198 v.
588 1147 624 1199 ad
641 1151 667 1210 1,
687 1149 714 1210 3,
732 1148 757 1201 6.
777 1149 804 1212 3,
822 1149 867 1211 68,
894 1148 919 1202 2.
949 1154 978 1200 et
1003 1148 1030 1212 6,
1055 1147 1101 1210 24,
1124 1147 1150 1200 2.
1190 1175 1222 1186 -
1249 1143 1398 1196 Abudius:

181 1221 318 1276 Heinsius
338 1220 413 1274 coni.
433 1217 572 1286 Aufidiae.
593 1249 625 1260 -
645 1219 759 1284 stinctae
777 1217 939 1282 aedilitate,
957 1235 986 1270 v.
1006 1218 1041 1270 ad
1057 1219 1085 1282 2,
1103 1218 1148 1276 33,
1169 1221 1193 1272 1.
1219 1245 1253 1258 -·
1280 1213 1400 1268 Lentulo

181 1291 328 1347 Gaetulico
346 1298 403 1345 cet.
423 1309 451 1347 ν.
471 1290 507 1344 ad
524 1293 551 1355 4,
570 1293 618 1354 tt,
639 1295 663 1344 l·
692 1289 819 1343 Getuliaa
838 1289 901 1344 edd.
921 1289 985 1343 Ber.
1005 1287 1095 1342 Rhen-
1116 1287 1181 1341 Ala
1202 1319 1234 1330 -
1255 1287 1399 1340 destinas·

179 1371 222 1418 aet
241 1363 305 1418 sibi.
326 1389 360 1402 -
377 1364 456 1418 ultro
476 1365 575 1430 „bene
594 1359 719 1415 Stramb.
740 1361 914 1416 obenein:
929 1361 1020 1416 male
1038 1359 1135 1413 Rickl.
1161 1360 1291 1414 sorore
1332 1357 1400 1412 Sen-

148 1455 151 1462 ’
180 1453 227 1492 sus
246 1446 309 1492 est:
328 1451 387 1490 non
406 1436 501 1490 solum
519 1451 577 1490 non
596 1437 734 1498 convicit,
752 1435 882 1537 perdidit
900 1451 994 1500 raum,
1014 1432 1064 1486 sed
1081 1431 1210 1484 invicem
1228 1431 1322 1484 etiam
1342 1433 1401 1501 ipse

179 1509 340 1564 darnnatus.
380 1507 429 1564 Sic
446 1511 524 1563 ultro
543 1525 567 1563 c.
587 1513 632 1566 31.
653 1515 683 1563 et
700 1508 750 1564 alf
782 1505 889 1564 Watra.
910 1506 955 1566 Oi.
975 1505 1011 1560 ad
1028 1509 1056 1575 3,
1075 1507 1119 1572 36,
1139 1509 1162 1559 l.

249 1619 276 1674 2.
296 1617 456 1688 superioria
475 1616 643 1672 Gernmoiae
667 1617 804 1688 legiones,
829 1636 858 1674 v.
883 1615 1072 1684 ad1,31,1.
1101 1623 1131 1670 et
1149 1613 1183 1670 G.
1203 1619 1228 1672 1.
1258 1633 1289 1668 n.
1313 1619 1339 1672 l.
1365 1615 1400 1668 le·

178 1688 280 1758 giones
299 1691 427 1758 curabat,
446 1699 480 1746 ut
498 1696 524 1758 1,
543 1693 587 1746 31.
606 1709 634 1742 v.
652 1689 688 1744 ad
706 1693 733 1754 4,
752 1691 796 1756 36,
815 1693 842 1747 3.
877 1717 909 1730 ·-
934 1692 1039 1758 effusae
1066 1687 1237 1756 clementiae,
1261 1707 1291 1742 r.
1322 1687 1398 1754 aaa,

177 1763 269 1829 62,1.
299 1789 331 1798 -
350 1761 476 1816 modicae
495 1763 654 1828 acaecitate,
682 1769 716 1816 ut
734 1781 758 1816 o.
778 1764 821 1818 45.
842 1761 879 1822 Η.
900 1767 925 1830 1,
945 1765 989 1819 63.
1079 1763 1147 1818 ,46-
1173 1776 1209 1812 m·
1235 1760 1400 1814 seueritatis

178 1849 254 1890 corr.
275 1835 349 1895 Mur.
370 1842 399 1888 et
416 1831 542 1888 Ursinus
561 1833 629 1888 coll.
648 1836 675 1900 2,
695 1837 737 1890 73.
757 1838 789 1900 3,Ι
806 1835 848 1890 72.
867 1838 894 1900 4,
913 1835 959 1891 62.
982 1835 1009 1901 6,
1028 1837 1046 1890 3
1065 1871 1072 1888 .
1108 1831 1328 1903 „Quadruplex
1354 1831 1398 1886 da-

177 1911 228 1958 tur
245 1913 393 1960 structura
413 1905 514 1960 eodem
531 1907 595 1962 fere
614 1924 710 1974 sensu,
730 1907 845 1962 diversa
863 1914 961 1960 tamen
980 1905 1130 1959 relatione.
1168 1903 1307 1958 Modicus
1326 1921 1398 1958 aeae-

178 1977 281 2030 ritatia
299 1977 465 2102 oppositum
483 1976 571 2032 habet
589 1979 767 2032 imnmdicum
785 1977 961 2044 seueritatia3
984 1977 1109 2032 modicus
1135 1975 1287 2030 acaecitate
1313 1993 1399 2048 oppo-

178 2048 268 2104 situm
285 2066 329 2102 mo
351 2049 426 2102 icum
449 2049 499 2104 rel
527 2065 581 2103 non
600 2051 740 2104 naadicum
764 2049 885 2107 aliare.
922 2047 1062 2104 Formula
1079 2049 1206 2103 modicae
1232 2049 1399 2102 seueritatis

177 2119 261 2186 dicit,
281 2121 361 2175 inter
378 2119 462 2189 alios,
481 2138 604 2192 quorum
625 2121 702 2177 dicta
722 2130 750 2176 et
768 2123 845 2176 iacta
871 2121 908 2176 ad
926 2121 1068 2176 modicam
1093 2121 1261 2194 pertineant
1288 2122 1399 2176 severi-

178 2199 277 2260 tatem,
297 2193 386 2246 otiam
405 2209 468 2246 esse
487 2193 688 2260 Gaetulicum,
712 2193 825 2248 modica
848 2194 998 2248 severitate
1025 2191 1107 2260 dicit,
1130 2189 1260 2246 hominis
1289 2193 1400 2246 severi-

176 2269 266 2316 tatem
291 2263 434 2318 modicam
460 2281 531 2318 osse.
570 2265 631 2318 Hoc
651 2265 715 2320 loco
741 2274 785 2320 est
803 2265 930 2320 modicae
957 2263 1118 2330 severitate,
1146 2264 1212 2336 quia
1238 2266 1400 2348 opponitur

176 2335 281 2400 effuaae
300 2333 463 2388 clementiae
482 2337 543 2392 sive
563 2353 618 2390 non
635 2333 762 2392 modicus
786 2337 960 2392 clenaentiae.
1005 2336 1067 2390 lam
1093 2335 1235 2408 quomodo
1258 2335 1401 2390 differant

107 2423 111 2439 ·
176 2407 280 2472 effusae
299 2407 463 2460 clementiae
482 2416 512 2462 et
528 2407 653 2462 modicus
676 2409 838 2475 seueritate,
863 2410 979 2480 quaerit
996 2407 1150 2462 Ernestius
1175 2416 1203 2460 et
1227 2407 1400 2470 arbitratur,

176 2479 292 2544 effusam
310 2479 486 2532 clenentiam
505 2497 566 2534 esse
585 2482 617 2534 in
636 2481 846 2536 condonatione
864 2490 914 2534 aut
932 2480 1052 2534 levitate
1070 2496 1239 2550 poenarum,
1259 2479 1401 2530 seuerita-

176 2547 216 2602 tie
240 2550 462 2604 moderationem
489 2551 521 2603 in
548 2551 722 2623 disciplinae
753 2551 892 2606 militaris
916 2569 1020 2622 parum
1047 2559 1181 2604 accurata
1206 2557 1236 2606 et
1259 2551 1326 2604 aori
1354 2569 1401 2603 ex·

176 2621 297 2676 actione.
335 2621 429 2676 Immo
448 2621 623 2678 describitur
641 2625 698 2688 vir,
718 2623 749 2675 in
769 2641 825 2693 quo
844 2621 1002 2676 clementia
1020 2629 1049 2674 et
1068 2623 1207 2676 severitas
1235 2627 1305 2672 sunt
1331 2638 1402 2674 con-

176 2694 301 2760 iunctae,
320 2692 349 2746 b.
366 2711 391 2748 e.
412 2693 464 2764 qui
482 2694 560 2746 iusto
580 2703 711 2765 tompore
731 2694 903 2748 clementem
923 2703 972 2750 aut
990 2711 1121 2748 severum
1141 2711 1171 2746 se
1198 2691 1331 2764 praebet,
1362 2693 1401 2744 ita

175 2771 282 2829 tamen,
307 2773 340 2815 ut
365 2765 536 2820 clementiae
562 2765 680 2820 modum
703 2767 767 2818 iere
795 2764 911 2818 nullum
938 2773 1046 2831 teneat,
1073 2765 1105 2816 in
1123 2765 1281 2818 severitate
1299 2771 1401 2817 sutem

176 2835 294 2888 modum
317 2851 376 2890 non
401 2835 535 2900 excedam
566 2837 663 2890 rninus
687 2853 804 2892 severus
832 2853 917 2905 quam
941 2837 1080 2900 clemens,
1115 2852 1209 2906 neque
1233 2843 1334 2888 temen
1369 2835 1400 2887 ab

175 2907 255 2960 omni
275 2907 429 2962 severitate
447 2907 568 2960 alienus.
607 2907 754 2984 Augustus
773 2915 876 2960 contra
892 2914 1031 2975 patronus
1057 2908 1238 2976 dominusque
1263 2923 1321 2960 non
1348 2906 1401 2956 mi-

175 2979 229 3032 nua
247 2995 369 3045 secema,
390 2993 472 3048 qnam
490 2977 588 3046 [acilia
607 2988 633 3033 et
653 2981 770 3034 alemena
789 2996 833 3050 ap.
855 2975 934 3031 Suet.
955 2996 980 3032 c.
1000 2977 1067 3037 67.“
1088 2977 1193 3032 Waltla.
1215 3011 1247 3020 -
1263 2977 1401 3046 proximo

194 3067 282 3120 noque
301 3049 438 3104 armcitue'
457 3049 631 3105 Germaniae
649 3051 798 3105 inferioris
818 3047 858 3111 (v.
878 3049 914 3104 ad
932 3053 958 3114 l,
978 3053 1022 3118 3Ι,
1043 3055 1067 3106 l.
1089 3058 1118 3104 et
1137 3049 1172 3103 G.
1193 3053 1218 3104 1.
1239 3067 1270 3102 n.
1288 3051 1330 3112 1.)
1349 3067 1401 3119 per

175 3068 206 3176 i..
227 3121 387 3184 Apronium
413 3121 474 3175 eius
497 3131 727 3192 propraetorem.
754 3119 798 3174 Cf.
817 3123 845 3187 4,
865 3123 899 3177 73
917 3139 963 3192 pr.
998 3156 1031 3168 -
1059 3123 1132 3174 unde
1155 3123 1233 3189 fama
1252 3127 1399 3184 constans,

175 3209 202 3246 r.
223 3193 259 3246 ad
276 3192 347 3270 Agr.
367 3197 410 3250 27.
438 3211 465 3245 ιι.
486 3197 511 3248 1.
544 3221 576 3230 -
602 3207 700 3247 aunem
724 3208 789 3247 eum
817 3209 879 3246 esso
907 3193 1021 3249 mittere
1043 3195 1082 3246 ad
1108 3193 1258 3248 Caesarem
1282 3194 1400 3250 literas,

173 3279 211 3318 ac.
244 3265 275 3318 in
304 3263 407 3336 quibua
438 3263 622 3388 scripsissem
655 3266 726 3318 Era.
765 3264 810 3320 (tf.
838 3264 874 3316 ad
903 3263 938 3318 H.
964 3270 996 3330 4,
1021 3269 1121 3346 alul.
1161 3297 1193 3308 ·-
1223 3264 1401 3330 affinitatem

172 3333 228 3390 aiii
254 3343 387 3405 coeptam,
419 3355 448 3390 v.
474 3355 489 3390 a
534 3353 560 3390 c.
581 3339 624 3394 15.
649 3356 678 3396 n.
697 3339 723 3394 3.
752 3345 782 3392 et
799 3334 861 3391 lna.
882 3335 936 3389 111.
965 3357 993 3392 v.
1018 3337 1139 3390 Datruue
1163 3335 1350 3390 subiectione.
1369 3367 1399 3376 -

174 3407 315 3462 indicium
338 3410 450 3474 mortis,
467 3407 673 3468 ¹indictionem
696 3410 811 3474 mortis,
843 3407 984 3464 indictam
1008 3417 1149 3476 martem,
1175 3407 1263 3462 Gron.
1303 3409 1400 3462 Immo

116 3527 119 3536 ,
175 3480 291 3556 signmn
310 3483 414 3534 mortis
434 3481 489 3534 sibi
508 3481 707 3546 imminentis,
726 3480 796 3536 Ern.
834 3479 878 3532 Ita
896 3495 921 3532 c.
941 3483 984 3538 4⁰.
1005 3481 1079 3551 quod
1096 3486 1126 3532 ut
1154 3482 1270 3548 signum
1297 3481 1401 3534 mortis

174 3551 349 3604 intellexere.
386 3547 607 3605 Freinshemius
627 3552 703 3606 coni.
731 3551 878 3616 iudicium,
898 3560 930 3604 ut
950 3569 1049 3606 sensus
1068 3551 1119 3604 sit:
1138 3569 1224 3622 quam
1245 3552 1270 3604 si
1291 3553 1401 3624 capitis

174 3639 241 3676 reus
260 3623 402 3676 iudicatus
422 3630 497 3676 esset
516 3636 604 3691 eaque
623 3641 708 3677 causa
726 3632 871 3688 evocatus,
893 3632 926 3676 ut
946 3623 1124 3694 supplicium
1149 3623 1185 3677 de
1209 3642 1239 3677 se
1265 3642 1401 3678 sumere·

173 3703 231 3746 tur.
251 3726 283 3736 -
302 3693 464 3747 Firmarent
486 3725 517 3734 -
536 3694 680 3760 retineret,
701 3697 739 3747 ot.
759 3695 795 3748 ad
814 3699 858 3761 11,
877 3697 903 3759 6,
924 3699 948 3750 l.
976 3727 1008 3737 -
1034 3695 1130 3763 magis
1154 3697 1232 3762 tanea
1256 3711 1349 3766 quam
1376 3694 1402 3748 rt

131 3807 134 3812 a
173 3773 251 3829 ctare
269 3781 316 3819 rea
334 3777 410 3830 arena,
430 3781 459 3816 r.
478 3765 514 3818 ad
532 3767 559 3831 3,
579 3767 623 3830 12,
641 3767 666 3822 3.
693 3781 776 3836 quam
793 3765 916 3820 uisitare
933 3782 981 3819 ree
999 3782 1067 3820 auae
1088 3765 1145 3822 MS.

597 3919 790 3976 CAPUT
842 3922 962 3976 xxxt.

254 4026 290 4091 G.
314 4027 438 4106 Cestio,
462 4027 512 4090 Μ.
538 4027 684 4091 Servilio
714 4027 803 4092 Coss.
834 4031 963 4094 nobiles
983 4031 1099 4092 Parthi
1127 4033 1160 4092 in
1183 4029 1314 4093 Urbem
1344 4053 1401 4094 ve-

113 4123 117 4134 “
173 4129 254 4174 nore
280 4113 398 4194 ignaro
428 4130 507 4210 rege
534 4111 713 4175 Artabano.
757 4113 789 4175 Ia
821 4121 913 4176 metu
941 4112 1133 4176 Germanioi
1161 4111 1247 4175 fidus
1278 4113 1401 4178 Roma-

175 4193 237 4268 nia,
258 4193 441 4272 aequabilis
470 4215 505 4254 m
527 4213 616 4270 suos,
650 4215 725 4257 mox
756 4197 946 4279 superbiam
974 4199 1010 4258 in
1043 4217 1115 4271 nos,
1151 4198 1330 4260 saevitiam
1367 4201 1401 4260 in

173 4271 350 4352 populares
377 4277 527 4358 sumpsit,
559 4277 665 4341 iratus
697 4279 804 4357 bellis,
832 4283 915 4362 quae
942 4279 1085 4342 secunda
1115 4279 1297 4344 adversum
1333 4285 1401 4343 cir·
1436 4309 1437 4362 g
