2868 4792
246 239 389 306 CAPUT
409 239 451 306 11.
473 241 532 308 111.
575 239 683 321 (1.11.
698 242 770 309 773.
793 243 831 306 Δ.
845 239 881 310 C.
896 241 964 322 to.)
1172 247 1234 315 25⁷

44 413 132 458 restem
154 405 225 484 sing.
250 423 305 478 pro
327 407 405 478 plur.
432 407 472 472 (v.
498 405 563 460 Iud.
591 405 645 465 111.
668 423 697 462 r.
721 405 861 460 reims
878 405 963 477 Sing.
984 423 1040 476 pro
1065 409 1158 479 Piur.)
1176 411 1234 466 uisi

45 476 92 552 leg.
109 484 201 544 uestes,
220 485 255 530 ut
272 477 309 530 G.
328 482 362 533 ti
381 493 427 550 pr.
446 511 479 522 -
516 478 629 533 diuersa
653 479 767 547 oppidu,
791 477 860 544 alia,
884 479 932 532 vet
956 487 1076 534 amota.
1104 499 1134 535 r.
1152 483 1188 536 ed
1204 486 1233 549 7,

43 548 78 611 66,
95 552 116 602 1.
134 579 165 592 -
201 549 262 603 diis
278 547 414 602 Manibus
433 547 525 620 ipsius
543 549 723 616 Germanici,
748 549 797 603 vel
815 549 957 613 omnibus,
977 557 1012 602 ut
1030 551 1058 604 ei
1076 551 1184 622 piscati
1200 569 1235 607 ac

42 619 148 688 propitii
170 619 379 686 redderentur,
406 620 486 674 Mur.
507 651 539 664 -
576 619 705 674 lacrimis
731 627 758 672 et
783 621 1063 689 contestationibus,
1090 639 1119 675 r.
1143 623 1179 677 ad
1196 624 1233 678 11.

41 691 62 751 4,
78 693 99 753 1,
115 693 140 746 3.
158 707 190 734 -·-

98 799 122 851 3.
142 795 409 852 Terreeiaem'edd.
434 805 493 856 ret.
521 805 551 852 et
575 813 633 853 rec.
656 795 840 852 Terracinam
861 798 925 852 edd.
949 801 1028 872 Lipr.
1048 799 1134 854 Grut.
1154 801 1232 860 Picis.

41 865 248 921 admeruissem
267 868 324 922 MS.
362 868 418 923 Sed
438 866 598 922 Tarracina
625 867 660 920 11.
679 871 707 935 3,
731 873 776 926 57.
796 871 840 924 ou.
867 873 909 926 76.
930 872 974 927 77.
994 873 1029 925 86
1047 871 1085 923 al.
1105 873 1137 925 iu
1155 871 1233 926 MSS.

40 944 63 988 et
77 937 132 991 edd.
149 947 206 994 ret.
229 942 370 1010 Ταρακίνη
388 939 479 994 Str-sb.
499 941 532 992 V.
550 957 580 1010 p·
599 942 661 995 tea.
683 971 715 984 «-
752 939 888 994 Consules
903 940 947 994 M.
972 941 1105 998 Valerius
1130 945 1235 998 Messa·

40 1004 103 1060 Unus
125 1015 150 1060 et
174 1009 207 1063 0.
231 1009 369 1065 Aurelius
393 1009 484 1066 Cotta.
509 1028 537 1062 r.
561 1009 597 1063 ad
619 1010 646 1076 7,
671 1013 715 1076 33,
744 1015 768 1067 1.
806 1011 837 1066 C.
862 1012 999 1066 Aurelius
1026 1011 1086 1066 MS:
1106 1013 1148 1067 ed.
1168 1013 1232 1068 Ber.

39 1075 113 1132 Rhea.
131 1087 199 1146 tres,
217 1081 283 1134 Ald.
304 1081 419 1154 Gryph.
440 1091 469 1134 et
487 1097 544 1136 rec.
562 1079 607 1133 Μ.
627 1081 761 1134 Aurelius
779 1081 840 1136 edd.
860 1081 934 1135 med.
963 1101 998 1137 ex
1023 1083 1234 1150 emendatione,

39 1147 107 1201 ducta
124 1167 138 1202 e
155 1151 287 1253 catalopo
300 1153 378 1207 Coss.
399 1153 430 1206 in
446 1151 549 1206 Diouis
568 1149 652 1204 libris
672 1159 701 1206 et
714 1151 892 1218 cassiodoro,
911 1169 1035 1224 quorum
1053 1170 1112 1208 non
1130 1171 1236 1230 magua

40 1225 74 1270 est
88 1223 270 1275 auctoritas.‘
287 1223 356 1277 Erre.
393 1221 473 1290 „Ille
490 1222 519 1274 h.
539 1223 559 1274 1.
579 1229 609 1275 et
636 1221 668 1274 in
692 1223 786 1276 Fastis
812 1225 1004 1295 praeponitur
1020 1233 1135 1294 patruo,
1165 1226 1234 1296 quia
1286 1265 1289 1276 ,

38 1287 120 1357 plures
139 1290 239 1346 hebuit
257 1293 372 1358 liberos,
392 1293 437 1360 (r.
457 1293 534 1348 Gell.
554 1295 581 1358 7,
601 1293 642 1348 15.
662 1292 697 1346 de
716 1293 781 1370 lege
799 1294 887 1364 Papia
905 1294 1045 1366 Poppaea)
1074 1293 1124 1348 sed
1142 1310 1167 1348 c.
1187 1297 1231 1352 17.

38 1362 70 1414 ld·
91 1371 151 1430 post
176 1381 243 1418 eum
268 1365 442 1421 seutentiam
468 1372 599 1440 rogatur,
629 1365 706 1432 quod
729 1362 817 1416 huius
842 1373 956 1418 senatus
987 1374 1119 1436 tempore
1142 1369 1233 1420 fasces

37 1447 108 1498 penes
126 1433 247 1488 Cottam.
285 1435 369 1488 iilam
388 1437 422 1489 ob
441 1451 555 1489 causam
574 1435 605 1488 L.
625 1435 769 1488 Antistius
788 1434 847 1504 ipsi
864 1435 975 1490 Neroni
993 1436 1184 1506 praeponitur
1201 1439 1234 1491 in

38 1501 109 1554 inser.
127 1513 183 1558 ant.
204 1525 249 1578 ap.
270 1507 377 1562 Grut.“
393 1505 478 1576 tepet.
498 1505 534 1560 ad
551 1507 577 1572 3,
597 1505 639 1560 17.
661 1537 692 1548 -
730 1505 789 1558 ium
816 1505 890 1558 enim
911 1507 1116 1574 mgistratum
1141 1504 1234 1560 occoe-
1293 1525 1294 1528 ¹

37 1581 138 1636 pereni:
163 1594 235 1654 ergo
254 1577 389 1631 Ianuario
407 1575 479 1630 baec
505 1594 604 1630 meuse
665 1582 725 1642 stas
759 1575 838 1644 lips.
875 1583 1055 1648 occoeperent
1079 1577 1140 1630 edd
1166 1579 1231 1633 Ber.

37 1641 99 1713 Lips.
116 1655 189 1716 post.
209 1657 238 1702 et
262 1666 319 1702 rec.
348 1653 512 1718 occeperunt
536 1647 598 1702 edd.
649 1645 715 1699 hen.
741 1645 806 1702 Ald.
832 1647 866 1698 Li
889 1665 912 1700 s.
932 1649 956 1701 1.
979 1677 999 1688 -
1046 1647 1192 1714 „Disiecti
1209 1665 1231 1702 s.

39 1717 122 1782 sparsi,
141 1715 179 1784 (v.
200 1719 236 1772 ad
254 1724 280 1787 1,
300 1721 344 1784 32,
363 1717 736 1787 2)eousu1esetsenetes,
760 1717 811 1788 qui
831 1665 927 1771 soiint
945 1717 1048 1772 ordine
1068 1727 1097 1774 et
1115 1733 1234 1792 compo·

38 1783 80 1837 site
96 1785 229 1844 incedere
248 1809 271 1842 e.
283 1799 369 1856 stare,
389 1792 458 1860 quia
475 1787 524 1842 vel
539 1795 640 1872 sponte
659 1796 808 1853 venerant,
827 1787 875 1842 vel
894 1789 1073 1844 testabantur
1090 1789 1232 1856 dolorem,

37 1855 73 1905 cui
88 1861 216 1914 mutacio
236 1859 371 1915 adhaeret
388 1879 443 1915 uec
460 1861 573 1940 decorps
592 1875 660 1912 cura
679 1857 753 1914 est.“
771 1857 849 1928 Lips.
868 1857 960 1912 Possis
979 1859 1120 1922 etiamad
1138 1861 1233 1916 solum

37 1929 155 1994 populum
179 1933 307 1998 reterre3
337 1932 407 1984 Era.
434 1962 462 1974 -
509 1931 608 1983 aberet
631 1930 733 1999 quippe
759 1930 905 1984 adulatio.-
941 1931 1139 2001 incompositi,
1168 1933 1233 1986 siue

37 2004 94 2060 ute,
111 2000 171 2054 siue
189 2002 348 2056 ambitione
367 2011 452 2074 atque
470 2010 503 2054 ut
522 2009 625 2054 natura
643 2001 735 2061 debat,
755 2000 934 2066 incedebant,
954 2002 1023 2070 quia
1040 2019 1109 2055 vere
1129 2011 1158 2056 et
1176 2003 1232 2056 sibi

36 2064 162 2142 lugebant,
190 2088 249 2124 non
277 2073 401 2126 dolendo
422 2072 612 2126 adulabantur
635 2068 797 2136 Tiberium,
832 2071 884 2152 qui
910 2070 1063 2124 tristitiam
1087 2071 1230 2150 tingebat

36 2134 105 2191 droa.
125 2173 156 2184 -
191 2143 298 2212 gnaris
316 2143 453 2211 omnibus,
473 2143 512 2197 ci.
531 2141 595 2195 Iud.
614 2139 668 2196 111.
687 2158 716 2194 r.
737 2141 886 2195 Adiectum
903 2139 935 2194 iu
952 2147 1031 2196 serto
1049 2157 1125 2196 casu.

463 2311 773 2370 ceruum.

101 2437 258 2502 Tiberius
279 2449 379 2522 atque
400 2438 547 2525 Augusta
577 2439 710 2522 publico
738 2439 938 2517 abstinuere,
967 2440 1106 2502 interius
1131 2439 1231 2502 maie-

33 2523 179 2584 itatenus
201 2525 280 2602 rati,
310 2525 338 2584 si
366 2523 474 2606 palam
491 2523 775 2602 dementarentur,
810 2540 853 2582 an
881 2541 924 2582 ne
950 2523 1097 2584 omnium
1123 2523 1230 2585 oculis

34 2603 144 2665 ruitum
175 2623 293 2668 eorum
320 2605 545 2667 scrutantibus
574 2605 647 2666 salsi
676 2605 953 2686 intelligerentur.
996 2603 1142 2666 Matrem
1164 2607 1231 2666 Au-

33 2685 139 2747 touiam
152 2709 219 2756 nou
243 2687 330 2770 epud
346 2699 640 2764 auctoresrerum,
663 2707 729 2748 nou
749 2685 868 2747 diurne
885 2694 1037 2749 actorum
1061 2690 1231 2770 scriptura

34 2769 151 2844 reperio
183 2771 254 2833 uilo
283 2771 407 2857 insigni
433 2771 538 2832 officio
566 2773 724 2848 iunctam,
755 2789 856 2851 quum
887 2789 997 2852 super·
1010 2771 1229 2856 Agrippinam

33 2852 58 2904 ti
76 2848 218 2916 Drusum
241 2861 274 2916 et
296 2853 470 2917 Claudiurn
492 2853 597 2916 ceteri
623 2872 753 2936 quoque
775 2855 1011 2938 consanguinei
1036 2855 1229 2918 nominatim

33 2937 197 3018 perscripti
218 2937 302 2998 siuts
324 2957 383 2998 seu
405 2935 592 3000 valetudine
613 2933 902 3018 praepediebatur,
925 2955 985 2996 seu
1008 2937 1115 2998 victus
1136 2937 1230 2996 luctu

32 3014 143 3080 animus
165 3018 426 3105 magnitudinem
448 3019 528 3081 mali
550 3021 706 3161 perferre
734 3018 809 3078 uisu
837 3035 903 3076 uon
930 3017 1096 3078 toleravit
1140 3018 1229 3078 Faci-

32 3090 86 3154 lius
104 3099 315 3180 crediderim,
337 3103 476 3164 Tiberio
498 3109 531 3163 et
580 3109 711 3186 agusta,
733 3099 789 3182 qni
810 3095 908 3159 domu
929 3119 995 3159 uon
1017 3097 1228 3178 excedebant,

31 3176 207 3256 cohibitam,
239 3192 278 3245 ut
328 3205 366 3247 ar
394 3203 530 3246 moeror
557 3193 590 3245 et
616 3183 732 3244 metris
761 3181 911 3266 exemplo
940 3183 1016 3243 avie
1045 3199 1174 3266 quoque
1195 3189 1229 3244 et

32 3269 155 3338 patruus
176 3268 315 3330 attinent
342 3265 548 3330 uiderentur.

89 3386 114 3438 1.
138 3385 282 3456 Auguste,
306 3386 400 3453 Liris,
425 3393 518 3441 mater
539 3382 660 3438 Tiberii.
684 3413 712 3438 .-
748 3379 859 3451 publico
885 3379 1047 3435 abstinuere
1065 3397 1105 3448 se,
1130 3388 1164 3434 ut
1181 3398 1227 3452 sp.
1301 3447 1306 3454 .

32 3445 96 3506 Suet.
116 3455 216 3511 Claud.
235 3461 279 3516 36.
316 3458 366 3513 Sic
383 3465 413 3510 et
429 3458 462 3510 irs
476 3457 587 3526 mettim
604 3452 717 3509 uersari
734 3452 790 3506 ini.
809 3453 853 3518 1⁵,
871 3453 915 3509 69.
935 3459 965 3505 et
981 3452 1092 3520 egredi,
1108 3451 1229 3520 prodire

33 3527 56 3570 tt
70 3538 96 3578 se
108 3529 262 3598 proripere
279 3530 311 3583 iss
326 3529 476 3600 publicum,
506 3537 539 3582 ut
562 3535 656 3580 contr.
681 3541 711 3577 se
734 3523 885 3593 proripere
903 3539 937 3575 en
951 3523 1069 3591 priuato
1091 3523 1227 3594 aprisir.
1274 3541 1278 3546 ’

31 3593 105 3652 1,33-
123 3602 168 3656 it.
189 3605 216 3666 6,
233 3603 278 3657 65.
297 3605 323 3668 9,
343 3605 369 3655 7.
390 3608 419 3653 et
437 3601 476 3653 al.
495 3597 616 3669 Proprie
631 3597 773 3664 pubiicum
791 3602 887 3648 rectae
912 3601 941 3647 et
966 3593 1041 3648 latae
1059 3593 1146 3648 Urbis
1162 3594 1229 3650 rinc

32 3659 165 3735 dicuntur,
185 3689 256 3744 quse
271 3673 401 3741 publicae
419 3678 511 3736 erant,
536 3677 570 3722 ut
592 3675 693 3720 contm
717 3665 849 3734 priuatus
874 3664 957 3718 aedes
982 3665 1019 3717 iis
1036 3681 1227 3748 annexae..-

31 3747 108 3791 etse
125 3751 182 3795 cet.
206 3745 296 3797 raead
318 3747 345 3808 2,
368 3744 413 3808 38,
432 3745 459 3798 5.
478 3773 511 3784 -
547 3739 628 3806 fulsi,
657 3756 684 3790 r.
710 3737 746 3790 ad
774 3741 799 3800 1,
822 3741 848 3796 7,
871 3741 896 3791 1.
931 3735 1058 3789 Matrem
1073 3736 1229 3804 Ameriam

31 3807 172 3877 minorem,
200 3815 346 3879 „Antonii
368 3813 473 3868 iiiviri
490 3812 593 3876 tiliam,
610 3816 731 3879 nuptam
749 3807 821 3862 olim
837 3805 943 3871 Druso,
961 3807 1039 3876 patri
1049 3807 1226 3861 Germanici.

31 3871 66 3928 De
81 3895 111 3933 ea
128 3901 157 3935 r.
179 3885 250 3939 Ptin.
271 3889 297 3950 7,
318 3888 361 3941 18.
381 3893 410 3939 et
427 3884 490 3936 Vsl.
510 3885 583 3936 Max.
601 3883 628 3946 4,
647 3883 674 3944 3,
694 3877 742 3934 3.“
759 3875 838 3945 Lipe.
857 3909 890 3920 »-
927 3877 1003 3946 apud
1029 3884 1157 3932 auctores
1173 3892 1228 3960 're-

31 3963 82 4001 mu
104 3951 306 4020 Romanarum,
329 3955 497 4020 historicos,
531 3961 563 4006 ut
580 3956 607 4017 3,
625 3954 668 4006 33.
688 3957 718 4002 et
735 3952 779 4013 14,
797 3951 847 4012 64,
872 3948 941 4002 iim.
978 3947 1117 4003 Auetsres
1141 3957 1229 4002 etiam

30 4017 114 4091 simpl.
134 4023 275 4082 dicunntur
292 4028 457 4096 scriptores,
486 4031 520 4078 nt
537 4026 564 4090 5,
583 4027 608 4079 3.
628 4023 660 4075 Ο.
685 4022 728 4076 79.
754 4018 876 4086 Quintil·
905 4023 932 4084 1,
951 4020 993 4072 17.
1014 4023 1058 4085 ld,
1077 4021 1104 4084 6,
1123 4021 1149 4072 8.
1174 4033 1229 4072 nee

31 4094 133 4148 tntum
150 4095 209 4150 boc
225 4097 343 4154 demunt
360 4114 441 4163 sero,
460 4095 538 4168 quod
556 4092 674 4150 Sebule.
694 4090 730 4146 sd
748 4089 778 4143 0.
789 4093 832 4146 29.
853 4087 1052 4156 contendebat,
1072 4087 1229 4143 sedetiam

29 4167 557 4236 aueo,r.c.niv.1,ae.a‚e.tt,
582 4167 625 4222 ib.
651 4195 685 4206 -
721 4160 828 4214 diurne
854 4165 983 4212 cetorum
998 4160 1151 4229 ,scriptura
1173 4173 1229 4231 pre

30 4229 56 4281 ia
71 4234 240 4294 diurnorum
256 4255 282 4294 s.
302 4257 370 4305 scr,
394 4239 504 4311 (propr.
524 4237 601 4304 opud
625 4235 795 4288 diurnorum
813 4236 940 4284 aetorum
957 4231 1123 4300 scriptores)
1145 4231 1230 4285 cuirss

29 4302 133 4362 forme
152 4310 244 4365 muts
261 4311 395 4384 exempta
412 4309 489 4382 apud
506 4307 653 4381 prosaicos
675 4301 763 4357 buius
781 4302 898 4367 setstirr
921 4299 993 4358 Ere.
1031 4301 1087 4358 Sed
1106 4310 1137 4358 et
1153 4299 1230 4372 apud

59 4395 124 4460 Opp-
149 4397 214 4451 Tac.
236 4401 265 4454 T.
281 4401 302 4456 1,
966 4379 1005 4439 ¹7
