2904 4798
143 171 206 240 488
539 171 782 238 ANNALlUM
811 173 894 238 tas.
918 173 977 237 vl.

613 338 805 394 CAPUT
851 339 888 392 x.

225 446 279 511 Ne
300 451 439 512 sentinae
460 447 593 532 quidem
615 456 763 512 exsortes
785 447 936 530 periculi.
979 448 1051 512 (lua
1084 445 1296 528 occupandae
1319 449 1369 510 rei

144 530 297 614 publicae
318 534 415 620 argui
437 553 505 594 non
550 539 693 610 sterant,
717 531 759 594 ob
782 531 934 592 lacrimas
956 531 1208 608 incusabantur,
1234 540 1369 596 necata·

144 635 206 698 qne
228 623 278 678 est
298 633 380 678 anus
406 615 501 678 Vitia
522 551 606 678 iuni
628 615 760 679 Gemini
781 621 899 692 mater,
928 613 1017 695 quod
1037 613 1097 674 lilii
1119 633 1232 676 necem
1254 617 1369 676 fleuis-

143 705 203 760 set.
248 697 341 762 Haec
362 697 450 782 apud
472 705 637 764 senatum:
668 717 729 760 nec
759 717 853 759 secus
883 695 972 778 apud
992 695 1183 777 Principem
1205 697 1369 758 Vescula-

144 782 215 844 rius
235 781 368 844 Atticus
389 801 427 844 ac
449 781 553 843 lulius
574 779 728 844 Marinus
750 779 791 843 ad
813 788 954 841 mortem
982 789 1138 865 aguntur,
1167 799 1187 841 e
1208 783 1367 842 vetustis-

143 865 236 926 simis
266 865 492 942 familiarium,
532 862 685 928 Rhcdum
714 865 821 926 secuti
849 871 884 926 et
911 861 999 945 apud
1021 860 1164 944 Capreas
1185 862 1368 926 individui.

141 947 358 1010 Vescularius
390 945 586 1010 insidiarum
607 949 642 1010 in
663 946 827 1008 Libonem
849 947 1093 1008 internuntium
1126 945 1262 1008 Marino
1291 965 1368 1030 par-

142 1032 244 1112 ticipe
271 1029 410 1092 Seianus
442 1028 598 1092 Curtium
626 1029 775 1091 Atticum
803 1037 1024 1111 oppresserat.
1075 1028 1148 1094 Quo
1170 1029 1291 1092 laetius
1312 1048 1370 1091 ac·

143 1121 288 1196 ceptum,
311 1133 370 1175 sua
393 1114 542 1196 exempla
564 1115 597 1173 in
620 1113 828 1175 consultores
851 1109 1020 1174 recidisse.

223 1197 288 1258 Per
309 1195 397 1259 idem
418 1205 546 1280 tempus
567 1196 606 1258 L.
628 1197 705 1259 Piso
727 1197 888 1278 pontifex,
919 1215 1032 1258 rarum
1060 1197 1095 1256 in
1115 1203 1209 1256 tanta
1229 1195 1369 1258 claritu-

142 1278 232 1358 dine,
267 1282 335 1342 fato
363 1281 457 1356 obiit,
493 1279 620 1342 nullius
648 1281 781 1342 servilis
807 1281 990 1342 sententiae
1019 1287 1136 1360 sponte
1169 1287 1290 1342 auctor
1322 1289 1369 1356 et,

144 1365 297 1444 quotiens
319 1365 497 1426 necessitas
529 1366 716 1450 ingrueret,
741 1364 912 1443 ¹sapienter
940 1360 1127 1424 moderans.
1171 1361 1305 1424 Patrem
1336 1365 1369 1424 ei

143 1449 331 1509 censorium
354 1447 454 1510 fnisse
475 1447 675 1508 memoravi:
707 1453 796 1508 aetas
818 1445 859 1506 ad
881 1446 1119 1530 octogesimum
1140 1463 1263 1506 annum
1286 1465 1369 1526 pro-

144 1532 260 1591 cessit:
288 1528 387 1592 decus
409 1529 611 1612 triumphale
638 1531 673 1588 in
695 1527 840 1590 Thracia
868 1537 1048 1593 meruerat.
1093 1526 1158 1589 Sed
1185 1531 1369 1612 praecipua

143 1631 182 1674 ex
212 1631 251 1674 eo
273 1613 392 1700 gloria,
421 1611 509 1696 quod
536 1613 723 1692 praefectus
745 1609 829 1672 Urbi
858 1629 973 1673 recens
1000 1614 1192 1672 continuam
1219 1619 1367 1694 potesta-

142 1703 209 1758 tem
232 1703 266 1758 et
287 1697 465 1758 insolentia
487 1693 626 1778 parendi
647 1697 840 1782 graviorem
861 1696 947 1756 mire
968 1696 1178 1778 temperavit.

173 1849 175 1854 .
213 1819 237 1870 1.
259 1816 317 1870 Qua
335 1813 373 1867 id.
393 1813 440 1885 qd.
460 1819 604 1880 patenum
625 1811 718 1868 Heius.
755 1811 869 1878 ‚ellectu
889 1821 922 1866 ut
935 1799 1016 1886 (1ηῇ
1035 1821 1172 1884 sequente
1190 1812 1239 1867 vel
1258 1815 1368 1868 omisso

142 1883 239 1942 vocab.
259 1879 350 1957 ταύτῃ,
371 1887 408 1938 ci.
428 1885 527 1962 Vigor.
554 1901 578 1940 c.
598 1887 623 1940 2.
653 1901 715 1959 reg.
740 1885 786 1940 8.“
815 1884 920 1938 Wnitd.
958 1877 1006 1937 Sic
1024 1901 1077 1953 pua
1094 1903 1138 2008 ap.
1166 1885 1228 1938 Liv.
1247 1889 1294 1948 39,
1320 1888 1366 1942 48.

141 1957 223 2011 Ovid.
251 1959 319 2012 lllet.
343 1960 370 2022 9,
396 1959 456 2014 455.
486 1958 547 2012 509.
575 1963 605 2009 et
629 1955 666 2008 al.
712 1956 782 2011 Quis
804 1958 879 2010 coni.
907 1958 981 2008 Mur.
1006 1964 1035 2010 et
1061 1955 1111 2009 Pio
1134 1999 1140 2011 .
1180 1958 1254 2012 Quae
1277 1957 1367 2010 Huet.

142 2029 253 2086 wando
271 2029 377 2082 Kiessl.
402 2061 435 2072 -
454 2029 625 2094 occupandae
641 2027 683 2080 rei
699 2043 728 2094 p.
748 2028 842 2092 argui,
861 2045 889 2080 v.
909 2028 944 2081 ed
964 2032 989 2092 l,
1009 2030 1052 2092 14,
1072 2031 1098 2081 l.
1129 2053 1160 2066 -
1183 2028 1217 2080 ob
1236 2028 1369 2081 lacrimas

139 2101 347 2154 incusabantur:
376 2101 456 2166 „Heu
474 2101 581 2153 misera
599 2099 727 2152 conditio
754 2098 805 2151 sub
823 2099 968 2169 mannis,
993 2099 1044 2152 ubi
1068 2115 1122 2153 noc
1145 2099 1223 2153 liber
1247 2099 1370 2154 liberri-

140 2191 205 2226 mus
224 2173 383 2228 affectuum
399 2171 489 2225 dolor.
519 2169 645 2224 Pulchre
663 2167 813 2224 Claudias.
833 2173 864 2222 in
883 2169 949 2226 llus.
969 2175 995 2236 1,
1013 2172 1075 2226 25⁷.
1100 2171 1230 2238 tacitique
1247 2173 1371 2239 sepultor

139 2244 285 2311 suspirant
302 2244 418 2308 gemitus
434 2241 627 2308 indignarique
642 2241 796 2296 ¹serentur.“
824 2241 898 2308 Lips.
932 2239 976 2293 Cf.
1005 2259 1030 2298 c.
1050 2244 1092 2298 19.
1121 2251 1150 2295 et
1176 2242 1212 2296 ad
1229 2241 1302 2320 Agr.
1321 2246 1368 2300 45.

139 2335 168 2370 n.
187 2319 213 2372 4.
244 2347 277 2360 -
303 2314 373 2380 fuat
398 2313 510 2374 Gnaini,
535 2330 563 2367 v.
583 2311 619 2365 ad
641 2313 670 2373 5,
690 2317 716 2377 1,
738 2318 762 2366 l.
787 2313 867 2376 vagii
885 2309 942 2365 ne.
980 2340 1013 2350 -
1042 2328 1129 2366 necem
1147 2313 1281 2380 fleuneet,
1308 2332 1370 2385 quo

138 2403 223 2444 sensu
247 2386 346 2449 deam
371 2385 460 2461 vulgo
487 2384 607 2438 dicitur.
639 2383 682 2436 Ci.
708 2383 771 2440 lnd.
799 2383 851 2440 111.
880 2402 908 2438 v.
931 2383 1023 2438 Verba
1046 2384 1132 2452 simpl.
1159 2401 1209 2452 pro
1227 2401 1311 2454 comp.
1333 2415 1369 2426 -

139 2459 217 2513 ilaec
243 2459 322 2512 Vitia
347 2457 418 2524 apud
441 2461 560 2508 senaim
584 2453 648 2508 scil.
675 2455 714 2508 ad
736 2461 841 2510 nortem
867 2454 970 2520 agitur.
997 2487 1030 2498 -
1062 2455 1236 2511 Vescularius
1253 2458 1370 2512 Atticae

139 2529 197 2586 MS.
224 2529 286 2583 edd.
314 2535 373 2584 vet.
398 2535 465 2581 ante
489 2523 569 2580 Pich.
595 2533 624 2580 et
650 2543 706 2580 rec.
736 2534 803 2597 post
826 2525 918 2596 llyck.
946 2526 979 2581 V.
999 2525 1114 2580 Flaccus
1141 2528 1203 2582 edd.
1222 2528 1306 2582 Picb.
1336 2540 1369 2584 et

139 2603 223 2666 aliae,
243 2601 310 2671 quia
329 2599 513 2653 Vescularius
532 2597 575 2650 bis
594 2598 709 2650 Flaccus
726 2597 893 2668 appellatur
909 2601 936 2664 2,
955 2601 999 2654 28.
1036 2597 1093 2653 Sed
1110 2599 1248 2722 duplicis,
1273 2603 1368 2656 imum

139 2673 269 2744 triplicis
296 2679 326 2725 et
350 2669 550 2742 quadruplicis
574 2671 756 2746 cognominis
782 2689 851 2724 usus
876 2669 952 2740 apud
970 2670 1111 2724 Rotnanos
1131 2687 1147 2725 o
1168 2673 1248 2734 vius;
1276 2673 1366 2743 Rycd.

138 2747 192 2798 His
233 2743 397 2796 ctissimum
416 2740 605 2811 temporibus.
632 2759 660 2793 v.
687 2741 722 2794 ad
740 2745 766 2804 3,
786 2743 830 2806 48,
849 2743 874 2796 2.
896 2745 939 2806 13,
967 2743 1010 2796 19.
1031 2743 1074 2806 15,
1093 2745 1136 2796 50.
1162 2751 1192 2796 et
1214 2743 1366 2800 Sir-moad.

139 2817 174 2870 ad
223 2814 299 2870 idon.
326 2815 357 2866 iu
383 2816 475 2882 praef.
513 2813 647 2866 Fortasse
673 2811 806 2866 &innato
833 2811 935 2866 Curtio
954 2813 1052 2866 Attico
1075 2813 1175 2868 Flacci
1199 2831 1234 2868 co
1276 2833 1368 2871 omen

139 2889 195 2942 sibi
214 2886 334 2950 ascivit;
351 2885 429 2937 Brot.
467 2885 603 2950 „Atticae
622 2903 657 2938 ex
676 2885 849 2961 cognomine
869 2884 962 2936 Crrrtii
980 2885 1080 2951 Attici,
1108 2887 1159 2956 qui
1185 2903 1243 2958 pan
1256 2903 1274 2940 o
1298 2898 1367 2958 post

138 2965 327 3022 memoratur,
355 2955 413 3008 huc
437 2963 564 3009 tractum
589 2956 706 3010 videtur
729 2963 758 3009 et
783 2955 844 3010 sive
868 2955 1023 3010 delendum
1051 2957 1112 3011 sive
1135 2959 1308 3012 mutandum
1333 2962 1367 3012 in

137 3030 281 3084 Fracent‘
300 3028 428 3082 Groslot.
449 3029 480 3080 in
500 3026 573 3098 Syll.
593 3027 690 3080 Burm.
710 3025 744 3082 ’1.
765 3027 788 3079 1.
807 3045 835 3098 p.
855 3029 918 3084 349.
951 3059 981 3072 -·
1001 3043 1015 3078 e
1034 3030 1223 3082 vetustissimis
1242 3031 1366 3094 faenilia.

136 3103 205 3156 riusa
229 3118 267 3154 sc.
288 3093 371 3158 ὄντες.
410 3100 454 3154 Cf.
484 3099 546 3154 lud.
569 3099 606 3153 11.
636 3119 664 3154 v.
685 3099 718 3164 E,
738 3117 757 3154 e.
796 3099 963 3164 familiarum
990 3097 1047 3152 MS.
1080 3129 1111 3140 —
1138 3101 1259 3154 Rhodum
1278 3106 1369 3156 semri

137 3173 301 3227 Tiberium.
322 3171 366 3224 Cf.
389 3177 413 3237 l,
432 3175 459 3228 4.
478 3173 520 3226 53.
542 3173 567 3236 2,
587 3173 629 3227 42.
652 3203 683 3214 -
702 3171 775 3236 apud
793 3171 915 3237 Capreas
939 3171 978 3236 (r.
998 3171 1033 3224 ad
1051 3173 1078 3236 3,
1097 3173 1143 3236 40,
1161 3171 1199 3236 2.)
1223 3173 1368 3228 individui

138 3244 298 3300 aTiberio.
329 3241 419 3310 (11.4,
439 3245 482 3299 58.
509 3273 541 3284 -
567 3241 741 3296 Vescularius
757 3242 916 3296 insidiarum
932 3242 964 3296 ia
980 3243 1014 3298 L.
1033 3243 1053 3296 i.
1072 3261 1100 3296 v.
1120 3247 1148 3310 2,
1166 3247 1209 3300 28.
1240 3273 1274 3283 -
1295 3246 1366 3300 Cur·

138 3317 201 3369 tinas
219 3316 349 3380 Atticam,
369 3333 396 3368 v.
417 3318 444 3380 4,
463 3315 504 3370 68.
527 3321 556 3367 et
575 3313 614 3366 ibi
633 3333 662 3370 n.
683 3318 708 3369 1.
721 3345 762 3378 Ἰ·-
781 3329 833 3366 eun
851 3314 969 3382 senapin
987 3315 1017 3366 in
1034 3315 1202 3368 consultores
1219 3316 1365 3383 recidisse,

138 3395 194 3453 „ut
211 3386 360 3454 parricidii
378 3385 520 3452 exemplum
545 3388 589 3450 13,
610 3389 644 3442 16
663 3393 737 3442 extr.
766 3385 876 3450 finitimi
894 3385 1035 3454 exemplum
1053 3389 1166 3440 raetiarut
1189 3388 1271 3442 Ovid.
1295 3391 1363 3444 blec

136 3462 163 3525 8,
185 3461 244 3515 lid.
264 3457 356 3525 suipue
379 3458 468 3510 uictor
494 3458 587 3524 aperis
611 3458 755 3524 exemplum
777 3456 883 3514 turns
905 3455 1094 3512 Seu..Troad.
1122 3477 1150 3512 v.
1169 3460 1250 3515 241.α
1277 3460 1364 3516 Gran.

137 3529 206 3596 „CL
227 3530 291 3582 Liv.
312 3531 338 3594 7,
357 3533 400 3586 38.
419 3532 463 3595 29,
482 3532 526 3585 at.
546 3527 629 3581 evit.
648 3529 712 3582 Am.
734 3533 761 3595 l,
780 3531 807 3593 4,
826 3531 920 3589 etet
938 3527 1006 3583 Seu.
1033 3529 1119 3584 Herc.
1144 3532 1203 3584 inr.
1227 3549 1256 3587 v.
1278 3533 1365 3588 135.ιι

139 3603 233 3670 Wopll.
271 3599 320 3654 Sic
345 3609 374 3654 et
400 3617 450 3653 sua
478 3601 586 3668 quisque
612 3599 731 3670 exempla
762 3599 838 3656 debet
868 3617 951 3668 aepuo
978 3600 1065 3656 animo
1095 3602 1156 3668 pati
1185 3601 1307 3658 Phaedr.
1337 3609 1365 3670 1,

135 3673 196 3739 ac.;
220 3673 286 3726 Era.
821 3689 830 3708 ·

205 3765 230 3820 2.
251 3761 304 3816 Per
322 3761 391 3818 idern
411 3767 509 3830 ternpus
529 3765 559 3815 L.
580 3761 755 3833 Calpurnius
774 3763 839 3817 Piso
851 3763 981 3832 pontifex
1008 3797 1039 3807 -
1060 3765 1119 3829 fato
1138 3765 1219 3818 obiit:
1247 3785 1363 3838 „wem

136 3836 292 3890 lectionem
310 3833 471 3888 Reeeonico
490 3833 635 3905 disquisit.
655 3833 728 3891 Plin.
752 3833 786 3887 Τ.
807 3835 830 3887 1.
851 3855 879 3908 p.
899 3837 960 3893 288.
987 3855 1016 3892 ιι.
1037 3839 1064 3892 3.
1093 3836 1224 3890 defendit
1248 3856 1286 3892 ex
1314 3841 1364 3892 in-

137 3907 236 3977 script.
262 3923 308 3976 ap.
335 3908 439 3958 llllurat.
466 3903 548 3959 Thes.
578 3907 665 3962 inser.
694 3925 723 3978 p.
743 3909 805 3963 584.
831 3909 864 3963 L.
885 3907 1050 3974 Calpurniae
1073 3907 1138 3960 Pisa
1156 3907 1261 3976 Pontis.
1284 3911 1363 3974 Coe,

136 3996 222 4050 quem
246 3985 329 4049 putet
354 3995 416 4032 esse
440 3975 518 4030 hunc
543 3977 638 4048 ipsum
663 3978 899 4033 dissentientibus
923 3977 1024 4032 blaffeo
1053 3988 1082 4034 et
1099 3981 1268 4035 Muratorio.
1305 3983 1363 4036 His

136 4051 285 4110 assentior,
315 4058 348 4101 ut
374 4057 403 4103 et
426 4049 536 4120 Lipsio,
562 4051 673 4104 Murato
697 4051 829 4120 aliisque,
862 4052 914 4122 qui
937 4050 967 4102 h.
982 4050 1001 4101 1.
1029 4051 1362 4108 scribendum-censent

135 4121 199 4176 tiso
217 4121 246 4174 Ρ.
269 4121 302 4176 U.
323 4123 342 4173 i.
365 4139 388 4174 e.
409 4119 568 4184 Praefectus
580 4123 650 4176 Urbi
656 4141 664 4169 .·
683 4139 749 4175 nam
769 4123 883 4176 etiamsi
901 4122 1036 4192 pontifex
1054 4123 1170 4190 fuisset,
1188 4132 1286 4177 tamen
1304 4141 1361 4195 po-

135 4193 193 4244 tius
223 4193 405 4260 praefectura
433 4191 518 4244 Urbis
550 4191 799 4246 commemoranda
827 4193 916 4248 erat.“
941 4194 1006 4248 Ean.
1044 4195 1101 4261 „ld
1128 4195 1264 4248 lirmatur
1280 4194 1361 4250 locis
1419 4251 1422 4256 ,

134 4261 207 4314 Vell.
228 4264 255 4325 2,
275 4265 318 4316 98.
337 4261 437 4314 Dionis
457 4265 501 4327 58,
523 4265 563 4318 19.
584 4263 648 4320 Sen.
669 4282 711 4334 ep.
732 4267 776 4320 88.
795 4263 831 4317 al.
851 4267 896 4321 84.
915 4265 989 4317 Plin.
1009 4269 1053 4330 14,
1071 4269 1114 4324 28.
1134 4265 1212 4320 Suet.
1231 4265 1292 4322 Tib.
1310 4269 1357 4324 42.

135 4330 239 4400 quibus
258 4332 390 4384 omnibns
415 4331 575 4397 Praefectus
596 4335 675 4398 Urbi,
707 4351 763 4388 non
789 4337 917 4401 pontifex
941 4335 1059 4392 dicitur.
1106 4338 1237 4394 Pisonem
1262 4357 1358 4408 quen·
1436 4355 1437 4390 l

1197 4435 1203 4468 l
