2774 4784
278 231 339 294 DE
368 230 483 292 ARTE
513 229 747 296 ORATORIA.
792 233 819 315 ξ.
845 229 922 296 XV.
1119 225 1207 280 nm

20 398 275 473 siniliaOrellii.
328 397 470 472 Dahis
496 409 618 471 umen
644 400 754 470 rebus
779 399 818 470 in
844 407 1205 494 utramquepartem

19 499 157 594 disputari
196 509 329 594 potest.
379 497 436 571 cf.
469 509 556 570 nota
579 498 639 571 26.
679 509 716 570 et
751 523 842 594 quae
874 509 999 570 contra
1032 498 1204 588 digerunt

19 597 186 687 Srhddue,
214 597 402 688 Cromius,
428 598 674 670 Gutmannus.

86 697 115 770 6.
148 698 279 770 Minus
314 700 482 792 congruit
511 698 657 769 dicendi
690 720 808 791 genus
838 697 878 768 in
912 695 1068 792 Dialcgo
1105 700 1206 770 etin

19 796 164 868 historicis
192 797 312 870 Taciti
345 797 470 868 libris:
508 821 596 868 nam
636 799 677 866 in
711 796 771 866 his
805 806 862 868 est
886 796 1008 866 ubivis
1033 797 1145 868 breve
1170 809 1208 868 et

17 897 183 987 condsum,
217 907 380 986 acutum,
416 898 617 990 abruptum
641 905 679 966 et
704 919 885 984 severum,
925 895 964 964 in
990 893 1055 966 illo
1081 897 1207 968 fusum

18 1003 40 1062 et
55 1019 296 1086 numerosum,
342 995 531 1084 floridum,
562 993 744 1086 lepidum,
787 994 957 1064 vividum
970 1031 976 1042 ·
991 1005 1028 1065 et
1053 995 1208 1066 oratoria

19 1092 143 1166 cbomte
182 1092 334 1165 laetum.
388 1095 491 1174 Quae
529 1091 736 1163 differentia
766 1092 892 1185 magni
926 1101 981 1162 est
1012 1095 1207 1183 momenti,

18 1213 67 1258 oon
85 1215 167 1262 vero
195 1193 300 1283 tanti,
333 1201 376 1262 ut
407 1189 557 1260 libellus
581 1199 705 1260 noster
730 1191 995 1261 abiudicandus
1021 1191 1113 1263 sita
1139 1194 1209 1266 Te-

18 1289 65 1358 rito
84 1290 157 1360 sine
183 1289 260 1360 niis
285 1291 514 1361 dubitatione
535 1283 593 1374 ²⁸).
645 1289 747 1360 Haec
773 1290 849 1358 iam
874 1287 982 1360 vaide
1007 1291 1208 1378 minuetur,

17 1386 160 1458 siiilum
192 1390 241 1459 ab
274 1405 319 1459 eo
356 1387 416 1460 vel
448 1389 602 1459 ineunte
627 1385 883 1476 adolescentia,
924 1387 980 1458 vel
1008 1399 1091 1460 onte
1117 1389 1208 1460 alios

18 1603 96 1657 tunice
110 1605 205 1674 posita
223 1615 407 1676 compareret
423 1606 593 1660 lectoribus.
629 1605 709 1659 Illud
733 1605 854 1676 insuper
876 1607 968 1660 velim
987 1607 1209 1674 animadvertas,

17 1674 153 1752 ioDialogo
214 1692 300 1746 oque,
327 1683 361 1728 ut
385 1677 490 1728 ceteris
509 1675 656 1741 inlibris,
683 1675 819 1730 Tacitum
847 1676 952 1746 ubique
970 1693 1129 1732 memorem
1148 1696 1211 1737 esse

18 1747 93 1798 uteris
109 1765 141 1798 ac
157 1746 182 1797 li
202 1765 268 1800 erae
286 1745 493 1817 reipublicae,
517 1745 599 1798 cuius
618 1745 781 1812 interitum,
806 1762 929 1814 quocum
954 1765 1012 1800 una
1031 1750 1211 1803 conticuerat

18 1835 64 1869 sera
77 1817 246 1887 eloquentia,
264 1836 301 1873 ex
319 1818 418 1871 animo
443 1817 531 1870 deflet
550 1833 583 1868 ac
602 1810 773 1891 luget‚'illa
792 1823 890 1870 tamen
909 1819 1044 1872 cautione
1070 1817 1209 1882 adhibita,

17 1906 66 1954 quaa
85 1889 195 1942 decebat
220 1890 381 1960 sapientem
404 1889 504 1941 vuum
529 1888 616 1940 unius
649 1887 841 1942 dominationi
873 1889 1035 1942 subiectum
1063 1890 1210 1959 simulque

17 1977 78 2026 quan
96 1963 192 2030 iniqua
216 1975 280 2014 sors
307 1968 382 2014 esset
409 1959 510 2030 utique
533 1966 738 2035 agnoscentem
762 1975 816 2010 nee
835 1967 932 2014 tamen
950 1975 1092 2014 novenam
1111 1977 1211 2014 rerum

18 2031 133 2099 cupidum.
160 2031 219 2095 (cf.
244 2031 276 2084 O.
298 2035 341 2086 1⁷.
361 2033 405 2086 29.
425 2033 469 2086 37.
490 2033 534 2085 40.
555 2033 598 2086 tl.
625 2028 701 2082 Ann.
721 2033 747 2094 4,
766 2031 809 2083 20.
829 2029 900 2106 Agr.
919 2031 946 2084 3.
966 2031 992 2086 4.
1012 2031 1072 2098 42.)
1107 2031 1210 2102 Neque

17 2117 65 2154 sero
78 2102 124 2155 hic
138 2104 237 2156 minus
255 2119 342 2174 quam
361 2101 432 2156 alibi
449 2101 542 2154 libere
560 2102 592 2152 in
612 2115 730 2154 suorum
748 2105 914 2170 temporum
933 2100 1007 2156 vitia
1024 2107 1109 2172 atque
1128 2103 1211 2178 igna-

18 2173 73 2226 siun
93 2173 271 2228 innuiturss

67 2275 100 2348 ’ἢ
116 2286 161 2337 lta
176 2279 325 2334 iudicabat
339 2279 472 2348 Lipsiua:
490 2279 615 2345 „stilum
634 2279 737 2344 aiebat,
756 2278 842 2332 valde
860 2278 970 2344 abnuit,
991 2293 1050 2330 non
1068 2275 1161 2330 fallax
1177 2279 1211 2330 in

17 2349 55 2403 boc
69 2371 165 2428 genere
182 2359 405 2428 argumentum:
425 2353 476 2422 qui
495 2353 527 2404 in
546 2359 645 2404 nostro
665 2352 842 2404 constrictus
861 2351 977 2421 ubique,
997 2357 1085 2412 teres,
1110 2355 1209 2402 acutus

18 2429 36 2474 ct
50 2441 152 2477 severus
169 2425 262 2500 magis
282 2440 369 2492 quam
386 2423 521 2494 lepidus;
548 2419 599 2473 hic
618 2423 715 2476 omnia
734 2429 846 2475 contra.
884 2419 922 2473 At
940 2419 1050 2473 mutari
1069 2419 1094 2472 is
1113 2420 1144 2472 in
1163 2437 1210 2473 ee-

17 2501 59 2546 tate
74 2504 119 2548 aut
135 2503 306 2570 argumento
324 2501 432 2566 potest,
459 2494 607 2564 inquiunt.
641 2495 710 2546 Non
728 2507 819 2568 nego:
852 2492 902 2546 sed
928 2507 1077 2560 nunquam
1100 2491 1150 2555 ita,
1177 2497 1210 2543 ut

17 2563 76 2617 stet
90 2585 203 2637 prorsus
221 2584 238 2620 a
255 2583 328 2620 sese.
367 2567 511 2636 Quicquid
529 2564 634 2618 Cicero
653 2565 783 2636 scripsit,
802 2563 929 2630 iuvenis,
954 2579 1052 2630 senex,
1077 2560 1208 2632 philolo·

17 2637 100 2704 dcam,
116 2635 360 2708 philosophicum,
391 2637 423 2689 in
441 2637 477 2690 iis
496 2643 595 2688 tamen
613 2635 790 2689 lineamenta
815 2635 953 2704 quaedam
973 2639 1114 2704 apparent
1133 2635 1209 2687 eius-

17 2701 63 2758 dsm
84 2709 138 2762 tiri
159 2717 188 2764 et
215 2708 324 2762 vultus.
362 2707 425 2762 Nee
452 2707 541 2761 aliter
558 2707 594 2758 fit
621 2708 652 2760 in
671 2707 803 2759 omnibus
823 2705 940 2763 nobis.“
977 2705 1053 2770 Quae
1077 2704 1210 2772 Largius

19 2781 47 2830 sis
61 2783 203 2834 refuuvit:
229 2779 382 2846 „Aetatem
400 2780 494 2834 nolim
512 2795 635 2856 urgeres
661 2795 729 2832 nam
753 2777 786 2830 ab
813 2777 932 2832 homine
957 2779 1015 2830 iam
1038 2775 1209 2832 maturioris

18 2851 96 2902 estatis
112 2853 248 2938 seriptum
266 2867 328 2906 esse
346 2851 456 2905 librum
476 2851 538 2920 ipsa
555 2849 697 2920 praefatio
717 2848 808 2906 docet.
845 2850 921 2904 Fusa
939 2857 1047 2916 autem,
1067 2849 1161 2902 soluta
1179 2856 1209 2900 et

19 2923 108 2990 aequali
124 2931 241 2990 canone,
260 2921 359 2994 lepida
377 2939 500 2992 quoque,
520 2921 632 2992 quando
651 2919 754 2986 vellet,
769 2921 899 2988 potuisse
917 2917 1053 2972 Tacitum
1070 2919 1124 2982 uti,
1144 2919 1208 2988 quis

18 2994 76 3044 serio
105 2993 257 3048 dubitabit?
295 2995 355 3060 Quo
381 2995 460 3048 enim
488 2994 553 3046 iure
582 2991 653 3046 talis
682 2993 823 3044 orationis
856 2991 1009 3066 tingendas
1034 2989 1208 3042 facultatem

18 3065 167 3134 mpliciter
181 3067 250 3120 dene
287 3067 383 3120 bimus
402 3066 440 3131 ei,
460 3067 511 3136 qui
529 3072 602 3118 teste
620 3064 740 3132 antiquo
760 3062 960 3116 Grammatico
986 3061 1108 3128 {ucetica
1135 3061 1209 3113 scri·

19 3136 62 3200 pir
77 3137 134 3197 (sed
149 3157 174 3190 r.
191 3135 214 3204 5.
235 3083 292 3202 tf)
314 3145 344 3192 et
368 3153 466 3190 causas
491 3143 578 3206 atque
601 3135 746 3188 orationes
770 3151 868 3187 coram
887 3133 1033 3186 iudicibus
1053 3140 1082 3186 et
1099 3129 1208 3202 populo

18 3205 182 3262 disertissime
199 3211 277 3285 egit?
295 3209 470 3280 praesertim
484 3225 573 3278 quum
591 3223 646 3278 pro
665 3205 778 3282 ingenii
790 3203 912 3258 husnani
927 3212 1031 3257 natura
1042 3202 1207 3274 promptius

19 3277 140 3342 rideatur,
198 3298 251 3336 nus
272 3280 390 3334 &cendi
407 3279 506 3344 breve,
535 3286 653 3332 acutum
677 3285 707 3330 et
730 3277 885 3330 sententiis
912 3277 1056 3330 refertum
1073 3291 1210 3340 nonnum

20 3365 85 3414 quam
102 3350 212 3418 liberius
228 3352 352 3408 reddere
366 3359 396 3406 et
413 3351 548 3421 amplius,
567 3366 653 3420 quam
665 3351 763 3402 fusum
782 3355 810 3402 et
823 3347 997 3402 dissolutum
1014 3346 1206 3421 adstringere.

23 3418 130 3473 t'star'sas
145 3432 232 3479 autem
248 3423 385 3477 Tacitum
403 3424 435 3476 in
451 3421 509 3475 hoc
528 3435 660 3474 sermone
679 3437 737 3472 non
757 3437 852 3486 suum,
876 3419 925 3472 sed
949 3417 1075 3471 aliorum
1093 3415 1208 3470 dicendi

22 3507 111 3544 uorem
128 3497 209 3565 sequi,
239 3497 302 3567 ipse
327 3495 427 3548 statim
446 3494 481 3548 ab
505 3493 592 3546 initio
610 3491 727 3545 disertis
750 3491 846 3544 verbis
863 3497 1042 3561 praemonet.
1079 3487 1208 3542 Tametsi
1323 3489 1327 3500 '

23 3559 95 3635 quar
116 3563 204 3636 Lipsio
228 3565 425 3629 concedimus,
455 3566 617 3619 orationem
647 3563 849 3616 nurnerosiore
876 3561 1000 3615 decursu
1027 3569 1056 3613 et
1084 3559 1208 3614 laetiora

23 3634 148 3688 recisorum
168 3640 247 3710 copia
273 3637 403 3692 colorem
423 3635 565 3707 quendam
591 3633 720 3690 aTaciti
739 3634 876 3700 dictione,
903 3631 998 3702 qualis
1017 3638 1062 3686 est
1086 3631 1117 3684 in
1135 3627 1208 3683 reli-

24 3706 73 3782 *stis
89 3708 140 3760 cius
154 3711 207 3763 scri
228 3713 278 3778 tis,
296 3709 478 3780 aliquantum
498 3707 710 3777 discrepantem
721 3705 856 3770 traxisse,
875 3703 928 3757 ille
941 3703 1069 3755 nondum
1087 3717 1207 3772 persua·

24 3781 59 3852 32¹2
73 3774 188 3834 Tacitum
204 3729 261 3835 doc
278 3783 312 3834 in
330 3779 446 3864 dialogo
464 3795 584 3850 prorsus
601 3797 619 3832 a
636 3795 666 3832 se
684 3777 798 3841 abiisse,
817 3777 858 3830 ita
875 3782 986 3828 utnon
1003 3773 1054 3826 hic
1076 3773 1143 3826 iilic
1161 3773 1207 3826 sui

26 3845 109 3900 udicis
129 3853 227 3906 inscius
253 3854 337 3924 quasi
366 3859 396 3904 et
418 3851 528 3902 invitus
557 3849 721 3920 reliquerit.
768 3847 918 3902 Ciceronis
945 3853 1043 3900 autem
1072 3843 1206 3914 exempto
1238 3869 1242 3886 ι

27 3916 107 3971 nelias
134 3923 320 3978 abstinuisset.
361 3921 572 3992 Exemplorum
598 3925 677 3974 euim
704 3921 735 3973 in
762 3917 820 3972 boc
843 3935 949 3996 genere
976 3913 1058 3969 nulla
1083 3917 1128 3968 vis
1152 3920 1205 3967 est.

28 3983 83 4048 ibid
102 3995 175 4058 emm,
202 3997 228 4050 si
258 3995 400 4058 dicamus,
429 3995 494 4046 fore
524 3993 689 4064 aliquando,
715 3993 767 4061 qui
790 3990 931 4043 criticam
962 4003 1053 4059 purae
1082 3985 1206 4040 rationis
1250 4029 1252 4036 ,

42 4057 142 4118 Kritik
157 4067 215 4122 der
238 4066 370 4120 reinen
387 4065 594 4133 Vernunft)
619 4071 648 4116 et
665 4063 884 4116 Observationes
904 4061 938 4114 ds
957 4058 1074 4115 sublimi
1093 4064 1123 4115 et
1140 4055 1206 4126 pul-

30 4125 400 4214 ''httlieobacbtungen
425 4137 516 4190 iiber
538 4135 599 4190 das
617 4133 809 4188 Erhabene
827 4131 899 4185 und
917 4129 1076 4196 Schiine)
1095 4127 1128 4180 ab
1147 4141 1205 4178 uno

30 4199 150 4276 ’titoque
166 4219 282 4265 auctore
299 4209 448 4280 proticisci
461 4207 591 4278 potuisse
604 4205 639 4260 ob
651 4206 772 4259 nimiam
786 4203 850 4258 stili
859 4199 1057 4256 differentiam
1075 4197 1204 4282 negent?

32 4269 102 4338 'iffi
115 4279 234 4352 lipsiam
252 4279 379 4336 diserns
397 4279 576 4350 temporibus
592 4279 662 4332 aatia
676 4283 790 4332 constat
807 4274 1006 4330 diversissime
1024 4265 1205 4342 scrapssas0.“
