2890 4790
199 179 261 246 tut
590 174 833 242 ANNALIUM
860 175 944 240 LIB.
967 175 1026 242 IV.

201 347 229 410 Β,
247 345 275 410 5,
294 345 318 397 1.
339 348 369 398 et
387 341 450 400 Ind.
470 341 523 400 III.
543 361 571 396 r.
590 341 711 412 Eiiipeie
728 359 758 396 n.
778 344 821 400 14.
842 373 874 386 -
902 341 1058 396 discrimen
1075 349 1106 396 et
1123 341 1257 404 Claudiae
1272 341 1395 398 Puichree

203 414 335 468 sobrinae
355 421 384 466 et
403 432 495 470 suurn.
516 446 549 456 -
587 413 729 484 suscipere
747 431 778 468 ee
795 413 904 478 sordet,
930 431 959 470 v.
984 413 1020 466 ed
1037 416 1065 480 2,
1090 415 1135 478 29,
1155 419 1179 470 1.
1199 422 1228 468 et
1246 415 1271 480 i,
1289 417 1313 480 5,
1332 421 1352 470 1.
1369 449 1395 459 -

202 487 313 553 frustra
329 483 480 539 Pulchram
494 485 665 554 praescribi,
683 485 824 556 praetexi,
844 484 971 552 obtendi,
990 484 1036 550 (ut
1054 487 1096 550 ll,
1116 485 1172 548 16.)
1189 483 1218 538 h.
1230 502 1254 538 e.
1276 487 1396 540 occultari

202 557 357 610 eonsilium
377 555 421 610 sui
439 557 580 628 perdendi
599 555 724 610 Pulchro
742 558 773 608 in
792 555 951 609 discrimen
968 555 1106 618 vocanda,
1125 565 1260 626 tanquam
1277 553 1342 612 haec
1357 576 1396 627 pe-

201 635 323 690 teretur,
342 644 401 680 non
419 645 473 698 per
490 627 566 680 letus
585 628 646 681 eius
665 629 742 698 ipse;
761 625 889 680 Freineit.
909 635 939 681 et
957 626 1025 680 Ern-
1063 625 1246 694 „hocsemii
1269 628 1396 682 dicuntur.

201 715 275 770 quse
294 699 463 752 scribuntur
481 699 513 751 in
530 700 630 752 fronte
648 699 771 752 alicuius
789 699 845 764 rei,
866 706 898 750 nt
916 697 1059 753 librorum
1077 699 1169 762 tituli,
1188 718 1204 752 u
1222 698 1320 770 quibus
1337 698 1397 751 haud

202 785 268 824 roro
292 770 419 824 multum
444 770 622 840 discrepent,
655 787 727 842 quae
752 771 831 822 intus
865 767 968 824 latent.
1011 769 1088 822 Hinc
1117 771 1230 838 fnestra
1255 771 1397 824 Aminiam

199 841 360 910 praescribi
387 844 490 907 11,16.
517 840 727 910 praescriptum
756 840 928 910 Vespasiani
951 857 1050 894 nomen
1072 841 1220 907 H.s,1³.
1245 847 1277 893 ut
1301 839 1396 894 honesta

199 913 430 982 praescriptione
456 929 517 965 rem
540 912 739 981 turpissimam
766 917 875 980 tegeret
903 911 980 966 Caes.
1007 913 1038 964 B.
1059 912 1094 967 G.
1114 915 1142 976 3,
1160 911 1231 968 32.“
1260 912 1356 965 Watti.
1373 943 1396 954 -

202 981 315 1049 Sosiae,
335 1001 362 1036 v.
382 1001 445 1054 cap·
467 987 510 1040 19.
531 1015 562 1026 -
601 991 812 1053 correptamque
830 983 938 1036 Graeco
956 1000 1039 1036 rereu
1057 984 1213 1048 admonuit,
1233 999 1287 1038 non
1304 985 1360 1036 ideo
1375 1001 1396 1034 se

202 1053 290 1120 iaedi,
318 1055 386 1126 quio
412 1071 468 1108 non
494 1061 640 1122 regnaret,
668 1057 705 1111 cf.
729 1053 810 1107 Suet.
830 1053 895 1107 Tib.
915 1073 938 1106 c.
959 1057 1001 1110 53.
1030 1055 1081 1125 qui
1105 1070 1172 1108 cum
1190 1055 1395 1132 interrogatione

204 1125 280 1178 idem
299 1127 452 1196 expressit,
470 1125 547 1196 quod
565 1124 684 1180 Tacitus
704 1125 766 1179 sine
785 1143 833 1192 οι,
852 1127 922 1178 Erre.
951 1125 1008 1178 iiio
1026 1133 1106 1179 recte
1125 1125 1252 1178 inseruit
1270 1142 1330 1190 non,
1346 1127 1396 1195 quie

203 1197 235 1250 in
252 1194 310 1252 MS.
330 1205 374 1250 est
392 1203 426 1262 fit
444 1197 522 1281 quod
540 1199 679 1250 omissum
697 1198 730 1250 in
749 1195 792 1252 ed.
813 1204 870 1250 vet.
896 1204 926 1250 et
943 1195 1023 1250 Brut.
1046 1213 1113 1250 num
1129 1194 1274 1250 molebant
1290 1196 1360 1250 Pioh.
1375 1203 1397 1248 et

203 1267 297 1322 Croll.
334 1267 392 1322 seu
408 1267 479 1322 huic
497 1283 556 1322 non
573 1277 674 1338 aptum
698 1267 855 1322 admonuit.
893 1267 1052 1334 „Ceterum
1075 1267 1210 1322 Tiberius
1235 1269 1341 1338 aspexit
1359 1283 1396 1320 eo·

203 1355 266 1392 cern
285 1339 397 1392 Iasonis
416 1342 448 1394 in
465 1339 613 1414 tragoedia
631 1341 765 1411 quapiam
790 1341 933 1394 emissem.
973 1337 1072 1392 Ἰάσων
1095 1338 1110 1391 ἔ
1134 1357 1148 1406 q
1172 1341 1279 1409 πεινῇν,
1305 1336 1344 1391 ὅτε
1367 1333 1395 1408 μὴ

202 1415 343 1480 τυραννοῖ,
366 1405 403 1470 ὡς
429 1407 479 1464 otiu
497 1405 676 1483 interipsum
703 1403 810 1477 ἰδιώτης
833 1403 904 1463 εἷναι
928 1409 1049 1464 Aristot.
1070 1359 1155 1464 Poffit.
1174 1413 1202 1475 3,
1222 1410 1270 1466 t.“
1287 1409 1356 1478 Lt'pe.
1372 1435 1394 1446 -

203 1495 254 1533 suo
272 1481 337 1534 iure
355 1481 496 1534 disertum
518 1498 580 1534 eum
598 1481 762 1552 appellavit,
791 1481 997 1604 appellandum
1025 1481 1111 1544 dixit,
1139 1483 1266 1545 censuit,
1289 1488 1320 1533 ut
1335 1481 1395 1534 cii

203 1561 278 1606 extr.
299 1553 463 1620 appellaret,
492 1552 514 1605 i.
534 1569 560 1606 e.
588 1571 604 1606 a
628 1560 729 1607 senatu
758 1567 831 1624 appe
845 1551 937 1606 latum
966 1553 1084 1616 diceret,
1115 1553 1277 1616 nuntiaret,
1305 1559 1330 1604 et
1350 1549 1393 1602 Cic.

203 1639 232 1745 p.
260 1622 349 1676 Aroh.
371 1629 413 1680 11.
450 1623 693 1692 praedicationem
720 1623 952 1693 nobilitatemque
978 1623 1148 1694 despiciunt,
1173 1625 1193 1676 i.
1216 1640 1240 1678 e.
1260 1621 1395 1692 despicien-

223 1711 269 1746 am
288 1694 624 1762 dicunt,doeent51irn.
646 1695 690 1750 ct.
710 1693 883 1748 Remshorn.
910 1694 1010 1750 Grern.
1034 1712 1064 1765 p.
1084 1697 1146 1752 ³8⁷.
1184 1693 1266 1758 „Suo
1289 1694 1345 1746 iure
1363 1693 1395 1744 di·

202 1771 297 1818 eertm
316 1773 360 1819 est
377 1767 411 1831 is,
431 1766 479 1818 cui
497 1765 529 1818 it
546 1764 696 1836 epitheton
714 1765 854 1842 denegari
872 1767 988 1836 nequit:
1007 1774 1143 1820 nsm'suo
1161 1763 1227 1818 iure
1246 1773 1275 1820 et
1291 1779 1395 1818 concesso

203 1837 267 1888 iure
284 1837 340 1890 sibi
359 1843 556 1908 opponuntur,
580 1845 610 1892 et
627 1835 683 1892 hoc
710 1837 847 1912 denegari
865 1845 970 1908 potest,
998 1854 1092 1906 neque
1110 1852 1180 1892 vero
1205 1835 1289 1889 illud.
1308 1834 1393 1953 Oicp.

203 1905 292 1960 Arch.
312 1923 336 1961 c.
357 1909 384 1964 8.
421 1923 472 1962 ruo
490 1908 554 1960 iure
572 1915 668 1961 noster
684 1907 736 1962 iile
753 1908 864 1962 Ennius
882 1915 997 1962 sanetae
1015 1908 1137 1976 appellat
1154 1907 1285 1976 poetas.“
1309 1905 1392 1958 Woit.

204 2010 237 2020 —
254 1977 437 2046 prosperiore
455 1979 629 2048 eloquentiae
648 1993 731 2050 quarn
745 1995 857 2044 morum
872 1981 951 2046 famo
968 1979 1037 2045 fuit,
1056 1981 1093 2034 ef.
1119 1979 1243 2044 Quintil.
1264 1981 1305 2042 12,
1324 1981 1359 2040 ll,
1373 1979 1393 2030 1-

203 2049 282 2116 famu
299 2049 358 2102 MS.
378 2049 441 2106 edd.
462 2057 519 2105 ret.
539 2059 605 2104 ente
624 2051 713 2106 Gron.
740 2057 771 2104 et
793 2067 852 2104 roe.
872 2059 986 2104 tentum
1010 2067 1069 2104 non
1087 2067 1205 2104 omnes:
1238 2067 1302 2102 num
1323 2049 1393 2114 fanno

204 2121 280 2174 male
299 2120 362 2177 edd.
382 2122 474 2176 Gron.
493 2121 565 2174 Ern.
582 2121 629 2174 Ob.
648 2120 741 2176 Naud.
752 2153 786 2164 -
805 2121 909 2175 retinet
927 2121 1039 2176 silentii
1056 2121 1279 2190 impatientiam:
1297 2119 1393 2186 „omns

204 2191 359 2246 literarum
378 2199 406 2246 et
429 2193 536 2246 artium
560 2191 692 2246 clennnos
717 2199 828 2262 spectet
845 2191 958 2246 dictum
975 2193 1047 2247 Hor.
1071 2194 1155 2262 epist.
1175 2197 1204 2259 1,
1224 2197 1251 2258 1,
1269 2195 1293 2250 8.
1311 2193 1334 2246 9.
1362 2187 1393 2239 De

203 2257 333 2317 Domitio
359 2263 432 2316 Atro
466 2263 621 2318 irridentes
657 2263 796 2330 dicebant,
826 2264 910 2318 matie
941 2281 1002 2318 eum
1031 2263 1149 2334 deficere
1175 2278 1261 2334 quom
1290 2260 1392 2316 desinon

204 2331 324 2401 Quintil.
345 2333 477 2402 12,11.“
504 2335 587 2392 Brot.

637 2481 829 2538 ceput
874 2481 984 2538 1.111.

285 2587 331 2648 At
359 2586 544 2674 Agrippino
594 2591 728 2654 ervicnx
749 2593 820 2652 irae
851 2597 884 2652 et
915 2587 1033 2652 nrorbo
1059 2591 1213 2674 corporis
1241 2586 1392 2668 implicui,

204 2689 305 2752 quum
326 2671 452 2734 viseret
473 2691 546 2734 eam
568 2609 701 2752 gaesus,
723 2675 869 2756 profusis
897 2672 955 2734 diu
976 2691 1013 2734 ae
1034 2692 1095 2754 per
1122 2672 1291 2734 silentium
1314 2669 1392 2730 lacri-

204 2755 278 2830 mis,
300 2773 377 2814 mox
399 2751 560 2816 invidiam
582 2764 615 2816 et
635 2775 751 2838 preces
773 2755 925 2818 orditur:
953 2753 1135 2816 subueniret
1160 2753 1333 2828 solitudini,
1351 2749 1391 2810 do·

205 2845 255 2898 ret
274 2839 430 2900 moritum.
473 2837 623 2901 Habilem
650 2836 754 2901 adhuc
779 2843 936 2904 iuuentem
959 2837 1036 2916 sibi,
1062 2857 1162 2920 neque
1190 2837 1281 2902 oiiud
1302 2833 1391 2916 proiit

204 2937 296 3001 quum
317 2939 357 2982 ee
383 2923 583 2984 matrimonio
611 2921 768 2986 solatium.
810 2923 894 2986 Esse
913 2923 948 2984 in
970 2925 1107 2984 ciuitate
1131 2967 1300 2988 ......
1331 2915 1391 2980 Ger·

203 3005 320 3065 manici
340 3007 505 3086 coniugem
525 3025 565 3067 oc
586 3005 704 3068 liberos
724 3009 797 3069 eius
819 3009 958 3086 recipere
984 3003 1210 3088 dignarentur.
1254 3000 1313 3064 Sed
1332 2999 1391 3060 Ces

204 3104 259 3146 ser
287 3105 353 3148 non
383 3088 531 3174 ignarus,
554 3097 712 3172 quantum
740 3109 778 3150 ex
807 3088 1003 3171 republica
1029 3095 1213 3170 peteretur,
1240 3105 1281 3146 ne
1306 3093 1390 3146 tamen

203 3171 395 3232 offensionis
416 3179 475 3232 eut
495 3180 602 3233 metus
624 3174 817 3234 manifestus
837 3173 937 3250 foret,
960 3173 1031 3234 sine
1054 3189 1215 3252 responso
1236 3179 1389 3253 quanquam

203 3253 380 3316 instantem
408 3254 554 3336 reliquit.
597 3253 635 3316 Id
667 3273 728 3340 ego
756 3275 776 3316 e
804 3253 1026 3334 scriptoribus
1052 3253 1221 3314 annalium
1251 3269 1312 3312 non
1339 3255 1389 3306 tre·

204 3331 310 3396 ditum
338 3339 451 3418 reperi
480 3340 515 3398 in
543 3339 789 3400 commentariis
810 3337 1015 3424 Agrippinae
1040 3335 1139 3414 filiae,
1169 3353 1252 3418 quae
1271 3327 1389 3394 Neronis

203 3417 367 3500 Principis
388 3427 496 3490 nister
516 3424 621 3482 vitam
642 3439 736 3481 suom
748 3429 886 3483 etcasus
898 3419 1190 3502 suorumposteris
1209 3411 1387 3478 memorarit·

274 3555 299 3607 1.
326 3553 462 3621 peruicax
479 3553 553 3620 irae,
584 3563 617 3608 ut
632 3571 662 3625 p.
682 3555 755 3608 recti
779 3555 814 3610 II.
835 3559 863 3620 4,
881 3557 907 3611 Β.
935 3555 979 3610 ct.
999 3555 1036 3608 sd
1054 3559 1079 3620 l,
1100 3557 1144 3618 19,
1165 3559 1190 3610 1.
1211 3581 1244 3592 -·-
1277 3546 1387 3605 tmto'uo

203 3629 231 3676 et
245 3639 345 3692 preces
363 3623 491 3690 orditur,
508 3625 539 3679 h.
560 3643 584 3682 e.
626 3645 706 3681 reces
725 3644 792 3680 enm
810 3627 921 3680 invidis
938 3627 1058 3680 mixtas:
1083 3627 1218 3696 queritur
1235 3625 1317 3686 enim,
1337 3619 1387 3670 dum

202 3704 357 3818 precntum
377 3695 483 3750 Waitit.
521 3645 662 3762 „nossem
680 3713 766 3752 voces
785 3699 884 3782 iungit
901 3701 928 3762 3,
946 3699 991 3752 61.
1010 3696 1117 3768 absque
1133 3697 1228 3820 tqura
1244 3693 1322 3748 hend.
1348 3683 1388 3739 Sed

225 3803 232 3818 .
251 3767 273 3823 1.
292 3765 324 3820 ἓν
341 3763 388 3819 διὰ
407 3766 488 3822 δυοῖν
505 3787 566 3822 esse
585 3786 618 3822 ea
635 3770 708 3839 ipsa,
727 3785 800 3839 quae
818 3769 916 3822 dicens
935 3767 1099 3844 Agrippina
1116 3769 1148 3820 in
1169 3771 1273 3830 ucitur,
1295 3765 1388 3816 demon·

204 3845 305 3892 strent.
328 3839 422 3892 Erunt
439 3841 518 3894 cuiun
529 3856 639 3910 preces,
655 3839 705 3894 sed
719 3841 903 3910 importunes
915 3849 1001 3910 atque
1014 3839 1090 3892 unde
1103 3839 1239 3908 liqueret,
1253 3837 1387 3906 impactam
1411 3875 1412 3904 ,

203 3909 405 3982 desertamque
415 3911 471 3964 sibi
484 3911 581 3965 videri
590 3911 774 3966 mulier-emit
793 3909 877 3965 nort.
889 3911 925 3964 de
942 3925 1042 3982 synon.
1053 3927 1098 3980 ap.
1110 3909 1176 3963 Tac.
1187 3928 1216 3980 p.
1225 3911 1267 3966 16.
1286 3907 1326 3960 Cf.
1340 3897 1385 3954 lvd·
1411 3935 1412 3967 ς

204 3981 256 4036 lII.
275 3999 303 4036 v.
320 3981 528 4052 Hendiodyoin.
546 4013 579 4025 -
611 3981 732 4035 totitem
749 3979 839 4035 adhuc
856 3983 999 4036 iuuentam
1015 3981 1072 4034 sibi
1091 3997 1130 4034 se.
1149 3983 1252 4034 merito
1269 3971 1385 4031 ducendos

202 4053 273 4107 Ern.
294 4052 337 4106 Cf.
358 4051 394 4106 ed
411 4057 438 4118 I,
457 4057 484 4120 6,
504 4059 530 4109 1.
549 4084 582 4096 -
619 4071 679 4108 esse
696 4055 729 4106 in
747 4053 862 4106 ciuitate
881 4089 965 4109 .....
986 4053 1150 4106 Gemanici
1172 4053 1311 4118 coniugem
1334 4059 1361 4096 cc
1373 4039 1386 4088 I·

203 4139 227 4176 e.
241 4141 266 4174 r.
286 4123 489 4192 dignarentur:
507 4127 549 4178 ite
566 4123 624 4178 MS.
640 4133 673 4178 ut
691 4134 720 4179 et
739 4125 800 4180 edd
814 4133 874 4178 tam
892 4132 1051 4196 ret.que1n
1069 4123 1202 4180 reuniri
1219 4117 1386 4194 quoddignt·

203 4200 283 4246 retur
301 4203 345 4246 est
362 4195 394 4247 in
411 4205 484 4250 vett.
521 4199 622 4271 Magne
641 4205 686 4250 est
710 4196 823 4262 lacuna,
852 4197 882 4247 in
900 4215 955 4267 qua
975 4195 1116 4266 explenda
1134 4195 1194 4248 viri
1211 4193 1285 4248 docti
1300 4191 1386 4260 frusto
1410 4225 1411 4248 ÷

203 4261 381 4328 hbfflfflnir
393 4267 448 4328 ,vel
467 4283 523 4322 une
540 4267 644 4322 vocula
663 4269 713 4338 qui
738 4267 787 4322 vel
811 4267 944 4338 pluribus
964 4267 1174 4324 insertum.
1198 4263 1318 4320 residuos
1339 4267 1385 4326 qun
1410 4271 1411 4285 ³
