2904 4798
291 233 437 298 clear
458 233 516 298 nr.
539 235 599 300 ιν.
633 183 684 316 (n.
696 235 736 298 ιι.
746 235 819 302 aas.
849 233 1014 316 acan)
1208 238 1273 303 sss

51 407 79 466 Ι,
97 405 141 467 lt,
159 405 186 457 3.
205 408 235 455 et
251 403 279 465 4,
298 403 343 464 31,
361 405 388 457 3.
417 433 451 444 -·
474 400 577 468 pra'detn
604 401 666 459 edd.
692 403 771 473 Lips.
797 409 826 456 st
848 417 906 459 rec.
930 417 980 469 per
996 401 1066 456 idem
1082 399 1140 459 MS.
1160 410 1190 456 et
1206 401 1271 456 edd.

49 481 108 529 vet.
136 471 180 525 Gi.
200 473 235 526 ad
253 476 280 538 4,
299 475 343 535 49,
360 476 387 529 9.
409 499 441 512 ·-
460 480 486 524 et
502 489 623 526 samanae
640 475 797 542 suppliciam
822 475 1021 540 decernebatur,
1045 473 1075 531 ns'
1094 491 1123 543 p.
1142 473 1163 526 i.
1187 475 1273 540 foret,

49 547 88 597 ei.
108 543 144 597 ad
162 549 189 610 1,
206 545 252 608 36,
270 548 297 599 3.
317 553 347 596 et
358 547 386 611 3,
402 547 450 610 49,
466 547 492 600 l.
511 546 540 598 ιιιΙ
551 546 690 612 professae
703 547 831 598 indiciam
846 546 973 598 aliorum
991 545 1090 600 Seiani
1108 547 1270 600 amicarum

50 619 133 683 toret,
150 615 225 669 unde
239 616 407 685 periculum
420 615 534 694 effugit.
556 617 599 670 ot.
612 615 655 671 'sd
672 619 718 684 19,
737 621 783 684 49,
803 623 828 674 1.
853 616 897 671 De
915 617 978 671 eius
991 625 1086 672 morte
1105 637 1133 670 r.
1149 634 1211 689 cap.
1225 621 1270 674 39.

503 769 695 825 otrus
743 773 799 825 lv.

133 875 178 942 Ut
206 897 291 942 vero
318 877 490 942 Latinium
517 879 691 944 Latiarem
722 883 893 966 ingressus
929 888 991 957 est,
1028 887 1205 966 accusator
1232 899 1273 944 aa

50 983 128 1026 reus
148 963 242 1024 iuxta
262 963 364 1024 invisi
384 963 613 1048 gratissimum
643 964 870 1045 spectaculum
903 963 1161 1045 praebebantur.
1205 965 1271 1024 La-

49 1047 155 1122 tiaris,
181 1057 221 1107 ut
241 1045 356 1122 retuli,
388 1047 588 1128 praecipuus
615 1047 698 1108 olim
726 1046 1012 1110 circumveniendi
1038 1047 1124 1109 Titii
1153 1047 1272 1109 Sabini

49 1139 83 1190 et
123 1135 204 1190 tunc
246 1125 388 1190 luendae
422 1147 548 1210 poenae
587 1132 716 1211 primus
748 1133 824 1192 fuit.
866 1131 961 1193 Inter
993 1149 1076 1213 quae
1107 1131 1271 1192 Haterius

48 1213 196 1297 Agrippa
223 1211 373 1274 consules
399 1214 478 1274 anni
503 1213 628 1296 prioris
661 1215 794 1293 invasit,
828 1231 895 1294 eser,
926 1223 1034 1275 mataa
1065 1217 1272 1276 accusatione

47 1299 184 1374 intenta,
210 1315 295 1358 nanc
321 1293 475 1358 silerent?
521 1295 642 1360 Metam
668 1317 804 1378 prorsas
834 1306 866 1360 et
901 1301 1029 1360 noxiam
1057 1292 1272 1361 conscientiae

45 1399 108 1460 pro
130 1379 260 1458 foedere
281 1377 410 1442 baberi:
431 1389 467 1442 at
488 1397 552 1442 aaa
572 1375 730 1444 Patribus
751 1381 925 1461 reticenda,
957 1400 1039 1464 qaae
1060 1381 1268 1446 audivissent.

48 1463 205 1548 Regulus,
226 1479 350 1525 manere
372 1475 489 1544 tempas
510 1463 645 1528 allionis
673 1483 768 1546 seque
797 1484 903 1527 coram
922 1461 1076 1546 Principe
1103 1475 1271 1529 acaemeta-

48 1565 131 1608 rum:
159 1545 255 1624 Trio,
284 1543 521 1609 aemulationem
549 1548 809 1632 interrobagat,
838 1557 870 1610 et
902 1551 933 1612 ei
953 1569 1017 1631 qao
1039 1549 1205 1612 discordes
1226 1553 1270 1612 ie-

48 1633 177 1708 cissent,
199 1629 307 1692 melias
328 1628 507 1708 obliterari,
541 1630 724 1714 respondit.
768 1631 917 1720 Urgente
941 1631 1101 1720 Agrippa,
1130 1631 1269 1716 Sanqui-

47 1718 125 1776 nius
146 1713 314 1776 Maximus
343 1733 361 1774 c
389 1715 619 1778 consularibus
652 1715 764 1778 oravit
784 1723 946 1794 senatum,
979 1733 1021 1776 ne
1043 1735 1140 1778 curas
1162 1715 1269 1798 Impe-

46 1799 171 1861 ratoris
205 1795 400 1879 conquisitis
440 1799 579 1879 insuper
613 1799 852 1864 acerbitatibus
889 1807 1068 1886 sugerente
1116 1799 1270 1862 sufficere

44 1884 157 1964 ipsum
177 1879 360 1942 statuendis
381 1879 549 1944 remediis.
594 1881 650 1944 Sic
671 1881 801 2024 R⁰l⁰¹⁰
831 1881 920 1946 salus
952 1889 987 1944 et
1007 1881 1130 1946 Trioni
1151 1881 1269 1946 dilatio

46 1966 144 2026 exitii
164 1966 321 2048 quaesita.
364 1963 527 2028 Haterius
558 1965 701 2027 invisior
736 1965 796 2041 uit,
826 1965 903 2047 quia
931 1983 1047 2026 somno
1074 1973 1133 2026 aut
1157 1965 1270 2029 libidi-

45 2049 137 2110 nosis
173 2047 300 2136 vigiliis
334 2043 501 2110 marcidus
543 2057 578 2109 at
615 2047 658 2109 ob
698 2048 876 2133 segnitiam
910 2049 1062 2129 quamvis
1097 2047 1269 2110 crudelem

45 2131 235 2214 Principem
269 2149 336 2192 non
367 2137 519 2192 metuens
552 2129 739 2194 illustribus
770 2132 856 2195 viris
882 2131 1065 2214 perniciem
1094 2131 1186 2193 inter
1211 2153 1268 2220 ga-

47 2235 143 2276 neam
164 2233 201 2275 ac
222 2223 340 2296 stupra
360 2211 594 2290 meditabatur.

120 2337 145 2388 1.
164 2331 301 2386 Latinium
319 2330 457 2385 Latiarem
475 2328 518 2396 (r.
538 2334 565 2396 4,
584 2333 620 2386 69
639 2329 695 2401 sq.)
722 2331 864 2396 ingressae
883 2337 922 2384 est
940 2332 1002 2386 scil.
1022 2333 1198 2388 Paconianus
1222 2351 1270 2386 ac-

46 2412 177 2458 cusator:
196 2420 281 2468 „narn
300 2404 325 2456 is
342 2404 516 2474 promiserat
534 2402 687 2468 iudicium,
707 2411 736 2458 at
753 2411 908 2474 postquam
947 2405 1111 2471 erinissum,
1138 2412 1173 2456 ut
1191 2405 1267 2458 indi·

46 2475 127 2528 cium
156 2473 264 2542 ederet,
292 2475 435 2538 ingressae
458 2479 507 2541 est,
532 2475 697 2528 nominavit
719 2475 873 2528 Latiarem.
918 2421 1010 2540 &aare
1027 2475 1141 2541 ingredi
1166 2485 1210 2530 est
1228 2475 1267 2531 id.

46 2547 94 2618 qd.
119 2547 249 2612 incipere,
279 2554 314 2598 ut
338 2552 480 2598 acmatar
502 2546 662 2611 ingreditar
690 2549 733 2612 16,
757 2549 801 2602 39.
827 2546 942 2610 ingredi
968 2547 1146 2612 defensionem
1171 2553 1215 2613 ll,
1239 2550 1267 2604 9.

45 2619 160 2672 criseam
177 2617 252 2672 Plin.
273 2633 317 2687 ep.
337 2619 365 2684 3,
384 2621 410 2673 9.
437 2617 643 2684 disputationem
669 2618 729 2670 (lic.
753 2635 782 2688 p.
803 2615 918 2672 Caecin.
938 2633 963 2670 c.
982 2621 1026 2674 ts.
1054 2619 1168 2684 ingredi
1184 2620 1267 2696 virg.

44 2691 116 2744 Aen.
142 2691 170 2754 6,
194 2691 256 2746 367.
298 2687 408 2748 Passim
426 2690 468 2742 ita
490 2688 679 2744 Accusatirus
706 2691 758 2744 iun
781 2689 843 2744 itur
867 2689 969 2744 Verbis
997 2691 1205 2754 intransitivie,
1234 2699 1268 2744 ut

45 2761 125 2816 Caes.
145 2762 177 2816 B.
197 2761 232 2816 G.
253 2765 279 2827 1,
297 2763 341 2816 39.
360 2776 433 2813 raam
451 2761 535 2826 satam
553 2762 740 2829 querebantur,
760 2708 829 2814 bie.
847 2759 884 2814 de
902 2759 951 2814 aff.
970 2763 997 2826 3,
1017 2765 1059 2818 lb.
1090 2763 1136 2830 qai
1152 2763 1269 2814 stodiam

44 2833 141 2898 currit,
159 2831 242 2910 Virg.
261 2831 332 2888 Aen.
353 2833 379 2898 6,
398 2833 459 2888 131.
479 2831 552 2900 itque
569 2833 690 2900 reditque
713 2833 813 2885 aiam.“
841 2831 950 2886 Waltb.
982 2840 1012 2885 et
1038 2833 1079 2886 ita
1098 2832 1179 2886 Acid.
1218 2833 1267 2887 Sic

43 2920 115 2959 vero
133 2903 205 2958 bane
223 2904 333 2957 dicitur
349 2901 465 2968 ingredi
482 2919 546 2968 rem,
572 2920 631 2957 non
654 2905 675 2956 i.
692 2903 829 2960 bominem.
865 2903 966 2976 Neque
989 2903 1147 2976 probabilis
1172 2905 1268 2975 expli-

42 2977 121 3029 catio
139 2975 279 3028 aliorum:
310 2976 454 3028 actionem
480 2981 582 3028 contra
607 2993 672 3029 essm
695 2977 842 3052 ingranam
867 2983 928 3040 est,
954 2975 1010 3028 etsi
1035 2975 1225 3030 sententiali.
1246 2975 1265 3028 l.

42 3050 87 3101 ita
106 3048 292 3118 exprimitur.
329 3046 482 3100 Ernestius
501 3047 613 3111 ingredi
631 3047 742 3100 dietum
753 3045 879 3171 Latebat
904 3039 960 3118 pro
978 3047 1112 3112 aggredi,
1137 3055 1171 3098 ut
1193 3045 1265 3102 salt.

41 3121 107 3196 lug.
127 3122 170 3176 98.
190 3125 221 3172 et
238 3118 343 3172 lustin.
362 3122 407 3183 41,
421 3121 447 3174 4.
465 3117 628 3188 (Numidiam
644 3126 674 3172 et
685 3119 754 3172 Part
812 3119 942 3184 ingredi)
960 3116 1063 3172 saltem
1076 3117 1137 3172 Cic.
1150 3117 1186 3172 da
1204 3135 1265 3176 seu.

42 3195 87 3248 14.
104 3188 127 3255 l.
147 3193 191 3246 49.
201 3208 250 3260 qu.
269 3189 355 3246 Acad.
370 3193 397 3254 4,
412 3194 437 3245 6.
451 3197 482 3243 et
498 3191 580 3265 virg.
602 3189 655 3246 Ge.
668 3193 695 3255 9,
710 3191 767 3246 tta
787 3189 837 3244 ubi
849 3207 877 3245 r.
889 3189 988 3246 Burm.
1008 3187 1066 3244 Sed
1074 3189 1266 3254 ingredilocis

47 3261 121 3315 Sall.
141 3269 171 3316 et
188 3261 295 3316 lustini
314 3269 358 3316 est
374 3262 492 3325 intrare,
518 3261 550 3314 in
569 3263 674 3316 ceteris
692 3261 821 3327 incipere.
849 3259 1012 3316 Gf.tamad
1028 3263 1130 3328 lats,
1145 3266 1169 3318 1.
1190 3268 1265 3316 extr.

39 3333 195 3388 Rhenanus
212 3331 288 3386 male
303 3333 379 3389 coni.
419 3333 456 3388 Ut
470 3347 533 3386 aero
550 3332 646 3385 Latini
659 3333 785 3386 Latiaris
803 3334 947 3398 ingresmes
966 3337 1006 3384 est
1019 3339 1163 3386 accusator
1180 3333 1267 3384 Arias

40 3414 98 3461 cet.
114 3403 305 3459 Praeferanda
325 3403 488 3458 emendatio
502 3405 596 3474 Lipsii
618 3404 754 3458 Latiarem
771 3409 986 3469 aggressusest.
1005 3422 1033 3460 v.
1050 3403 1085 3458 ad
1097 3407 1125 3468 4,
1136 3409 1163 3470 3,
1178 3407 1201 3459 l.
1221 3405 1264 3456 la·

37 3477 288 3530 sementationem
305 3475 363 3530 MS.
384 3503 417 3514 -
435 3483 579 3529 aecusator
597 3491 630 3527 ac
647 3491 710 3529 reas
727 3475 790 3530 edd.
810 3492 869 3532 rec.
897 3493 933 3529 ex
956 3475 1067 3528 emend.
1087 3475 1191 3547 Lipsii.
1211 3491 1264 3526 ac-

37 3555 167 3602 cusator.-
185 3547 279 3600 acrias
297 3547 360 3601 edd.
379 3548 445 3604 Ber.
464 3547 558 3602 Rhen-
577 3553 602 3604 1.
622 3553 765 3600 accasator
782 3547 884 3600 Aerias
902 3546 965 3601 edd.
984 3546 1077 3602 liben-
1101 3550 1128 3603 2
1147 3551 1174 3604 3.
1198 3547 1264 3602 ald.

36 3628 186 3673 accusatae
204 3633 238 3670 ae
255 3635 317 3672 reae
333 3620 412 3672 iacta
429 3619 515 3673 incisi
533 3619 570 3685 (r.
590 3618 626 3672 ad
644 3625 670 3686 1,
689 3621 717 3685 6,
735 3618 776 3684 6.)
794 3617 976 3684 gretbmmam
994 3619 1171 3686 spectaeetam
1186 3633 1266 3685 prae·

36 3692 171 3744 bebantssr
187 3689 245 3745 MS.
265 3699 295 3745 et
313 3692 357 3747 ed.
377 3690 468 3746 Bekls.
484 3691 651 3758 praebebant
669 3689 814 3746 malebant
830 3691 909 3762 Lips.
927 3692 1002 3746 lllur.
1023 3689 1101 3744 Picla.
1118 3691 1265 3758 praebeba-

36 3769 85 3816 tar
104 3761 167 3818 edd.
187 3771 217 3816 at
233 3770 292 3816 ret.
317 3771 346 3817 et
372 3780 433 3820 ree.
468 3763 593 3830 „Ileates
621 3779 689 3816 nam
712 3769 854 3815 armentar
877 3769 903 3814 et
928 3777 991 3815 reas
1013 3779 1074 3816 non
1097 3763 1265 3827 praebebant

36 3833 90 3888 vel
106 3835 303 3902 praebebantur
320 3842 396 3900 grat.
415 3833 602 3902 spectacular,
622 3835 700 3905 quod
717 3833 777 3887 dici
795 3833 951 3888 absurdum
976 3841 1030 3897 ast,
1057 3833 1108 3888 sed
1133 3833 1265 3898 gratissi-

34 3923 105 3960 mam
124 3905 301 3972 spectaculum
317 3907 509 3974 praebebatur,
534 3905 622 3977 idqsse
640 3905 835 3978 spectaculum
856 3914 941 3960 erant
956 3913 1099 3958 accusatas
1113 3921 1146 3958 ac
1164 3905 1263 3970 reas“;

36 3977 150 4033 Weiss.
186 3975 242 4031 Sed
260 3995 354 4048 neque
371 3979 541 4044 praebebant,
560 3995 654 4048 neque
669 3979 852 4044 praebebatur
868 3976 1023 4031 absurdum
1039 3977 1136 4030 videri
1180 3983 1262 4031 otest.

34 4050 89 4104 Sic
107 4048 227 4102 Ovidius
245 4049 279 4102 li.
298 4049 332 4102 Α.
351 4053 378 4113 9,
397 4049 878 4118 sst.praeteneepeesaea1aeapn·
901 4057 931 4102 et
956 4047 1008 4100 alii
1025 4047 1136 4101 similia
1175 4049 1181 4061 '
1205 4066 1263 4106 ere.

33 4129 65 4176 at
91 4137 158 4174 aera
182 4121 323 4174 Latiniano
343 4122 481 4174 Latiarem
507 4121 651 4184 ingressae
674 4127 715 4172 est
744 4125 888 4174 accessator
914 4118 1007 4174 armas
1033 4120 1112 4172 iacta
1141 4119 1264 4182 invisam,

32 4199 113 4258 grat.
145 4207 186 4260 sp.
209 4193 389 4259 praebebatur
412 4194 488 4246 coni.
508 4193 580 4245 Ern.
600 4223 633 4234 -
651 4197 681 4244 at
699 4193 827 4256 retulit,
845 4195 880 4250 68
898 4209 941 4262 sq.
973 4221 1008 4236 -··
1033 4190 1147 4244 luendae
1162 4207 1264 4258 poenae

30 4267 150 4333 primas,
169 4283 197 4320 v.
216 4263 252 4317 sd
270 4270 296 4330 1,
314 4267 360 4328 tlt,
378 4268 406 4330 2,
426 4267 499 4328 etb,
521 4268 563 4329 ll,
582 4266 608 4319 3.

109 4341 137 4393 2.
158 4337 232 4390 later
249 4351 317 4405 qaae
335 4334 452 4400 (vitiose
468 4336 591 4403 interque
607 4335 651 4388 ed.
671 4335 750 4400 Ber.)
768 4335 900 4390 Haterius
917 4334 1046 4404 Agrippa
1069 4334 1118 4400 (ci.
1139 4335 1202 4390 lad.
1226 4335 1263 4398 1.)
