2904 4798
188 205 249 272 482
589 199 831 265 ANNALlUM
852 199 937 266 ΜΒ.
961 197 1021 263 vl.

188 375 312 424 utamur.
350 365 462 438 ldpulae
484 365 645 420 celebratae
670 367 701 420 in
724 367 894 422 samonam
921 367 1091 420 demortuae
1108 365 1262 441 Augustae,
1285 379 1336 418 uon
1353 371 1387 416 ta-

187 452 257 494 men·
274 437 478 503 novemdiales,
497 454 570 508 quae
588 440 712 493 mortuis
729 440 820 516 vulgo
840 439 983 493 celebrari
1003 437 1143 506 solebant,
1168 437 1218 492 aed
1241 437 1271 488 in
1291 437 1387 505 praeci-

186 529 277 584 puum
296 511 378 564 illius
396 509 537 563 bonorem
557 508 688 564 decretae
707 519 736 564 et
754 511 844 564 natali
863 511 924 564 eiua
949 509 998 562 die
1023 508 1219 562 celebrandae.
1255 507 1333 560 Cotta
1353 509 1387 558 io-

185 601 253 638 cose
272 599 392 636 coenam
410 581 485 634 dixit
503 581 702 650 novendialem,
722 583 782 636 ein
800 581 1089 648 Leicbenessen,
1150 581 1218 651 ippe
1236 579 1389 634 celebratam

186 655 355 710 defunctae:
375 653 426 724 qui
446 654 524 706 iocus
543 668 601 706 non
619 659 734 723 poterat
758 669 817 708 non
835 654 868 707 in
891 660 1094 722 contemptum
1139 659 1261 728 ugustae
1282 650 1389 718 accipi.tt

188 725 293 781 Wattb.
330 726 447 792 „Causa
471 724 528 778 ioci
551 723 638 794 paulo
665 725 753 778 altius
778 725 908 796 petenda
952 724 1076 778 Mortuis
1100 725 1163 777 ritu
1189 723 1313 776 Romano
1341 737 1388 774 non

185 797 349 854 antediem
366 812 475 850 nonum
494 795 706 864 parentabatur.
743 797 827 850 Tunc
846 799 883 851 iis
902 798 987 862 iusta,
1006 795 1078 861 ludi,
1104 796 1219 866 epulae,
1243 793 1388 862 inscriptio,

185 878 215 926 et
233 871 333 924 funeri
351 868 438 920 linis:
457 883 535 920 nono
554 883 625 922 vero
644 868 692 922 die
709 876 827 939 praeter
845 869 903 922 alia
921 883 1010 922 coena
1027 867 1162 920 funebris
1217 866 1341 935 ulaeque.
1358 865 1387 916 cf.
1425 885 1426 902 ¹

185 940 287 994 Donat.
308 941 338 993 in
357 937 477 992 Terent.
498 938 614 991 Pborm.
636 945 662 1004 l,
682 943 708 1006 l,
727 942 753 996 6,
777 941 860 1016 virg.
880 939 952 994 Aen.
969 942 1001 1006 5,
1019 941 1063 996 64.
1089 936 1160 992 Stat.
1179 883 1279 992 eflueb-
1295 939 1322 1002 b,
1338 938 1388 992 tit.

184 1011 339 1089 Angustia.
369 1013 400 1064 in
428 1011 559 1064 Genesin
583 1013 690 1076 l,18²·
721 1011 777 1064 lul.
803 1011 903 1081 Obseq.
925 1013 985 1067 tlt.
1013 1009 1141 1064 Ternffl.
1161 1009 1197 1064 de
1214 1009 1321 1064 testim.
1339 1007 1388 1059 ani·

184 1101 248 1139 mae
266 1101 292 1136 c.
311 1087 337 1140 t.
367 1090 396 1136 et
420 1082 456 1135 de
482 1099 591 1136 resurr.
618 1082 714 1136 carnis
741 1099 764 1136 c.
785 1087 811 1138 l.
850 1082 945 1136 Coena
963 1081 1042 1135 dicta
1060 1079 1387 1146 innocentianae:

184 1157 212 1210 ei
231 1171 303 1210 vero
321 1155 396 1208 certi
415 1153 533 1224 quidam
552 1153 610 1206 eibi
635 1153 762 1225 proprii,
788 1170 843 1208 ova
871 1153 907 1207 ad
931 1153 1135 1208 lustrationem
1158 1151 1291 1205 adhiberi
1308 1150 1387 1208 solite,

183 1229 257 1294 lens,
277 1226 329 1290 sal,
349 1225 450 1280 libum.
471 1243 498 1280 v.
513 1224 642 1280 luvenal.
662 1227 690 1289 e,
708 1227 752 1281 et.
772 1227 816 1282 85·
835 1225 911 1278 Plut.
931 1225 963 1278 in
981 1224 1086 1278 Crasso
1105 1241 1128 1278 a.
1149 1226 1194 1280 36.
1214 1223 1249 1278 Τ.
1261 1223 1285 1274 l.
1303 1224 1388 1292 pest.

183 1299 239 1352 Dio
257 1299 302 1362 ot,
320 1300 347 1353 9.
367 1293 494 1349 'l'ertull
514 1295 628 1372 apolog.
649 1299 691 1352 1³.
711 1295 815 1350 Festus
832 1310 860 1352 v.
880 1295 1062 1350 silicernium.
1082 1297 1167 1347 llunc
1181 1311 1293 1348 morem
1311 1302 1389 1345 trans·

183 1371 240 1424 isse
265 1367 301 1422 ad
320 1367 501 1422 Christianos
528 1368 649 1420 tradunt
667 1375 696 1420 et
714 1375 852 1421 excusant
870 1367 1008 1420 Paulinus
1028 1368 1060 1419 in
1077 1365 1187 1418 Felicis
1211 1365 1303 1418 natali
1319 1369 1344 1420 9.
1367 1370 1388 1414 et

183 1441 226 1494 Au
270 1441 339 1492 stin.
359 1440 482 1492 contess-
508 1441 535 1504 b,
554 1441 580 1494 2.
607 1447 636 1492 et
661 1439 696 1492 de
720 1439 776 1494 civ.
797 1438 844 1492 dei
863 1441 891 1504 8,
910 1441 956 1494 tt.
993 1437 1038 1490 Ad
1053 1455 1099 1492 eas
1119 1453 1189 1512 ergo
1208 1434 1390 1490 novendiales

182 1529 238 1582 epu
252 1529 282 1564 as
300 1509 331 1564 h.
348 1511 368 1562 l.
388 1509 526 1574 ellurum,
546 1518 575 1562 et
593 1529 684 1580 φιιιηι
704 1509 808 1563 natalis
828 1509 963 1584 Augusti,
991 1509 1052 1562 dies
1072 1509 1164 1563 laetus
1182 1517 1339 1578 auctorque
1356 1509 1389 1558 vi-

182 1593 238 1649 tae,
258 1582 465 1645 celebraretur,
493 1581 588 1634 videri
616 1581 672 1634 sibi
691 1580 776 1633 Cotta
794 1579 902 1636 ferales
926 1583 1026 1650 potins
1045 1597 1092 1634 eae
1112 1579 1210 1650 epulas
1229 1579 1315 1646 dixit,
1342 1580 1389 1631 siue

182 1657 251 1724 quia
275 1653 329 1706 ille
353 1659 438 1704 natus
463 1652 548 1705 exitii
571 1667 654 1704 eausa
680 1651 795 1716 multis,
823 1653 885 1705 sive
913 1653 981 1722 quia
1006 1659 1072 1705 ante
1095 1667 1201 1704 novem
1234 1653 1313 1704 forte
1341 1651 1390 1702 dies

181 1726 268 1779 multi
287 1743 303 1776 a
322 1722 440 1776 Tiberio
460 1722 619 1778 interfecti.
657 1723 691 1774 ld
709 1722 814 1793 placet,
834 1731 864 1776 et
881 1725 1001 1788 mirum,
1026 1724 1102 1776 niis
1128 1723 1219 1788 iocus,
1245 1723 1342 1776 verior
1361 1721 1390 1770 li·

181 1797 263 1849 berio
322 1811 337 1847 e
412 1812 441 1846 m
460 1802 493 1845 ut
512 1791 626 1846 Cottam
645 1793 752 1860 deceat,
773 1793 801 1846 ei
820 1795 963 1849 exciderit
980 1803 1048 1863 post
1066 1803 1194 1870 stragem
1213 1792 1321 1847 Seiani.
1338 1793 1391 1845 Non

180 1867 283 1920 absimi
299 1883 314 1919 e
341 1865 416 1917 ilud
440 1864 534 1918 Plauti
553 1863 651 1917 Aulul.
670 1867 697 1931 2,
716 1869 743 1930 t,
762 1865 805 1921 46.
840 1881 920 1919 cocae
943 1865 992 1918 ille
1016 1865 1173 1918 nundinalis
1191 1873 1242 1930 eet,
1267 1867 1297 1918 in
1313 1879 1391 1916 naam

179 1938 247 1992 dien
265 1939 333 2008 solet
359 1936 402 1989 ire
420 1943 528 1999 coctam,
554 1937 573 1988 i.
589 1953 614 1990 e.
637 1936 739 1990 feralia
762 1936 1011 2008 novemdialisque
1030 1943 1059 1990 et
1077 1937 1129 2007 qui
1148 1937 1276 1990 mortuis
1294 1943 1391 1989 tantum

113 2055 127 2079 0
180 2017 263 2081 parat
281 2010 312 2060 in
331 2025 466 2074 coenam,
492 2015 526 2060 ut
548 2008 645 2076 praeit
667 2007 749 2061 nobis
773 2007 845 2062 bene
864 2008 996 2063 Festus.“
1016 2009 1092 2075 Ls'pa
1124 2041 1155 2050 -
1185 2025 1346 2076 querensque
1367 2007 1392 2057 de

177 2080 299 2150 potentia
323 2079 366 2135 M.
386 2079 486 2144 Lepidi
511 2085 538 2130 et
564 2080 596 2132 1..
617 2078 754 2146 Arruntii,
781 2095 809 2134 v.
830 2077 865 2132 ad
884 2085 910 2143 1,
930 2084 976 2145 13,
996 2085 1021 2134 l.
1047 2088 1076 2134 et
1100 2081 1127 2136 2.
1164 2077 1390 2146 quermpuebls.

179 2153 242 2207 edd.
262 2151 353 2206 Rhen.
373 2149 436 2204 Alt.
458 2149 536 2203 Picb.
556 2166 614 2205 rec.
634 2165 814 2218 quaerensque
832 2150 875 2205 ed.
894 2151 958 2206 Ber.
980 2157 1179 2218 querentesque
1196 2151 1260 2206 edd.
1278 2152 1352 2220 Lips.
1370 2156 1392 2202 et

179 2223 266 2279 Grut.
285 2237 466 2291 „querensque
483 2221 556 2276 bene
574 2221 705 2277 restituit
724 2219 859 2287 Piclseua,
886 2221 936 2276 sed
954 2223 1031 2291 quod
1057 2223 1124 2276 inde
1148 2223 1278 2298 colligit,
1304 2225 1392 2298 legen-

179 2295 248 2348 dum
268 2313 283 2348 e
303 2294 378 2347 coni.
415 2293 509 2364 Lipsii
527 2292 643 2345 diuueet
663 2323 694 2334 -
715 2291 880 2356 addidisset,
899 2293 985 2363 idque
1004 2294 1036 2346 in
1053 2301 1167 2348 textum
1181 2296 1305 2365 recepit,
1325 2295 1354 2347 in
1366 2307 1392 2347 eo

177 2367 257 2442 fugit
275 2365 360 2417 illum
380 2367 472 2418 ratio:
499 2381 565 2418 nam
592 2379 702 2433 quereres
720 2364 827 2433 pendet
850 2364 885 2418 ab
903 2365 1061 2430 arguitur.“
1079 2365 1146 2421 Era.
1185 2397 1218 2407 -
1250 2367 1393 2420 Tiberiolus

176 2453 258 2505 neue,
277 2439 314 2490 of.
333 2436 370 2489 ad
390 2441 415 2501 l,
434 2439 479 2502 bt),
498 2439 527 2492 3.

249 2531 274 2586 2.
294 2543 376 2596 nepe
394 2532 490 2578 cuncta
510 2553 541 2563 -
561 2524 755 2591 revincebatur,
775 2533 808 2577 ut
826 2526 913 2596 paulo
932 2534 999 2580 ante
1023 2525 1153 2590 arguitur
1178 2529 1321 2598 pleraque,
1343 2527 1390 2594 (ct.

177 2598 296 2661 notnl.)
309 2614 368 2651 non
384 2598 525 2660 omnium,
545 2615 618 2668 quae
629 2597 712 2650 Cotta
731 2598 758 2650 ei
777 2597 933 2664 obiecerat,
952 2599 1189 2652 convincebatur.
1209 2607 1393 2668 aequaeuam

177 2671 234 2726 MS.
247 2669 309 2723 edd.
321 2667 401 2720 Pich.
422 2675 451 2721 et
470 2685 527 2720 rec.
546 2683 629 2734 neque
648 2675 786 2720 cunctatus
796 2668 859 2721 edd.
870 2667 934 2724 Ber.
943 2667 1034 2722 llben.
1045 2667 1112 2721 Ald.
1132 2671 1250 2734 „Recte
1270 2689 1325 2744 pro
1340 2687 1390 2723 cus-

177 2748 293 2806 ctonter,
313 2745 348 2792 ut
361 2741 474 2809 saepius
488 2738 694 2808 adiectivapro
709 2740 774 2794 adv.
792 2740 974 2810 ponuntur.“
992 2740 1073 2794 Roth.
1091 2741 1127 2794 ad
1136 2742 1202 2796 Tac.
1267 2763 1292 2800 r.
1301 2763 1329 2814 p.
1338 2747 1391 2802 ffl-

175 2829 258 2883 neque
269 2809 403 2864 contatiue
416 2809 478 2863 edd.
493 2809 571 2882 Lips.
581 2811 667 2864 Grut.
681 2825 763 2876 eaque
782 2818 879 2863 canen
896 2812 1041 2865 malebant
1051 2811 1131 2864 l'icb.
1145 2823 1174 2866 et
1184 2815 1321 2870 Freinsh.
1340 2817 1392 2883 qaia

175 2901 258 2955 aeque
280 2888 377 2934 wacta
403 2879 502 2934 lleins.
528 2887 607 2950 atque
634 2885 731 2932 cuncto
755 2881 836 2934 Brot.
866 2882 933 2935 ittoe
957 2884 1059 2951 quiden
1082 2893 1200 2952 amotus,
1230 2903 1272 2939 me
1298 2886 1392 2940 men!

177 2954 309 3012 tuebitur
330 2953 390 3008 Tib.
410 2967 481 3008 neue
498 2967 551 3004 ne:
569 2968 637 3020 quae
655 2958 751 3006 cuncto
769 2961 824 3006 cet.
844 2953 901 3006 lac.
922 2954 1014 3007 Gron.
1035 2954 1182 3020 „Frusua
1211 2957 1277 3012 Duo
1296 2960 1392 3014 Noster

175 3029 270 3093 affert,
289 3043 364 3097 quae
381 3023 575 3078 accusationis
595 3031 732 3077 eventum
750 3025 955 3094 impedierint:
974 3027 1114 3096 primum,
1141 3029 1218 3099 qaod
1234 3047 1289 3082 aon
1307 3037 1391 3084 cuncta

173 3099 369 3162 revincebatur,
390 3097 526 3161 alterum,
546 3094 623 3166 qnod
640 3095 678 3146 od
694 3095 880 3162 inperatorem
896 3098 1064 3166 praecavit,
1084 3115 1174 3170 quum
1192 3102 1339 3171 primores
1357 3103 1391 3154 ci·

174 3171 275 3226 vitatis
286 3167 482 3221 nihilominus
495 3163 668 3220 instarent.“
689 3167 793 3220 Waten
813 3197 846 3209 -
858 3167 1035 3222 ammonitum
1050 3169 1215 3236 fabulantur,
1234 3175 1392 3228 confabula-

174 3244 299 3302 tionum,
323 3258 386 3295 av.
414 3238 481 3302 teri.
511 3240 549 3290 ei.
568 3237 604 3290 ad
622 3237 653 3289 0.
673 3239 699 3294 2.
723 3256 753 3290 n.
772 3239 799 3295 ².
838 3271 871 3282 -
901 3239 1077 3308 simplicitas,
1104 3243 1235 3308 fatuitas,
1263 3247 1389 3297 stultitia.

174 3313 248 3367 Nam
267 3311 382 3379 simplex
400 3307 511 3362 dicitur
528 3307 578 3364 vel
596 3309 728 3364 sincerus
747 3317 778 3363 et
795 3310 943 3376 candidus,
963 3313 1013 3364 vel
1032 3313 1149 3379 stultus,
1177 3316 1228 3384 qui
1252 3315 1288 3368 ob
1309 3319 1392 3370 since·

174 3385 293 3438 ritatem
318 3397 399 3435 auam
425 3379 504 3434 nibil
528 3379 639 3434 fraudis
665 3381 832 3450 suspicatur
855 3391 885 3435 et
911 3381 1000 3436 facile
1023 3383 1148 3439 fallitur.
1175 3388 1211 3438 ci.
1239 3387 1274 3440 ad
1300 3388 1336 3440 G.
1355 3389 1390 3444 tt,

174 3475 204 3509 n.
224 3460 250 3511 7.
270 3487 301 3497 —
322 3454 352 3506 ia
370 3449 469 3506 minen
486 3451 516 3504 h.
534 3469 558 3507 e.
579 3451 698 3504 crimini
718 3453 868 3507 monete.
905 3452 972 3518 „Sic
990 3469 1023 3506 ne
1041 3455 1100 3522 prae
1117 3457 1273 3510 modestiam
1291 3461 1322 3514 ia
1339 3475 1390 3510 eou-

172 3525 311 3581 scientium
321 3526 428 3578 ducent
436 3521 505 3576 Sall.
516 3523 580 3598 lug.
594 3540 619 3580 c.
629 3522 693 3580 85³⁴
713 3523 810 3592 Wapi.
831 3522 876 3579 ct.
895 3525 931 3578 ad
948 3525 1022 3592 lte,
1034 3525 1117 3593 ibit.
1138 3537 1168 3582 et
1186 3528 1248 3582 lnd.
1260 3531 1302 3586 ll.
1319 3531 1392 3590 ela.

615 3647 810 3702 cAPU't
863 3649 928 3702 vt.

255 3757 389 3858 Insigne
410 3755 520 3820 visum
541 3763 591 3818 est
612 3774 728 3818 earum
749 3751 900 3822 Caesaris
932 3757 1107 3822 literarum
1133 3759 1288 3838 initium3
1324 3782 1394 3826 nam

172 3842 224 3906 his
246 3843 358 3906 verbm
379 3857 518 3904 exorans
541 3847 608 3902 est:
639 3837 726 3910 Quid
745 3839 881 3904 saudan
902 3839 1004 3920 uobis,
1024 3839 1064 3907 P.
1083 3839 1143 3921 C.,
1165 3855 1222 3908 aut
1244 3847 1393 3928 quomado

171 3925 318 4004 scribant,
341 3933 397 3986 aut
419 3923 500 4006 quid
519 3925 645 3985 ommno
665 3941 730 3984 noa
750 3923 888 3987 scribare
909 3923 970 3988 hoe
993 3935 1140 4007 tempore,
1171 3929 1220 3991 dii
1239 3949 1286 3991 me
1308 3931 1393 3991 deae·

171 4029 232 4094 que
249 4013 343 4091 peius
367 4007 508 4088 perdant
536 4025 627 4088 quam
645 4009 752 4086 perire
772 4027 819 4068 me
838 4009 984 4091 quotidie
1004 4013 1120 4089 sentio,
1143 4015 1173 4073 si
1194 4014 1271 4076 acio.
1303 4011 1393 4074 Adeo

170 4095 322 4155 facinora
343 4099 441 4173 atque
462 4089 589 4175 flagitia
610 4109 671 4151 sua
692 4091 757 4172 ipsi
778 4109 907 4174 quoque
928 4093 964 4152 in
985 4094 1188 4236 supplicium
1210 4103 1392 4158 verterant.

171 4175 289 4257 Neque
318 4177 447 4237 trustra
473 4173 777 4255 praestantissimus
805 4177 987 4258 sapientiae
1046 4196 1158 4240 rmere
1184 4179 1304 4240 solitus
1334 4187 1393 4254 est,

171 4259 201 4318 si
223 4255 441 4318 recludantur
461 4263 686 4336 tyrannorum
707 4264 846 4354 mentes,
877 4276 974 4354 posse
1004 4260 1108 4341 aspici
1130 4261 1271 4324 laniatus
1292 4271 1330 4324 et
1352 4263 1395 4324 ic-

170 4347 237 4416 tus,
259 4337 401 4420 quando,
423 4347 461 4401 ut
482 4355 625 4419 corpora
646 4337 855 4422 verberibus,
876 4348 924 4404 ata
945 4344 1094 4416 saevitia,
1118 4343 1269 4424 libidine,
1297 4346 1394 4408 melis
