2762 4788
107 215 339 282 1111101011
361 215 579 282 1110110
600 215 888 282 0011110111.
912 217 939 303 s.
963 215 1072 284 xxx.
1154 217 1249 272 cxxv

22 393 46 460 1.
74 388 285 461 Annalium
311 387 398 459 libri
425 389 454 460 Ι.
481 389 529 461 11.
557 389 625 464 111.
651 409 738 459 eum
763 389 860 460 notis
886 386 1030 460 selectis
1061 387 1249 462 variorum

22 491 280 584 interpretum.
1040 531 1042 535 ·

118 589 185 664 ⁴9.
212 589 259 662 G.
285 589 336 662 H.
367 586 589 662 mamona
612 589 854 661 Hannoveree
883 588 986 664 1825.
1023 588 1159 663 811101.
1199 583 1252 660 od

19 688 248 790 opti-unsa
279 685 477 762 editionum
509 685 616 784 fidem
646 683 859 769 'sciolorum
897 687 935 760 ia
970 707 1070 760 mum
1105 702 1249 766 carata.

20 791 59 860 ln
85 789 191 862 calce
215 799 325 862 notae
350 790 529 885 quaedam
555 791 700 862 criticae
726 800 762 861 01
786 789 899 860 index
923 787 1129 859 historicus.

114 891 180 965 50.
222 887 265 960 C.
292 889 341 960 H.
376 885 528 963 Weissii
558 889 663 984 Lips.
706 889 810 965 1825.
850 887 905 962 12.
937 886 1034 960 Voll.
1061 889 1110 960 11.
1149 887 1250 960 Mera

17 1001 50 1060 et
76 991 217 1061 vitiosa
244 989 415 1072 editionis
442 986 607 1075 Oberlin.
634 989 816 1083 repetitio.
936 1025 951 1055 1

112 1090 178 1165 51.
219 1089 381 1162 Immon.
423 1083 585 1161 Belleri
617 1086 739 1161 Beral.
782 1086 887 1163 1825.
919 1088 956 1163 8.
990 1087 1080 1158 111111.
1125 1081 1252 1160 Taciti
1306 1107 1316 1158 1

18 1211 135 1290 opera
176 1212 230 1262 ex
261 1187 473 1261 recensione
497 1184 733 1262 Ernestioao
770 1187 808 1259 ia
833 1209 934 1259 asam
959 1183 1164 1260 sciolorum
1192 1207 1248 1256 re.

17 1290 186 1386 cognito,
235 1287 366 1360 multis
402 1287 551 1360 mutatis
584 1289 624 1359 in
663 1287 848 1359 scribendi
887 1297 923 1358 et
962 1285 1247 1380 interpungendi
1279 1299 1284 1308 '

17 1391 147 1460 modis.
204 1387 385 1460 Adiectus
421 1387 534 1460 index
574 1387 783 1460 historicus.
809 1429 860 1442 -
909 1387 1015 1458 idem
1040 1385 1085 1459 V.
1114 1382 1157 1456 C.
1185 1409 1248 1456 no-

15 1513 97 1560 ram
122 1489 267 1560 deinde
292 1487 411 1560 Taciti
441 1487 643 1560 editionem
676 1485 838 1581 vulgavit
870 1485 1019 1582 Lipsiae
1062 1482 1167 1561 1831.
1210 1485 1245 1560 8.

17 1587 96 1660 101.
123 1590 176 1662 Π.
206 1588 315 1660 cuius
337 1589 526 1684 inscriptio
552 1599 625 1660 est:
654 1584 770 1663 Gora.
793 1583 946 1659 Tacitae
971 1583 1019 1659 ab
1046 1581 1078 1658 I.
1097 1582 1148 1658 Li
1177 1585 1246 1672 rio,

16 1685 45 1762 1.
72 1685 122 1762 F.
151 1685 361 1780 Groaooio,
387 1683 436 1762 N.
464 1686 640 1786 Heinsio,
665 1685 697 1761 Ι.
718 1687 767 1758 Α.
788 1681 982 1775 amessia,
1007 1682 1053 1761 F.
1072 1685 1121 1770 Α.
1195 1682 1246 1758 01-

13 1785 60 1880 fio
86 1785 310 1862 suendum
335 1799 373 1860 et
398 1784 623 1878 illustratae,
649 1783 704 1860 ad
719 1783 866 1861 codices
890 1785 1165 1881 antiquissimos
1190 1807 1246 1857 re·

14 1891 194 1985 cognom
203 1914 221 1970 ,-
247 1898 285 1959 01
308 1885 512 1983 praeietioz·
541 1887 677 1978 „Quod
715 1885 845 1959 Curtio
879 1883 1061 1958 Pichenae
1092 1884 1185 1957 011111
1211 1895 1247 1957 et

15 1989 81 2060 tac.
105 1987 311 2062 'Gronovio
337 1987 499 2081 contigit,
533 1998 575 2059 ut
600 1987 788 2059 codicibus
818 1984 1042 2058 Florentinis
1074 1985 1121 2058 de
1154 1987 1246 2056 inte-

14 2113 76 2181 gro
101 2088 288 2184 inspectis
313 2088 407 2158 bene
431 2088 478 2159 de
503 2087 631 2161 Tacito
660 2097 856 2176 mererent,
897 2085 936 2157 id
969 2085 1067 2158 mihi
1100 2109 1246 2182 quaque

16 2188 252 2284 aliqrmtenus
289 2185 395 2258 licuit
428 2188 559 2282 adepta
600 2209 729 2258 eorum
766 2186 949 2258 librorum
986 2182 1185 2258 lectionem
1225 2209 1247 2255 e

15 2287 138 2360 Franc.
167 2287 286 2360 Furia
310 2286 356 2358 V.
382 2285 429 2358 D.
456 2297 618 2358 accurate
643 2297 860 2383 excerptam.
898 2284 1064 2356 Accessit
1084 2283 1246 2358 Niebuh-

15 2389 57 2458 rii
90 2385 282 2460 beneficio
321 2385 562 2458 Famesianus
601 2386 736 2480 dialogi
773 2385 900 2474 codex,
942 2407 1055 2482 quem
1092 2383 1246 2480 Neapoli

14 2497 224 2560 versaverat
249 2485 393 2558 1111110
416 2486 649 2558 immortalis.
701 2486 782 2558 Has
812 2485 926 2578 igitur
950 2482 1066 2556 libros
1091 2483 1245 2580 diligen·

14 2599 76 2678 ter,
100 2599 147 2660 ut
173 2609 246 2682 par
270 2595 356 2676 erat,
382 2587 555 2681 expressi,
582 2588 693 2658 etiam
711 2587 752 2658 in
775 2585 1040 2658 minutioribus
1060 2583 1245 2682 plerisque

13 2699 45 2760 et
82 2689 154 2760 ubi
196 2687 325 2759 minus
360 2687 432 2757 sibi
469 2687 543 2781 ipsi
578 2696 796 2759 constarent.
822 2725 873 2738 —
922 2685 1036 2758 Notae
1060 2684 1184 2781 Lipsii
1209 2695 1245 2760 et

13 2787 200 2860 Gronovii
227 2797 270 2858 ut
294 2785 522 2858 emendatius
547 2809 658 2881 quem
683 2786 781 2882 apud
798 2785 1010 2858 Ernestium
1038 2783 1245 2880 legerentur

14 2911 168 2982 operam
202 2885 302 2958 dedi.
362 2885 523 2958 Emestii
562 2886 676 2958 recidi
709 2884 917 2976 nonnullas,
964 2897 1001 2957 et
1025 2885 1244 2958 Heinsiunes

13 3010 232 3084 quanquam
255 2985 395 3057 invitus
421 2985 565 3080 reliqui.
619 2969 878 3058 Oberliniense
911 3008 958 3054 ne
993 2985 1245 3065 desiderentur

13 3089 72 3157 rix
97 3097 159 3160 est
182 3095 229 3158 ut
252 3109 388 3160 verear.
415 3085 560 3158 Indices
587 3085 848 3174 (Ernestianos,
875 3083 1092 3154 historicum
1128 3095 1164 3156 et
1172 3105 1244 3294 g

13 3189 112 3273 mm)
141 3183 276 3258 multis
303 3183 394 3256 locis
419 3183 560 3256 refinxi.
612 3182 769 3257 Codices
794 3183 909 3256 literis
936 3183 1012 3255 suis
1037 3181 1171 3256 initiali
1224 3187 1253 3254 ε’

14 3289 40 3354 s'
92 3282 198 3360 avi.“
613 3330 616 3336 ·
1219 3315 1223 3323 ’

110 3385 177 3462 52.
207 3383 377 3480 Theopb.
405 3381 630 3480 Kiessliagii
654 3385 775 3480 Lipsii
805 3385 909 3464 1829.
940 3384 995 3458 12.
1023 3385 1141 3459 Taciti
1166 3385 1242 3458 An·
1310 3455 1313 3464 .

14 3485 112 3558 nales
145 3509 194 3558 ex
234 3485 445 3556 recensione
486 3482 647 3558 Bekkeri
683 3487 723 3557 in
761 3485 846 3558 edit.
880 3487 908 3560 1.
973 3485 1073 3558 Haec
1119 3495 1242 3558 tamen

16 3609 120 3682 saepe
146 3587 349 3656 immutata
373 3596 438 3674 est,
464 3595 500 3656 et
525 3585 664 3658 adiecta
688 3587 874 3658 annotatio
900 3585 1034 3676 critica,
1060 3587 1120 3660 cui
1144 3587 1241 3658 inest
1266 3606 1267 3610 ’

16 3684 179 3758 delectus
207 3682 408 3756 lectionum
433 3693 470 3756 et
494 3685 796 3757 coniecturarum.

112 3783 176 3860 53.
213 3781 282 3856 Ge.
315 3783 428 3856 Henr.
468 3779 656 3858 Woltlseri
688 3784 795 3857 Halis
831 3781 915 3860 Sex.
961 3784 1052 3863 1831
1068 3829 1119 3846 -·
1135 3781 1240 3864 1833.

17 3877 48 3954 8
73 3883 176 3956 Voll.
207 3883 271 3956 IV.
323 3883 423 3956 Haec
449 3889 514 3955 est·
529 3883 661 3957 ultima
684 3885 803 3958 Taciti
828 3887 955 3978 editio,
981 3887 1046 3959 sed
1071 3889 1240 3959 amnium

19 3983 340 4074 praestantissima,
353 3984 393 4054 in
408 4008 480 4080 qua
498 4007 573 4056 non
588 3986 701 4057 modo
718 3987 868 4082 quaevis
880 3987 1079 4082 scripnrrse
1089 3988 1241 4059 varietas

18 4105 35 4148 e
60 4083 255 4154 codicibus
280 4081 388 4155 MSS.
406 4106 481 4156 non
507 4085 592 4156 setis
618 4083 810 4180 diligenter
827 4085 873 4158 ab
895 4085 988 4178 aliis,
1014 4107 1058 4158 ex
1072 4087 1240 4158 editioni-

18 4179 85 4252 bus
110 4205 201 4253 vero
226 4183 413 4254 veteribus
438 4185 706 4258 accuratissime
731 4183 961 4258 sWeltbera
986 4195 1131 4258 enotata
1155 4209 1240 4258 con-

18 4281 163 4371 tinetur,
211 4281 276 4352 sed
311 4283 419 4388 etism
451 4282 573 4356 verior
608 4283 717 4358 lectio
751 4285 946 4382 permultis
984 4285 1075 4358 locis
1113 4283 1238 4358 subtili
