2774 4784
153 147 244 258 m'v
415 199 631 294 mamus
651 203 711 269 nn
731 201 978 280 camuma.
1021 205 1051 292 s.
1072 203 1117 270 v.
1216 143 1221 150 ’

119 417 124 426 ·
152 369 213 450 24.
240 391 356 478 scope
380 393 428 446 aa
452 394 495 447 eo
520 369 663 466 meet,
688 371 766 446 scil
792 397 838 446 ex
861 373 1045 470 Agricola,
1085 375 1151 472 qui
1181 371 1378 472 aliquoties

152 497 199 546 ex
230 469 418 546 Britannia
446 473 606 546 Romam
640 475 761 567 rediit,
803 499 880 547 non
912 499 959 547 ex
990 474 1135 571 regulo:
1169 499 1238 548 noc
1272 473 1377 547 facile

153 597 241 646 cum
265 597 310 646 eo
335 573 522 646 conciliari
545 585 721 670 potenmt
744 573 863 648 altum
889 575 1009 649 Taciti
1034 575 1240 666 silentium,
1271 599 1377 676 man-

152 699 195 750 ca
218 677 413 793 regionum
438 675 897 793 populorumqusunotitia
921 687 959 749 et
983 678 1095 748 verba
1118 674 1186 748 illa
1202 699 1290 792 cap.
1305 675 1375 778 27.

150 771 633 982 &cubibubnobb'b'pbbisif
663 800 815 852 oasam
847 775 1107 854 Gerasenorum
1148 799 1302 874 origene
1334 797 1378 850 cc

155 1068 157 1072 ι
252 977 428 1051 Ceterum
452 1004 497 1052 eo
520 979 614 1054 fides
638 981 759 1055 Taciti
791 981 1009 1077 neutiquam
1035 933 1239 1052 minuitur.
1291 981 1379 1074 Ipse

150 1077 223 1152 luit
245 1081 407 1152 veritatis
431 1081 707 1154 amantissimus
731 1089 768 1154 et
793 1105 860 1154 sua
883 1081 1031 1152 haurire
1055 1082 1178 1176 potuit
1201 1105 1247 1152 ex
1272 1079 1378 1176 puris

2 1213 8 1226 ·
150 1178 316 1254 fontibus
350 1189 388 1252 ct
419 1181 566 1277 scriptis
591 1180 799 1254 multorum
831 1180 906 1254 fide
931 1181 1144 1278 dignorum,
1178 1183 1376 1277 praecipue

152 1273 348 1372 Caesaris,
374 1280 440 1376 qui
464 1303 542 1376 cap.
568 1279 629 1380 28.
656 1281 722 1354 sed
747 1281 850 1353 solus
873 1282 915 1354 in
939 1291 1016 1353 toto
1041 1279 1170 1352 libello
1195 1279 1378 1370 laudatur,

76 1411 79 1418 ⁴
150 1375 267 1452 Plinii
291 1379 456 1470 maioris,
481 1382 548 1475 qni
571 1379 746 1454 militavit
769 1381 810 1452 in
836 1380 1038 1453 Germania
1061 1391 1098 1452 et
1122 1381 1254 1476 viginti
1270 1379 1379 1451 libris

150 1476 337 1550 bellorum
368 1478 678 1552 Germanicorum
719 1482 846 1554 omnia
879 1479 979 1552 bella
1015 1503 1037 1550 a
1067 1480 1245 1552 Remmia
1279 1489 1379 1574 gesta

151 1601 240 1648 cum
266 1577 463 1650 Germanis
489 1579 647 1676 collegit,
674 1581 723 1668 (v.
750 1577 989 1670 Ann.1,69.
1016 1589 1053 1651 et
1078 1579 1174 1652 Plin.
1201 1604 1258 1674 ep.
1275 1577 1314 1667 3,
1330 1577 1378 1664 5.)

112 1721 114 1728 ·
151 1676 320 1749 eiusdem
354 1675 471 1752 Plinii
511 1681 552 1752 in
592 1679 699 1752 libris
731 1680 931 1755 XXXVII.
966 1679 1051 1751 hist.
1087 1691 1160 1751 nat.
1204 1689 1241 1751 et
1274 1677 1379 1750 CLX

150 1774 377 1867 Electorum,
403 1774 507 1852 Livii
530 1781 572 1850 in
596 1777 703 1851 libris
727 1779 1089 1869 Lxfll-valll,
1115 1777 1377 1852 clv-cvfl.

150 1885 189 1948 et
213 1873 629 1970 CXXXVII-CXL,
665 1876 828 1960 Catonia
861 1880 901 1950 in
934 1877 1032 1950 libro
1066 1879 1112 1950 de
1146 1879 1257 1950 rebus
1289 1877 1379 1951 Ger-

149 1977 326 2066 manicis,
366 1973 514 2070 Aufidii
539 1975 661 2052 Bassi
691 1980 732 2050 in
766 1978 873 2050 libris
911 1978 957 2050 de
997 1977 1105 2050 bellis
1137 1978 1378 2068 Germanicis,

153 2071 199 2152 G.
226 2073 358 2151 Sabine
391 2078 431 2148 in
465 2076 561 2149 libro
596 2063 642 2150 (ie
680 2076 781 2168 bello
814 2075 1017 2168 Cimbrico,
1053 2075 1256 2152 Strabonis
1289 2080 1330 2148 in
1356 2075 1377 2147 l.

150 2173 208 2250 IV
240 2185 277 2247 et
301 2175 386 2248 VII.
455 2173 605 2268 Vetteti,
638 2175 851 2268 Ptolemaei,
895 2177 984 2272 (qui
1021 2188 1145 2248 umen
1179 2179 1380 2249 accuratior

90 2293 97 2296 ··
151 2273 229 2364 est)
255 2271 394 2367 Meloe,
421 2272 605 2368 Suetonii,
630 2274 810 2350 Faustini
836 2275 1077 2374 alionunque.
1132 2277 1278 2357 Quibus
1307 2300 1379 2348 nou

151 2377 452 2450 annumerandus
486 2388 542 2449 est
579 2373 625 2451 G.
640 2376 810 2450 Asinius
835 2373 969 2467 Pollio,
1007 2377 1083 2472 qui,
1111 2385 1292 2472 quantum
1319 2400 1381 2448 no-

152 2475 288 2566 vimus,
326 2485 469 2569 praeter
507 2477 689 2548 crationes
727 2485 764 2548 et
801 2477 1003 2569 tragoedias
1041 2499 1117 2548 non
1150 2477 1224 2547 nisi
1262 2475 1380 2546 libros

150 2573 276 2649 XVII.
311 2573 497 2648 bellorum
529 2575 699 2648 civilium
732 2575 895 2670 scripsit,
933 2599 1055 2670 neque
1084 2573 1243 2648 Actaea
1281 2573 1380 2653 ΟΜ-

151 2651 301 2764 tiraces,
339 2675 405 2794 (pli
429 2685 522 2746 teste
555 2676 711 2772 quidem
736 2673 894 2767 Agathia
917 2673 966 2742 τὰ
989 2669 1236 2766 ΙΓερμὶινιιιὰ
1267 2672 1312 2753 ἐς
1338 2673 1379 2740 τὸ

143 2769 327 2866 ἀκριβὲς
347 2770 640 2866 ανεγράψατο,
673 2774 738 2846 sed
763 2771 908 2846 saecltlo
940 2773 1093 2844 demum
1120 2771 1190 2845 III.
1226 2793 1262 2865 p.
1291 2769 1379 2842 Chr·

2 2940 6 2943 ,
151 2893 189 2946 n.
215 2871 319 2943 vixit.
346 2867 404 2941 Cl.
430 2869 522 2950 Hor.
548 2873 608 2944 od.
634 2871 670 2963 2,
700 2873 731 2946 l.
756 2871 860 2944 Suet
887 2870 991 2944 Caes.
1020 2895 1051 2942 c.
1079 2869 1138 2946 56.
1160 2869 1302 2944 ¹Strabo
1317 2869 1380 2957 IV,

152 2994 190 3066 p.
220 2967 302 3046 193.
355 2969 491 3042 Suirlas
516 2982 555 3043 et
578 2970 780 3044 Thorbocii
805 2981 1041 3044 commentat.
1075 2971 1121 3064 de
1146 2969 1269 3042 Asinii
1298 2969 1381 3042 Pol-

152 3069 264 3142 lionis
280 3069 364 3142 'vita
389 3078 426 3141 et
451 3071 595 3160 studiis,
620 3069 741 3166 Lngd.
767 3070 846 3144 Bat.
878 3071 984 3148 1820.
1010 3111 1062 3124 --
1095 3069 1287 3142 Praeterea
1313 3071 1380 3142 Ta-

1 3246 3 3253 ,
153 3171 248 3242 citrrs
273 3169 393 3240 multa
417 3193 439 3240 a
462 3169 658 3262 militibus,
686 3171 829 3262 amieis,
854 3161 1120 3242 mercatoribus
1146 3180 1183 3241 et
1207 3169 1252 3242 ab
1290 3171 1380 3265 ipsis

37 3279 41 3294 '
153 3269 366 3359 Germanis,
391 3293 522 3340 aarum
547 3269 674 3364 legatis
699 3271 857 3342 Romam
882 3271 1007 3342 missis
1033 3279 1070 3342 et
1103 3267 1295 3340 exsulibus
1312 3269 1380 3340 .ibi

155 3369 471 3442 commorantibus
504 3371 710 3464 compaire
751 3379 909 3464 poterat:
950 3393 1040 3440 nam
1078 3371 1203 3440 varius
1241 3379 1280 3440 et
1311 3369 1380 3442 fre·

155 3491 273 3563 quens
297 3493 387 3540 usus
411 3467 509 3540 inter
533 3469 719 3541 Romanos
744 3477 782 3540 et
807 3469 1013 3544 Germanos
1038 3479 1115 3540 tam
1140 3468 1241 3564 pacis
1266 3489 1379 3562 quam

35 3632 37 3641 .
157 3566 246 3642 belli
270 3569 502 3663 temporibus
526 3569 781 3641 intercesserat
804 3593 826 3639 a
851 3569 997 3642 duobus
1022 3569 1111 3642 inde
1136 3566 1305 3641 saeculis.

444 3709 680 3816 ammas·
703 3739 771 3836 ar
796 3737 1089 3814 fflsnoaraa.
1228 3731 1232 3738 ·

126 3935 129 3944 .
255 3873 292 3969 9.
318 3874 384 3948 VI.
435 3875 596 3966 Tacitus,
636 3875 701 3970 qui
726 3873 943 3969 dignitatem
969 3895 1075 3946 suam
1109 3873 1379 3968 aVespasiano

158 3971 388 4065 inchoatam,
423 3997 445 4044 a
477 3971 565 4046 Tito
604 3984 761 4065 auctam,
808 3997 830 4046 a
860 3975 1077 4047 Domitiano
1114 3971 1261 4067 lougius
1298 3995 1379 4067 pro

115 4153 120 4158 ,
158 4083 300 4146 vectam
316 4083 447 4168 'graius
479 4071 672 4168 prbfitetur
696 4073 793 4145 Hist.
824 4075 856 4165 l,
883 4073 938 4165 l.,
980 4076 1148 4169 primum
1181 4071 1228 4144 ad
1263 4071 1379 4143 solam

158 4173 307 4254 Flaviae
331 4175 465 4245 domus
490 4173 703 4268 regnata-icis
727 4173 922 4246 historiam
956 4172 1188 4245 scribendam
1214 4172 1378 4242 animum

160 4273 352 4369 appulerat
387 4281 426 4345 et
457 4269 545 4344 hinc
572 4271 690 4345 talam
723 4295 799 4345 non
833 4297 855 4344 a
884 4273 1043 4346 Neronia
1073 4281 1193 4344 morte
1231 4293 1379 4344 exorsus
