2868 4792
744 35 758 70 Ι

263 238 406 304 carus
428 237 487 306 1v.
511 239 553 305 v.
585 199 701 320 (esu,
723 237 794 308 trs.
818 241 857 306 s.
880 241 915 308 c.
938 243 1005 318 ra)
1182 223 1244 310 'ror

48 397 151 470 aalma.
192 397 263 470 Sed
283 402 374 467 lanio
393 403 489 484 plara
517 406 633 467 decora
658 425 730 467 mos
761 405 861 470 tribui
887 427 949 488 por
975 407 1089 490 faisse,
1124 419 1245 492 quanto

46 493 133 569 prima
161 486 233 567 fors
270 491 464 570 negavisset.
515 489 590 551 Noa
620 487 744 570 fratres
776 491 842 552 nisi
872 493 967 552 unius
998 491 1063 555 diei
1084 493 1149 563 oia,
1181 513 1244 554 nou
1358 540 1372 574 ,-

46 583 173 652 patmum
191 571 303 634 'saltem
320 581 418 652 porta
438 579 528 633 imas
549 572 682 636 obviam.
733 571 796 637 Uos·
825 571 883 636 illa
914 583 1048 636 ueterum
1078 577 1242 654 instituta,

43 658 222 736 propositam
244 664 316 716 loro
337 653 490 737 effigiem,
513 655 668 718 meditata
688 654 922 718 admemoriam
943 659 1074 722 uirtutis
1103 649 1244 722 carnoso

47 749 71 800 et
89 739 281 800 laudationes
302 746 333 798 et
356 737 503 800 lacrimas
525 738 575 800 acl
594 737 715 800 doloris
736 740 948 802 imitamenta?
1200 813 1205 816 ,

104 824 126 874 l.
142 820 249 888 publici
266 818 379 886 funeris
403 836 543 888 pompam,
578 835 658 884 „non
679 819 822 886 publicum
845 823 940 888 ianua,
965 822 1042 892 quod
1069 821 1243 878 Germanico

46 891 146 968 obtigit,
173 892 222 945 sed
243 905 383 959 pompam,
410 891 504 962 qualis
531 907 593 944 esse
618 889 735 944 deberet
761 891 794 944 in
818 893 923 946 funere
968 892 1066 946 ublieo
1094 891 1244 965 qualisque

45 964 134 1014 luisset
151 963 181 1014 in
200 965 304 1016 funere
317 959 416 1028 Drusi,
435 969 469 1014 ut
486 977 502 1014 e
521 977 599 1032 seqq.
618 959 738 1032 pstet;“
757 960 888 1015 Freinsb.
908 970 934 1016 et
978 978 1023 1016 ra.
1044 963 1167 1018 Funeris
1186 971 1244 1018 tam

43 1033 145 1099 publici,
185 1049 252 1086 uam
271 1033 405 1099 censorii,
433 1033 546 1102 saepius
566 1033 746 1086 rurationem
770 1035 842 1086 facit
859 1033 986 1088 Tacitus.
1012 1053 1040 1090 v.
1060 1034 1124 1088 Ind.
1144 1033 1167 1087 1.
1203 1033 1244 1089 De

44 1111 151 1173 utroque
164 1051 357 1174 imputarunt
375 1104 468 1174 intpp.
486 1102 522 1158 ad
534 1105 562 1167 t,
574 1105 618 1160 1⁵.
638 1103 687 1154 ubi
706 1101 822 1171 Lipsius
839 1104 911 1160 haec
928 1107 1093 1160 annotavit:
1113 1105 1243 1171 „Funeri

43 1175 138 1245 publico
156 1175 316 1245 opponitur
334 1175 463 1241 tacitum,
482 1173 560 1240 (Seu.
580 1175 616 1228 de
634 1182 728 1244 nanq.
749 1179 774 1236 1,
794 1175 831 1240 1.)
855 1185 889 1228 ut
906 1177 1034 1244 uulgare,
1060 1176 1197 1244 plebeiam
1215 1185 1245 1231 et

45 1247 253 1310 translaticium,
273 1247 293 1302 i.
312 1263 338 1300 e.
359 1247 422 1298 sine
440 1260 555 1315 pompe,
575 1243 917 1320 imaginibus’praelatis,
937 1247 1025 1312 ludis,
1051 1247 1244 1324 designatore,

43 1331 181 1384 praecone,
207 1317 378 1379 indictione,
406 1317 529 1380 iustitio,
557 1315 722 1369 laudatione
748 1315 865 1370 funebri
904 1317 1064 1388 ublicisque
1083 1319 1244 1390 sumptibus

45 1393 67 1438 et
82 1387 169 1453 luctu,
191 1389 280 1440 silens
300 1395 330 1442 et
347 1388 489 1458 quietum.
527 1387 612 1440 Multi
629 1403 699 1444 vero
738 1395 830 1453 utant,
859 1389 935 1442 iem
961 1406 1022 1444 esse
1039 1391 1127 1443 funus
1150 1390 1244 1458 publi-

42 1467 136 1513 mmet
153 1458 323 1512 indoctiorem
341 1467 370 1514 et
387 1459 553 1512 censariam.
590 1458 657 1510 Non
675 1475 712 1510 au
734 1459 769 1513 ὀ.
806 1458 944 1514 Arbitror
962 1476 1026 1535 ego,
1050 1461 1137 1525 funus
1151 1460 1244 1528 publi-

42 1529 346 1670 ttsttttls'tl.
363 1523 1245 1672 {tittstillatimtttstlt.tttttl‘tt:tt

609 1635 616 1651 ¹
1117 1639 1125 1668 i

41 1687 113 1725 omne
137 1673 305 1730 censurium
328 1675 416 1725 funus
461 1671 590 1734 ublioupn
617 1671 665 1737 sit,
692 1671 758 1740 (qui
785 1673 865 1726 enim
883 1671 971 1726 aliter
989 1669 1164 1726 honoratum
1183 1689 1244 1726 esse

41 1743 159 1865 pptestf)
178 1751 209 1796 at
227 1759 286 1796 non
304 1759 390 1797 omne
407 1689 556 1814 puhlicum
577 1741 665 1794 etiam
683 1745 858 1795 censorium.
896 1741 935 1794 Ut
960 1744 1039 1796 inter
1057 1743 1244 1820 magistratus

37 1831 40 1840 ¹
73 1814 249 1868 uoratissimi
269 1815 421 1878 Censores,
441 1813 483 1866 sic
501 1813 581 1868 inter
598 1815 703 1866 funera
721 1813 798 1866 illud
813 1815 910 1884 primo
929 1812 1004 1866 loco.
1042 1815 1119 1868 ilinc
1138 1822 1167 1867 et
1185 1813 1244 1868 lm·

40 1885 209 1952 peratoribns
228 1882 285 1938 hoo
303 1899 461 1954 eorumque
479 1883 610 1962 cognatis
629 1883 756 1936 ductum.
780 1901 810 1936 v.
831 1888 874 1948 13,
894 1886 919 1938 2.
939 1884 975 1936 H.
995 1887 1022 1952 4,
1041 1887 1086 1941 tt.
1118 1885 1242 1955 Capitol.

41 1953 137 2008 Pertiu.
156 1973 182 2007 c.
204 1958 246 2011 15.
284 1956 344 2022 Qua
362 1971 433 2029 ergo
451 1964 519 2008 nota
538 1953 677 2007 eximium
696 1953 753 2007 hoc
770 1957 879 2008 funus?
898 1953 991 2007 Credo
1010 1953 1074 2019 ista,
1096 1963 1130 2008 ut
1147 1955 1244 2008 omnia

41 2025 66 2076 in
90 2043 121 2080 ec
143 2043 294 2098 purpurea
319 2031 426 2087 essent,
456 2032 551 2078 restes
576 2024 778 2100 stragulaque3
816 2025 847 2076 in
881 2025 947 2076 aliis
975 2032 1088 2080 mutum
1135 2043 1245 2096 urpura

40 2105 187 2162 praetexta.
233 2096 298 2149 Non
323 2097 444 2148 obscure
468 2111 594 2148 annuere
620 2093 694 2146 mihi
721 2093 839 2148 videtur
865 2093 964 2162 Polyb.
990 2098 1018 2159 6,
1043 2099 1087 2151 53.
1114 2043 1164 2150 ito
1191 2093 1246 2168 pals

42 2163 130 2226 irrasos
146 2161 164 2233 ἤ
182 2163 331 2236 στρατηγὸς
348 2155 365 2237 ᾗ
382 2163 513 2252 poposcis,
533 2159 758 2234 περιπορφύρους
777 2165 840 2218 scil.
860 2163 977 2230 rostrae
993 2165 1176 2238 λαμβάνουσι,
1196 2161 1245 2220 lieu

40 2236 65 2288 ds
80 2234 198 2308 τιμητὴς,
217 2240 372 2310 πορφυρᾶς,
397 2236 561 2291 tarditat
583 2230 812 2306 τεθριαμβευκώς,
839 2227 1012 2304 διαχρύσους.
1049 2237 1094 2290 Ex
1112 2235 1159 2290 his
1178 2255 1244 2290 rer-

41 2307 76 2359 bis
99 2311 258 2380 suspicere,
285 2307 456 2362 distinctn'm
485 2307 650 2362 censorium
673 2309 762 2359 funus
786 2324 802 2358 a
829 2304 1003 2376 triumphali
1027 2308 1117 2362 fuisse
1142 2315 1172 2361 et
1189 2307 1244 2362 hoa

41 2379 155 2455 dignius.
194 2379 268 2434 Mihi
287 2381 328 2432 ite
345 2396 404 2433 non
420 2377 554 2432 videtur:
583 2377 711 2447 primum
737 2379 805 2446 quia
831 2393 916 2430 nemo
939 2373 1111 2432 Latinorum
1136 2378 1244 2432 trium·

39 2449 116 2520 phale
134 2452 283 2518 nominat,
303 2451 408 2504 deinde
426 2451 493 2520 quia
511 2448 675 2504 censorium
694 2448 810 2518 reperio
825 2446 1007 2517 Principibus
1026 2449 1100 2518 ipsis
1113 2449 1242 2514 ductum3

40 2524 118 2575 tertio
136 2523 208 2593 qnia
227 2523 279 2576 illa
298 2523 360 2592 ipsa
378 2527 556 2586 ornaments,
582 2535 653 2588 quae
671 2517 846 2641 triumphali
864 2519 970 2572 tribuit
988 2519 1134 2590 Polybius,
1160 2537 1244 2589 repe·

39 2593 91 2646 rire
107 2603 152 2647 est
171 2595 205 2648 in
224 2595 290 2649 isto.
309 2611 337 2646 r.
357 2591 469 2663 Xiphil.
489 2594 534 2656 tt,
552 2593 580 2645 t.
613 2589 739 2644 Currum
780 2590 829 2642 uio
847 2589 1050 2644 intervenisse
1058 2591 1120 2644 ritu
1139 2591 1244 2644 mium-

38 2663 184 2731 phantium
216 2680 274 2718 non
298 2664 412 2734 opinor,
443 2671 473 2716 et
499 2656 576 2732 ἅρμα
602 2656 745 2731 πομπικὸν
769 2679 815 2730 sp.
840 2660 926 2714 Dion.
946 2662 991 2722 56,
1009 2665 1052 2718 34.
1078 2661 1243 2736 intelligam

40 2751 148 2788 currum
167 2751 230 2790 non
248 2733 466 2804 triumphalem,
485 2733 534 2786 sed
550 2731 725 2802 pompalem,
753 2738 934 2802 carpentum,
961 2749 1018 2802 quo
1035 2749 1091 2804 per
1107 2749 1244 2803 pompam

39 2805 217 2862 Circensium
236 2806 279 2858 dii
296 2805 466 2860 transvecti.
504 2804 566 2858 lloe
583 2805 661 2857 enim
683 2804 753 2856 novi
771 2802 891 2856 honoris
915 2819 1006 2880 genus
1032 2805 1162 2874 apposite
1189 2806 1245 2857 tri·

39 2877 129 2930 butum
148 2892 229 2938 noro
245 2875 353 2930 Divo.“
372 2873 540 2930 Gulberieses
574 2873 764 2940 „Arhitratur
781 2874 909 2944 lipsius,
939 2876 1025 2940 funus
1049 2875 1191 2942 publicum
1216 2883 1245 2928 et

40 2947 202 3002 indictioam
220 2949 296 3002 idem
314 2963 384 3010 esse,
417 2946 495 3018 quod
519 2945 596 3000 idem
615 2951 659 2998 est
683 2961 716 2997 ac
734 2945 760 2997 si
777 2945 899 3010 diceret,
925 2945 1075 3014 publicum
1093 2965 1110 3000 e
1128 2947 1244 3015 privato

38 3017 106 3072 nibil
133 3011 268 3085 differre·
311 3016 456 3070 Indictira
480 3017 558 3072 enirn
606 3015 713 3068 lua-ima
744 3033 825 3068 mere
848 3015 963 3084 privata
987 3023 1065 3080 sunt,
1096 3015 1167 3068 licet
1191 3031 1245 3084 per

38 3107 210 3214 rum
223 3088 347 3160 ΗΜ
367 3096 545 3211 “ot
582 3033 697 3209 illl-³⁶:
711 3085 1245 3210 else‘sepeulturae-¹2²

38 3177 136 3286 iffi:
147 3175 449 3302 :nicsiioqhslgrhssatlg
463 3175 597 3282 offitiis}
611 3174 708 3294 lichcit’,
734 3234 763 3280 et
782 3173 924 3280 indireptivo
946 3229 1051 3280 funere
1064 3175 1105 3280 hx
1127 3177 1244 3282 sedilios

42 3303 133 3356 edera-i
151 3319 261 3375 praeca
280 3317 327 3356 eos
346 3300 427 3366 dicit,
447 3301 499 3371 qui
516 3315 532 3354 e
551 3299 677 3354 tabernis
702 3297 873 3352 efferuntur.
910 3296 949 3350 At
966 3297 1099 3352 tabernae
1117 3295 1245 3351 humiles

39 3371 451 3500 t.l.¹'¹1:ltt‘¹⁰.tt'tl¹:li
467 3371 598 3496 illst*
611 3365 892 3495 ,ittotai
903 3368 1131 3507 &iiiiii
1146 3387 1181 3494 i·
1193 3371 1244 3492 ii

198 3465 207 3496 ι
1233 3469 1246 3482 ο

35 3517 219 3582 prestariam.
240 3460 484 3584 qNsmpepetishs
507 3459 666 3566 miiitum
691 3509 811 3564 omnino
835 3509 946 3564 dictum
969 3518 1015 3564 est
1036 3511 1071 3564 de
1097 3527 1141 3578 eo,
1170 3510 1248 3581 quod

39 3597 106 3640 esset
132 3585 410 3650 honoretissimump
455 3579 678 3649 ulcheio-imum,
713 3589 748 3634 ut
774 3579 858 3634 docet
882 3580 1000 3638 Sahnas.
1024 3579 1060 3636 ad
1088 3581 1245 3652 capitolin.

39 3657 139 3712 Antan.
160 3655 238 3712 Phil.
258 3673 282 3710 c·
300 3657 346 3714 22.
381 3655 444 3727 Ryc
467 3656 510 3710 ius
527 3663 625 3708 tamen
643 3653 775 3730 sequitur
792 3649 916 3709 Guther.
941 3651 976 3707 de
995 3654 1059 3706 iure
1077 3671 1154 3706 rnen·
1173 3655 1201 3718 2,
1220 3655 1246 3708 2.

39 3729 80 3782 ubi
96 3729 252 3799 publicum
271 3735 300 3780 et
318 3726 482 3780 censorium
500 3724 544 3783 nil
562 3725 681 3778 differre
704 3731 797 3794 putat.
833 3721 946 3776 Eorum
970 3723 1112 3778 sententia
1130 3723 1248 3776 adiuva·

39 3807 82 3852 tur
99 3801 215 3854 duabus
239 3797 416 3863 rationibus,
447 3797 553 3868 prima,
581 3794 658 3866 quod
680 3793 736 3848 Dio
753 3795 800 3858 58,
819 3795 862 3849 1⁹.
882 3795 914 3846 h.
933 3793 1029 3847 Pisoni
1048 3793 1141 3848 Praei.
1161 3793 1247 3847 Urbis

40 3869 176 3940 δημοσίαν
194 3865 295 3938 ταφὴν,
313 3867 431 3922 Tacitus
448 3867 524 3922 Ass
542 3869 570 3932 b,
588 3871 632 3924 tt.
669 3865 752 3920 helio
770 3863 887 3918 lamiae
904 3865 999 3918 Praei.
1019 3863 1106 3917 Urbis
1124 3865 1251 3918 emam·

37 3956 79 3992 era
95 3945 190 4008 suase
208 3940 326 4004 tribuita
344 3937 448 4005 alters,
466 3937 543 4010 quod
561 3937 724 3992 Praefectus
743 3935 815 3990 Urbi
832 3933 1132 4002 Ann.o,11.psols'co
1150 3937 1249 4001 fame

38 4021 64 4066 et
81 4017 126 4080 ll,
145 4015 197 4068 27.
217 4011 291 4064 alius
309 4011 473 4065 Praefectus
490 4009 619 4064 macoma
637 4006 769 4064 effertur.
804 4004 999 4070 Andicemus,
1017 4003 1141 4058 Dionem
1158 4022 1249 4081 genus

39 4097 89 4152 pro
106 4083 212 4156 specie
228 4081 376 4154 posuisse?
409 4095 468 4136 non
492 4080 592 4136 eodem
616 4082 720 4133 funere
741 4075 870 4148 sepultos
895 4076 1027 4130 Pisonem
1052 4083 1081 4128 et
1103 4075 1249 4130 Lamiam?

38 4153 98 4207 Non
117 4153 222 4210 credo.
241 4151 360 4208 Clarum
377 4161 472 4206 autem
490 4151 548 4206 erit
566 4149 755 4222 comparanti,
784 4147 908 4202 Dionem
932 4146 972 4198 ibi
991 4147 1179 4217 exscripsisse
1197 4145 1251 4198 Ta-

40 4225 164 4278 eitum.“
184 4223 350 4284 Oberlimtss
369 4223 455 4289 „ride
471 4237 560 4294 porro
585 4219 646 4274 Cic.
665 4219 740 4272 Phil.
758 4221 787 4282 9,
806 4219 833 4272 l.
852 4227 882 4272 et
898 4215 1044 4288 spartian.
1069 4217 1101 4270 in
1118 4215 1184 4272 Ser.
1204 4215 1252 4271 l.“

38 4295 120 4352 malti
138 4297 334 4363 arnimar,
353 4297 445 4352 huus
457 4293 598 4364 publicum
614 4307 669 4363 pro
680 4291 851 4346 diversitate
866 4287 1010 4344 honorum
1022 4287 1154 4342 defuncti
1172 4289 1252 4342 varie
