2774 4784
325 203 558 270 prunorum
577 203 740 272 uterer.
784 207 812 292 §-
835 205 927 275 xm.
1177 215 1237 270 ur

28 377 170 464 ionum,
198 372 525 448 Substantirorum
551 385 587 448 et
605 376 814 450 Verborum
840 387 1036 470 structura,
1068 383 1236 480 frequens

28 475 422 570 Ellipsium,·orationis
437 477 611 570 poeticae,
632 475 791 546 Graecae
816 486 852 548 et
876 483 1122 574 praegnantis,
1147 481 1237 577 figu-

28 599 74 644 rae
98 573 365 667 Hendiadyoin
392 573 521 666 dictae,
547 571 866 670 Synonymoru'm,
893 577 1119 674 Syllepseoe,
1145 581 1237 654 Zeu-

28 675 159 768 gmatis,
172 671 506 762 Anacoluthorum,
520 673 809 768 Asyndetorum,
832 675 1053 770 Pleonaami,
1075 681 1237 754 Homoe-

28 773 266 846 oteleutorum
292 797 395 862 usus,
425 773 539 845 rarior
569 773 851 868 comparationis
883 777 1029 870 modus,
1062 791 1239 875 perpetua

28 871 302 944 constructionis
335 871 497 961 variatio,
535 871 751 944 insolentior
790 872 998 968 vulgarium
1038 880 1237 953 verborum

28 971 238 1066 significatio
273 981 310 1042 ct
339 995 521 1042 novorum
555 971 735 1062 formatio.
790 974 865 1054 Qui
899 971 999 1046 hunc
1027 978 1145 1050 Taciti
1176 979 1238 1052 eti-

28 1071 92 1142 lum
118 1084 204 1142 tum
231 1070 346 1142 nitriis
372 1070 570 1142 obscurum
596 1082 633 1142 et
659 1095 843 1166 asperum,
869 1083 950 1146 tum
976 1075 1139 1151 aLatini
1165 1102 1238 1152 aer·

29 1171 139 1242 monis
166 1169 313 1264 legibus
338 1178 375 1240 et
400 1171 642 1242 concinnitate
676 1169 839 1242 alienum
879 1197 958 1246 esee
986 1178 1239 1270 ,contendunt

29 1275 88 1342 iun
112 1273 213 1342 bene
240 1267 385 1340 refutati
410 1280 495 1340 sunt
521 1293 540 1340 a
564 1269 719 1344 Murato.
742 1259 790 1357 ²¹)

36 1429 271 1442 -ι--ι-..ιη--ο-ι

84 1525 123 1597 ²¹)
143 1527 182 1582 ln
201 1535 275 1586 orat.
294 1529 322 1594 2,
342 1529 385 1584 li.
404 1525 453 1580 bis
472 1527 584 1583 verbis:
603 1527 771 1616 „Equidem
830 1547 881 1584 um
906 1531 977 1588 istos
1001 1533 1037 1589 de
1061 1533 1239 1590 obscuritate

29 1601 108 1655 Taciti
127 1608 290 1673 querentes
309 1599 404 1666 anno,
429 1601 525 1675 cogito
544 1617 633 1722 qaam
650 1602 779 1656 libenter
790 1545 936 1658 Tareina·
960 1605 1077 1677 eulpam
1102 1623 1182 1663 suam
1206 1609 1239 1665 in

29 1674 86 1726 alios
114 1674 275 1728 conferant
300 1679 465 1742 quantoque
497 1673 555 1724 faci
570 1672 614 1724 ius
642 1673 740 1726 omnia
769 1673 827 1728 alia
859 1686 996 1730 accusent
1028 1694 1115 1748 quem
1147 1687 1238 1734 semet

28 1747 145 1814 ipsoe-
167 1743 204 1796 ln
213 1739 387 1813 'lbncydidc
405 1749 435 1795 et
452 1741 661 1797 obscuritas
681 1749 710 1796 at
728 1745 914 1814 asperitas
932 1755 1051 1801 notatur
1068 1765 1085 1800 a
1104 1748 1238 1815 Graecis,

29 1826 51 1868 ct
65 1825 192 1886 utrque
210 1816 293 1868 inter
310 1813 438 1867 virtutes
456 1811 549 1878 illius,
572 1827 632 1868 non
654 1815 735 1868 inter
756 1816 1033 1872 uitia'numeratur.
1071 1817 1238 1890 Quanquam

29 1888 94 1940 enirn
113 1887 198 1942 nuda
217 1893 248 1939 et
263 1885 418 1954 perspicua
436 1885 529 1938 oratio
549 1882 714 1949 [Ciceronis
734 1893 763 1938 et
787 1885 880 1940 lactea
897 1888 976 1944 Livii
1001 1890 1135 1959 ubertas]
1160 1891 1239 1953 dele·

29 1967 85 2021 ctat,
103 1955 261 2012 interdum
280 1964 376 2008 temen
396 1957 427 2007 in
445 1955 597 2010 scribendo
622 1955 758 2009 laudatur
780 1958 951 2025 obscuritas,
979 1979 1052 2032 quae
1076 1963 1238 2018 orationem

30 2049 88 2082 ara
161 2031 168 2044 '
189 2027 331 2098 loquendi
349 2026 557 2080 consuetudine
575 2026 715 2080 abducens
740 2045 775 2080 ex
800 2029 808 2088 i
832 2047 862 2083 sa
880 2033 1091 2108 peregrinitate
1115 2033 1240 2110 dignita-

28 2111 77 2156 ren
93 2121 121 2156 er
138 2097 541 2168 maiestatemque'eonciliat
558 2105 588 2152 et
606 2097 796 2160 attentionem
812 2045 977 2176 legentium
1001 2106 1140 2159 continet.
1171 2107 1244 2176 'Hoc

30 2177 98 2240 quasi
114 2173 222 2226 velum
242 2178 297 2234 est,
316 2169 394 2240 quod
410 2170 542 2240 profanis
561 2169 744 2222 obtenditur:
769 2169 844 2238 [vel,
870 2173 947 2242 quod
964 2183 1048 2227 acute
1070 2175 1146 2228 dixit
1165 2177 1240 2229 Gor-

30 2243 84 2308 ion,
101 2245 256 2316 Poppaeae
277 2239 399 2294 Sabinae
416 2239 622 2306 velamentum,
643 2257 802 2310 quaerero
822 2243 853 2294 in
871 2243 1022 2313 publicum
1041 2247 1141 2331 egredi
1166 2247 1241 2299 sole-

29 2315 68 2367 bat
83 2317 172 2386 idque
190 2312 292 2368 relata
307 2319 392 2382 pane
409 2311 479 2377 oris,
503 2329 541 2366 na
560 2311 679 2366 satiaret
696 2322 847 2382 aspectum
871 2313 922 2368 rel
947 2317 1013 2385 quia
1039 2334 1081 2369 erc
1108 2317 1241 2382 decebata

29 2385 87 2440 Tac.
111 2389 191 2440 Anu.
220 2387 266 2448 13,
290 2381 349 2448 te]
382 2383 424 2436 sic
453 2383 563 2454 templa
591 2382 749 2436 sublustria
775 2385 972 2460 ingredientes
1006 2403 1086 2440 sacro
1116 2389 1241 2460 quodam

28 2455 143 2514 bor-rnre
160 2453 395 2528 perfunduntur.
432 2451 623 2525 Asperitas
651 2461 748 2506 autem
767 2453 820 2508 illa
839 2457 917 2509 idern
935 2455 1023 2530 plane
1042 2467 1086 2512 est
1108 2457 1186 2531 quod
1209 2457 1240 2512 in

27 2531 89 2581 rino
104 2529 277 2591 maritiesa
304 2540 378 2595 qrrae
401 2523 433 2578 ia
456 2539 513 2594 quo
539 2532 592 2591 eet,
617 2523 647 2576 id
672 2527 783 2594 optime
806 2527 887 2580 ferre
912 2535 1087 2584 vetustatem
1108 2539 1240 2602 putatur.

28 2599 91 2654 Fam
110 2599 223 2655 Graeci
247 2599 291 2650 ita
309 2613 371 2650 esse
394 2597 426 2650 in
444 2595 654 2666 Thucydidep
710 2605 806 2650 etnam
830 2607 978 2665 notarrsnt,
1007 2609 1052 2668 ut,
1079 2619 1170 2672 quum
1188 2601 1242 2656 ille

28 2671 187 2742 inpisculi
234 2665 371 2739 Cyclonii
394 2669 561 2722 narratione
585 2667 677 2738 aliqui
722 2685 758 2722 ex
783 2687 815 2724 ea
838 2667 874 2724 de
898 2669 1042 2728 industria
1068 2674 1241 2740 remisisset,

29 2741 147 2796 leonem
164 2739 271 2794 risisse
289 2739 395 2792 dicant.
416 2771 449 2782 -
485 2738 615 2792 Andreas
633 2737 764 2792 Alciatus
783 2739 966 2795 etAernilius
980 2741 1131 2798 Fert-attus
1151 2761 1241 2816 quum

28 2813 124 2868 Tacito
141 2821 243 2868 cetera
262 2809 429 2874 concedmt,
447 2811 523 2865 mele
541 2827 612 2865 eum
626 2809 731 2864 Latine
748 2811 881 2866 locutum
905 2813 1014 2868 dotent.
1053 2815 1110 2870 Sed
1133 2818 1159 2868 si
1183 2816 1242 2887 ipsi

28 2895 81 2938 tarn
97 2885 174 2942 bene
193 2884 297 2940 Latine
321 2882 507 2953 scripsissent
530 2898 619 2952 quam
646 2881 701 2936 sibi
724 2882 907 2950 videbantur,
931 2902 991 2938 non
1015 2885 1094 2942 nihil
1117 2887 1242 2940 fortasse

29 2975 73 3008 nos
103 2957 232 3010 illorum
265 2959 463 3006 commoveret
494 2953 661 3008 auctoritas.
699 2981 731 2989 -
784 2953 838 3022 Qui
868 2962 966 3008 autem
992 2973 1045 3012 nos
1079 2977 1186 3024 snmus,
1216 2957 1242 3010 si

27 3045 123 3081 ornnes
143 3029 176 3080 in
193 3040 286 3078 unum
298 3027 500 3090 conferamur,
518 3025 687 3094 quicunque
703 3023 759 3078 bac
776 3033 947 3097 tempestate
965 3026 1068 3082 Latine
1086 3029 1169 3098 loqui
1196 3027 1242 3082 vi·-

26 3101 135 3166 dennr,
153 3107 190 3152 nt
208 3098 242 3152 de
261 3095 405 3166 scriptore
423 3095 648 3166 sapientissimo,
671 3103 739 3150 nato
758 3097 795 3152 iis
813 3097 1002 3168 temporibus,
1027 3101 1130 3170 quibua
1149 3099 1243 3154 adbuc
1282 3135 1289 3152 .

27 3170 152 3224 Rornana
177 3169 278 3246 lingua
303 3167 433 3230 florebat,
470 3167 569 3238 (plane
595 3169 674 3220 enim
696 3165 799 3221 floruit
821 3186 911 3240 usque
934 3167 970 3222 ad
994 3169 1185 3237 Hadrianum)
1213 3179 1255 3224 et‘

26 3241 122 3295 babito
142 3239 338 3294 disertissimo
357 3237 458 3291 aetatis
477 3253 551 3302 suae,
579 3237 699 3322 sinistre
718 3239 846 3293 iudicare
870 3239 1042 3294 audeamus?
1078 3242 1175 3296 Aliter
1198 3241 1242 3296 lo·

26 3309 1242 3466 tt‘nt'tt‘tittttttttttittttttt‚ttttitttttt⁶¹tttttt

27 3459 102 3510 niani
129 3463 224 3511 erant.
259 3453 351 3508 Multa
374 3454 406 3506 in
431 3451 573 3506 Cicerone
597 3451 715 3517 Brutus,
746 3453 839 3507 multa
867 3453 984 3520 Calvus,
1017 3457 1110 3510 multa
1136 3456 1241 3524 Pollio,

27 3528 168 3598 quaedam
187 3527 272 3579 etiam
290 3524 405 3578 Atticus
429 3539 489 3577 non
511 3523 658 3594 probabat.
696 3523 738 3592 [ὓ.
757 3524 877 3579 Asinius
900 3524 994 3580 Pollio
1019 3529 1243 3582 Patavinitatem
1276 3539 1279 3546 ·

28 3599 106 3654 tirio
132 3596 343 3668 exprobrabat,
379 3613 408 3651 v.
428 3595 550 3662 Quintil.
575 3596 648 3662 l,5‚
672 3597 716 3654 56.
745 3605 775 3652 et
802 3599 830 3663 8,
848 3602 875 3662 l,
899 3595 942 3664 3.]
980 3599 1062 3654 idern
1086 3599 1189 3658 Cicera
1213 3609 1244 3656 et

28 3673 115 3724 multa
134 3669 257 3724 nonsit
275 3670 348 3742 ipse,
368 3673 398 3720 et
416 3665 483 3722 aliis
502 3665 610 3721 utalia
628 3675 770 3722 novarent
787 3675 890 3722 auctor
906 3671 979 3724 ruit:
1004 3671 1085 3724 cuius
1105 3681 1150 3727 est
1168 3671 1244 3725 illud

28 3743 180 3810 praeclare
197 3739 317 3792 dictum:
338 3737 435 3804 Quod
462 3737 594 3792 Catoni
621 3737 749 3805 licuit,
780 3739 816 3794 id
842 3757 906 3794 eur
924 3758 994 3795 non
1020 3741 1137 3800 lineat
1154 3745 1244 3798 Var-

29 3815 179 3866 ronit-
204 3811 290 3866 Nobis
307 3807 395 3865 bodie
412 3810 511 3864 minor
528 3810 590 3864 eius
609 3809 655 3866 rei
672 3809 793 3866 licenda
811 3819 864 3878 est,
890 3813 941 3884 qui
958 3813 1093 3868 Latinam
1111 3817 1134 3869 li

31 3901 82 3936 nen
99 3881 224 3938 aliunde
241 3900 327 3954 quam
346 3900 362 3938 e
379 3881 465 3936 libris
483 3889 584 3952 petere
622 3897 771 3938 ruamus:
790 3883 839 3938 illi
858 3884 1012 3940 solutiores
1031 3903 1064 3940 ac
1078 3887 1242 3942 liberiores.

30 3951 139 4009 Deinde
171 3955 234 4024 quis
263 3953 352 4008 hodie
376 3970 432 4025 pro
461 3961 542 4006 certo
638 3971 718 4008 mare
741 3954 853 4022 audeat,
885 3973 975 4028 quum
1002 3965 1083 4012 tanta
1108 3967 1246 4014 veterum

33 4029 212 4098 scriptorum
226 4025 302 4080 heta
319 4025 431 4080 iactura
449 4026 497 4091 sit,
516 4042 560 4091 ea,
580 4041 653 4094 qnae
671 4025 749 4096 apud
765 4025 899 4082 Taciturn
917 4045 994 4084 nova
1010 4030 1160 4097 videntur,
1185 4049 1245 4086 non

33 4099 101 4168 apud
118 4103 240 4150 veteres
256 4098 289 4152 in
306 4114 360 4150 usn
377 4097 486 4150 fuisse?
506 4128 539 4140 -
577 4097 681 4174 Magna
698 4099 829 4170 proiecto
848 4107 894 4153 eet
911 4101 1040 4156 stultitia
1056 4112 1167 4170 nostra,
1215 4103 1246 4156 ui
1352 4148 1356 4159 ,

35 4171 163 4226 nunt·
184 4175 310 4223 suerum
328 4170 505 4240 scriptorum
523 4165 712 4238 dispersione,
730 4168 888 4246 mmlongo
902 4177 1067 4244 temporum
1075 4122 1245 4242 intervallo,

34 4251 105 4296 tanta
124 4240 230 4296 latmi
250 4241 389 4295 sermonis
407 4237 554 4293 oblivione
581 4245 611 4294 et
628 4237 814 4317 ignoratione
831 4241 960 4312 optimae
977 4252 1063 4298 notae
1087 4246 1245 4315 scriptores

36 4315 172 4366 tenuare
194 4327 246 4364 non
263 4327 408 4377 veremur,
431 4326 558 4381 quorum
580 4311 668 4384 coqui
692 4319 721 4367 et
742 4312 886 4370 umens·
907 4315 1004 4370 annito
1029 4315 1136 4372 metius
1158 4333 1245 4388 quarn
