2774 4784
350 199 585 266 nmaouuu
604 199 766 266 rsuu.
809 203 838 288 §-
861 199 921 266 sx.
1170 201 1233 258 ω

59 375 130 444 Ana
152 366 183 462 3,
205 371 259 448 65.
292 370 540 474 Praecipuum
562 393 688 446 nunus
714 367 915 446 Annalium
948 391 1047 464 reor,
1078 395 1124 446 ne
1156 373 1232 448 oir-

58 485 131 543 tntes
151 469 335 564 sileantur,
358 485 470 568 utque
492 473 629 574 procis
662 468 777 546 dictis
808 471 995 566 factisque
1028 495 1075 546 ea
1104 486 1231 575 poste-

58 572 145 644 ritate
166 585 200 644 et
223 571 377 666 insama
405 585 520 645 mous
544 572 607 644 sit.
655 568 827 648 Ceterum
851 579 1021 674 tempora
1046 569 1115 645 illa
1138 565 1232 648 adeo

57 671 165 762 infecto
176 685 210 744 ct
222 669 438 748 adulatione
449 667 609 746 sordida
625 670 743 766 fuere,
768 685 901 745 utnon
921 668 1026 746 nodo
1046 673 1233 774 primores

56 772 199 862 civitatis,
227 813 279 826 —
311 769 379 844 sed
410 793 530 846 annes
556 771 778 866 consulares
807 813 858 826 —
889 767 1004 865 foeda
1046 786 1084 844 ct
1119 773 1233 848 ninia

55 885 217 943 urrnent.
254 869 462 946 Maeoniae
483 867 677 974 proditur,
710 869 906 964 Tiberium,
932 871 1099 966 quotiens
1124 873 1233 954 cuda

54 967 270 1064 egrederetur,
296 971 452 1046 Graecis
471 969 596 1046 cerlis
617 971 654 1044 in
671 969 766 1045 buno
785 968 924 1044 modion
936 967 1056 1068 eloqui
1068 969 1231 1046 solitura.-

54 1066 294 1144 olonines
338 1069 401 1146 ad
444 1071 735 1146 seruitutem
777 1077 1017 1174 paratos!
1075 1069 1231 1148 Scilicet

53 1169 249 1262 sunilleio,
275 1173 337 1267 qui
356 1169 564 1245 libertatem
662 1168 770 1246 ttcan
789 1167 917 1262 nollet,
944 1185 1018 1243 tarn
1035 1171 1231 1273 proiectos

52 1269 250 1344 seruientium
270 1271 483 1373 patientiae
509 1284 571 1346 tae
598 1269 709 1355 ebat5
743 1272 841 1344 Ann.
872 1271 929 1363 16,
958 1270 1013 1344 16.
1039 1271 1231 1348 Patientia

51 1367 166 1442 senilis
209 1385 418 1466 tantumque
455 1371 653 1468 sanguinis
700 1368 797 1446 dorni
828 1367 1021 1474 perditun
1057 1371 1231 1468 fatigant

51 1469 168 1542 anun
184 1483 222 1544 et
246 1471 437 1545 maestitia
454 1473 688 1568 restringunt
694 1497 711 1556 ,·
736 1472 832 1544 Ann.
856 1471 888 1564 l,
905 1471 963 1547 75.
981 1471 1018 1562 2,
1038 1473 1093 1548 18.
1112 1469 1148 1579 3,
1170 1467 1229 1547 65.

51 1569 90 1642 69.
111 1570 140 1660 4,
163 1571 220 1645 47.
248 1569 308 1644 64.
341 1570 375 1664 6,
405 1573 460 1646 17.
496 1573 564 1644 ubi
593 1571 773 1645 nonnulla
804 1573 845 1644 in
875 1571 1024 1644 laudem
1057 1571 1230 1644 dicuntur

49 1669 167 1760 Tiberii,
199 1683 245 1744 ut
266 1672 363 1744 Ann.
390 1671 426 1760 6,
466 1669 524 1746 46.
574 1669 734 1762 Claudii,
765 1671 813 1744 Η.
851 1672 883 1761 1,
917 1671 976 1746 49.
1030 1670 1169 1746 Galbae
1194 1682 1231 1744 et

48 1769 129 1859 tta
158 1770 353 1848 46-48.
394 1769 573 1863 Othonis,
598 1773 695 1844 Ann.
726 1773 758 1863 1,
784 1769 843 1845 76.
883 1769 919 1863 3,
945 1771 1003 1847 69.
1044 1771 1080 1860 4,
1105 1771 1140 1845 6.
1172 1771 1227 1844 11.

50 1869 87 1956 11,
106 1871 157 1945 27.
187 1871 246 1962 15,
270 1871 330 1946 53.
357 1873 492 1968 quibus
517 1869 608 1944 locis
632 1869 691 1942 vel
723 1869 941 1944 refelluntur
965 1868 1024 1957 vfel
1056 1873 1097 1943 in
1123 1871 1229 1942 dubi·
1369 1955 1371 1962 Ι

47 1993 92 2038 um
110 1981 290 2060 vomatur,
327 1995 419 2066 quas
449 1970 558 2042 malis
583 1971 818 2066 Principibus
855 1993 1031 2042 eorumve
1067 1969 1155 2044 filiis
1193 1979 1230 2042 et

45 2071 172 2162 cognatis
204 2094 274 2168 per
297 2072 471 2160 iniuriam
496 2071 709 2166 exprobrari
732 2071 943 2162 uideantur,
981 2071 1078 2142 Ann.
1104 2069 1142 2162 2,
1167 2070 1227 2146 88.

44 2181 143 2242 saera
166 2167 376 2244 extollimus
401 2170 598 2244 recentium
631 2170 810 2244 incuriosi
817 2196 835 2253 ,·
877 2171 974 2243 Ann.
1002 2169 1038 2262 3,
1062 2169 1121 2246 55.
1157 2165 1250 2244 non'

42 2289 133 2442 1111
150 2267 276 2444 t‘tt‘t
300 2267 1229 2472 iiiiinliiiiaibillioffliiiiii

41 2489 92 2539 non
109 2481 226 2544 tanen
244 2467 339 2544 adeo
359 2469 536 2544 virtutum
556 2468 685 2542 sterile
703 2465 899 2560 ooeutbtnr,
923 2481 965 2542 ut
985 2490 1058 2542 non
1077 2481 1113 2542 et
1132 2465 1229 2542 bona

41 2567 181 2670 erenplo
214 2567 440 2684 prodiderit
448 2595 466 2653 ,·
514 2570 617 2666 Agr·
639 2569 697 2644 42.
758 2567 905 2658 Sciant,
948 2565 1078 2665 quibus
1110 2567 1229 2672 *moris

40 2663 149 2742 daito
171 2671 321 2761 rnrrari,
349 2669 612 2772 possession
645 2665 711 2742 sub
741 2666 849 2742 nolis
881 2665 1122 2772 Principibus
1154 2691 1228 2740 no·

38 2768 240 2858 prostrat
265 2791 355 2860 esse,
380 2780 417 2841 et
441 2769 521 2840 loca
545 2769 610 2842 illa
633 2771 674 2841 in
698 2767 780 2844 Iud.
797 2770 827 2841 I.
853 2767 997 2842 laudata
1023 2768 1069 2842 de
1093 2765 1228 2840 talibus

39 2867 103 2938 u'ris
125 2869 306 2964 bonisque
332 2867 522 2964 exemplis,
561 2869 607 2941 de
634 2867 816 2963 Agricola,
850 2871 1012 2941 Antistio
1042 2865 1227 2958 Labeone,
1304 2859 1312 2882 ⁸

37 2965 121 3040 Ateio
141 2965 333 3064 Capitone,
358 2967 472 3040 Barea
496 2967 649 3059 Sorano,
675 2967 718 3040 C.
739 2967 866 3040 Cassio
884 2967 1065 3062 Longino,
1091 2964 1228 3039 Cluvio

37 3063 121 3156 linio,
144 3067 302 3140 Cocceio
327 3069 453 3159 Nerva,
489 3067 713 3159 Corbulone,
748 3067 939 3140 Cremutio
965 3065 1104 3156 Cordo,
1137 3065 1227 3139 Ger-

36 3168 170 3255 manico,
208 3167 384 3240 Helvidio
417 3168 555 3259 Prisco,
599 3166 755 3240 Messala
787 3166 961 3258 Corvino,
998 3167 1040 3238 P.
1074 3165 1226 3258 Rutilio,

36 3261 191 3338 Suetonio
218 3266 387 3361 Pasdino,
420 3267 583 3340 Thrasea
607 3267 731 3358 Paeto,
769 3266 819 3341 Μ.
845 3267 1025 3362 Vipstano
1060 3265 1227 3358 Messala,

35 3361 65 3432 L.
88 3366 238 3440 Volusio
274 3377 310 3440 et
334 3365 425 3440 aliis.

111 3465 289 3542 Nonnulli
320 3465 469 3564 culpant
494 3467 675 3560 Tacitum,
708 3467 807 3564 quod
838 3467 878 3538 in
909 3469 1063 3562 gratiam
1093 3467 1227 3542 Roma-

36 3587 148 3637 norum
172 3591 195 3638 a
218 3568 368 3639 veritate
393 3591 660 3664 nonnunquam
685 3566 921 3639 declinaverit
951 3570 1063 3640 rebus
1096 3589 1227 3638 sorum

36 3661 110 3736 insto
133 3665 218 3762 plus
245 3669 359 3740 auctis
384 3679 420 3741 et
444 3669 609 3765 peccatis
633 3665 869 3763 cladibusque
901 3665 1101 3758 occultatis,
1133 3691 1167 3738 v.
1195 3689 1224 3738 c.

37 3761 110 3836 lan
139 3765 171 3856 1,
203 3765 263 3842 63.
302 3767 466 3842 nonibus
503 3767 630 3866 aequis
667 3765 882 3842 arcessor.
936 3767 1012 3844 Sed
1048 3767 1134 3839 talia
1169 3763 1228 3837 vel

36 3883 100 3934 ura
111 3865 277 3957 samuel,
303 3867 451 3960 silalsa,
478 3869 700 3959 auctoribus,
725 3891 818 3966 quos
832 3878 978 3939 secutus
998 3877 1084 3957 erat,
1103 3866 1227 3960 impu-

36 3963 131 4038 lsude.
180 3967 356 4040 Nostrum
381 3969 560 4042 ab·omni'
581 3969 743 4064 partium
768 3967 890 4039 studio
916 3965 1078 4038 alienum
1103 3964 1227 4056 luisse,

38 4061 77 4130 rot
99 4087 143 4137 ex
165 4091 209 4138 eo
235 4071 473 4162 cognoscitur,
507 4069 606 4166 quod
632 4091 751 4168 neque
781 4089 840 4138 res
869 4065 967 4138 male
998 4065 1228 4146 a-‚Romanis
1327 4091 1329 4096 ¹

38 4175 145 4256 tutas,
167 4191 202 4236 v.
230 4192 261 4237 c.
286 4165 382 4240 Hira
410 4169 445 4260 4,
471 4165 529 4244 37.
545 4167 605 4244 76.
633 4181 669 4241 et
694 4167 738 4242 G.
753 4163 813 4241 37.
840 4189 959 4263 neque
984 4163 1074 4238 vitia
1098 4185 1227 4258 eomm

39 4259 156 4356 sebois,
179 4289 228 4338 ne
253 4267 299 4338 iii
323 4268 473 4364 quidem
500 4265 603 4360 loeis,
629 4269 694 4342 ubi
719 4265 758 4342 id
781 4268 816 4339 ei
836 4265 1009 4358 licuisset,
1035 4263 1249 4346 14661111.ν
