2774 4784
172 183 196 236 ι.
434 133 913 246 mrsmoorrsxmm
930 179 1126 246 mounes

174 345 361 444 Qudquid
383 371 430 422 en
454 345 645 445 Agricola
669 349 881 442 amouimus,
911 347 1088 447 quiequid
1109 347 1239 424 mirati
1260 357 1372 440 nrm,

170 462 291 524 monet
316 471 590 544 mansurumque
614 461 672 524 est
697 449 736 524 in
753 447 1086 542 anmirlsominun,
1112 449 1151 524 in
1167 449 1372 522 aeternitate

171 563 384 650 temporum,
402 547 504 642 fama
517 567 659 622 remim:
674 572 757 624 nam
770 545 903 626 multos
917 564 1079 626 merum
1095 546 1195 624 vemt
1208 547 1372 644 inglorim

170 663 209 722 et
235 645 420 740 ignobiles
447 645 583 724 oblivio
609 647 752 740 obruet,
786 647 978 742 Agricola
1041 648 1235 722 osteritoti
1258 671 1372 723 narra·

172 765 233 822 tus
271 762 309 822 et
337 743 503 822 traditus
537 761 731 848 superstes
756 749 831 822 erit
839 775 857 832 ,·
896 750 981 823 ds'i
1023 750 1122 822 mnia
1145 749 1243 822 Ann.
1269 749 1304 840 2,
1326 744 1372 820 33.

171 847 308 925 Serico
331 847 448 921 vestis
472 845 606 941 foedat
630 847 747 938 viros,
773 847 809 940 3,
831 849 890 925 65.
917 847 985 923 Ilo
1033 848 1233 922 osteritote
1243 862 1281 922 et
1294 845 1372 940 insa

168 949 243 1026 mia
266 961 382 1020 metus
402 943 678 1050 pravis-dietis
698 947 897 1044 factisque,
926 873 1067 1042 1136.
1100 945 1265 1042 Infamia
1288 961 1372 1050 aput

199 1045 358 1140 redigas
381 1045 580 1122 nouissimo
604 1044 782 1148 voluptas
807 1061 890 1132 este
925 1049 972 1122 ds
996 1047 1217 1122 libidinibus
1234 1048 1329 1120 Ann.
1349 1043 1372 1131 t,

166 1073 203 1226 3.
230 1146 383 1224 Femina
416 1146 555 1220 omissa
583 1143 777 1250 pudicitia
811 1170 883 1222 non
916 1145 996 1222 olio
1028 1143 1213 1235 abnuerit,
1247 1143 1372 1236 11,37.

170 1249 303 1322 Animo
335 1269 411 1349 per
443 1243 619 1320 libidines
652 1261 835 1348 corrupto
875 1244 971 1320 nibil
1002 1243 1148 1320 bonemi
1187 1245 1307 1329 inest,
1340 1245 1372 1313 dc

168 1347 240 1420 slis
263 1358 414 1420 naturae
438 1346 650 1442 ingeniique
675 1346 832 1418 humani
856 1346 982 1420 indole
1006 1347 1104 1419 Anu.
1135 1346 1252 1434 1,110.
1289 1339 1372 1418 Odio

164 1447 327 1552 priuato
348 1443 513 1548 publicis
538 1443 768 1518 utilitatibus
803 1439 1036 1536 remittendo,
1065 1446 1097 1537 l,
1118 1443 1178 1520 33.
1215 1441 1372 1520 Odionm

168 1569 304 1621 caueae
330 1543 499 1618 acriores
524 1566 617 1639 quoe
642 1545 801 1640 iniquae,
827 1545 875 1618 Η.
905 1547 937 1638 l,
956 1543 1015 1620 34.
1041 1543 1102 1620 De
1127 1541 1213 1619 odio
1238 1540 1372 1638 facilius

169 1643 350 1737 creditur,
375 1644 461 1735 2,8.
491 1639 625 1718 Odium
681 1646 904 1718 ressontium
924 1667 1045 1718 rerum
1098 1645 1179 1718 orit
1202 1639 1372 1746 cupidita

169 1759 239 1822 tem
262 1766 451 1834 nouarum,
483 1743 519 1834 4,
546 1745 605 1818 76.
645 1667 749 1818 gdia
771 1745 1025 1848 proximorum
1057 1668 1174 1840 firme
1207 1741 1372 1818 acerrimo

168 1858 266 1938 sunt,
292 1845 338 1918 G.
352 1844 412 1918 21.
439 1839 666 1918 Inimicitiae
715 1841 976 1920 criculosiores
999 1859 1086 1918 suut
1108 1845 1216 1918 iusto
1238 1839 1372 1916 liberta

168 1960 238 2020 tem
246 1971 263 2029 ,·
283 1945 382 2018 Ann.
409 1943 442 2034 1,
461 1941 521 2018 28.
548 1939 622 2018 Per
702 1967 748 2016 ae
772 1941 883 2018 semel
905 1958 1041 2018 mentes
1065 1956 1150 2017 sunt
1167 1939 1316 2016 mobiles
1337 1961 1372 2012 oo

167 2041 561 2220 &perstitionempff
585 2042 625 2236 Ξ,
650 2043 681 2214 l.
701 2039 1246 2224 'slmlsnlltiglabombllltm
1261 2039 1372 2209 ‘wlff'

205 2168 248 2219 co
275 2165 560 2218 omasumeiam
606 2165 707 2216 orus
881 2197 953 2234 .,
1031 2195 1039 2214 .
1147 2165 1167 2216 o
1229 2161 1372 2218 mser

167 2241 329 2320 tionibus
355 2237 508 2334 oceidit,
540 2237 638 2316 unde
660 2167 793 2345 Ptol-’es
816 2257 927 2318 erant
960 2265 1081 2316 omnes
1113 2242 1220 2336 ficere
1228 2269 1246 2327 ,-
1279 2235 1372 2328 Η.3

170 2346 225 2419 11.
252 2341 366 2421 Velut
381 2339 666 2418 absolverentur
685 2339 843 2418 oliorum
861 2339 1055 2434 seditione,
1086 2342 1226 2416 iterare
1247 2338 1372 2442 culpat

164 2439 407 2542 gaudebon‘t5
433 2443 470 2534 2,
490 2439 550 2518 39.
609 2439 767 2518 Veritas
791 2443 874 2518 visu
899 2457 936 2516 et
959 2465 1075 2534 moro,
1100 2437 1216 2540 falsa.¹
1234 2439 1371 2536 festino

167 2545 267 2618 tione
300 2557 337 2614 et
372 2541 528 2616 incertis
566 2539 770 2634 valescunt,
804 2541 840 2633 3,
871 2541 932 2616 66.
984 2539 1201 2614 Brutidium
1243 2537 1371 2613 artibu.

163 2641 328 2718 bonestis
353 2641 541 2744 copiosum
567 2653 615 2732 et,
642 2645 677 2714 si
702 2655 840 2714 rectum
865 2641 941 2715 iter
956 2655 1152 2744 pergeret,
1177 2635 1232 2714 od
1257 2637 1371 2726 claris

165 2743 258 2816 simo
289 2763 451 2838 quaeque
480 2739 615 2812 iturum
657 2739 855 2836 festinatio
889 2738 1170 2832 exstimulabat,
1216 2735 1302 2812 dum
1333 2743 1371 2808 at

165 2839 305 2940 quales,
340 2835 426 2914 dein
451 2839 679 2944 superiores,
703 2853 895 2942 postremo
921 2853 1080 2913 suasmet
1106 2839 1189 2946 ipse
1213 2861 1304 2940 spes
1329 2860 1370 2908 oo

166 2943 261 3016 teire
282 2953 425 3042 porat:
460 2935 560 3038 quod
582 2937 725 3031 multos,
751 2941 862 3014 etiam
888 2937 1002 3014 bonos
1018 2961 1165 3042 pessum
1186 2933 1305 3028 dedit,
1332 2957 1370 3032 qu

165 3045 322 3145 spretis,
349 3065 441 3136 quoe
469 3035 585 3114 tarda
610 3063 688 3111 cum
713 3041 928 3131 securitate,
950 3052 1199 3144 praematuro
1229 3035 1292 3111 ael
1317 3059 1370 3108 cun

165 3141 283 3216 esitio
305 3153 535 3244 properant,
565 3135 621 3232 13,
647 3140 706 3212 27.
733 3137 955 3246 Dispiceret
980 3141 1131 3236 quisque
1156 3138 1291 3210 merita
1315 3151 1370 3224 tan

164 3238 280 3338 deque
311 3237 540 3330 concederet,
580 3236 679 3334 quod
710 3235 835 3312 datum
867 3263 939 3314 mon
972 3235 1209 3329 adimeretur,
1247 3235 1306 3328 15,
1332 3235 1369 3310 51

165 3335 412 3443 Experiemdo
437 3337 554 3412 multa
578 3333 752 3432 confiunt,
779 3361 872 3435 quae
897 3336 1074 3434 segnibus
1110 3333 1235 3410 ardua
1265 3331 1369 3410 uiden

166 3455 241 3530 tur,
266 3441 315 3511 H.
346 3439 377 3532 l,
402 3439 462 3512 21.
493 3435 741 3515 Cunctatione
767 3459 862 3542 opus
887 3461 959 3511 mon
985 3451 1054 3527 est,
1087 3435 1152 3510 ubi
1177 3435 1279 3533 quies
1339 3457 1369 3506 er

72 3553 80 3562 ’
165 3540 346 3614 miciosior
379 3561 484 3635 mam
518 3537 719 3628 temeritas,
754 3538 786 3627 l,
812 3535 872 3614 32.
912 3535 1068 3614 Scelero
1103 3537 1250 3654 impetu,
1323 3533 1369 3622 onl

28 3723 32 3740 1
164 3637 323 3715 consilio
346 3661 450 3712 moro
474 3635 675 3727 valescere,
706 3638 738 3728 1,
763 3637 823 3712 55.
859 3633 985 3711 Insita
1002 3633 1225 3712 mortalibus
1239 3625 1369 3708 naturl

162 3731 933 3930 llll-l,illllllttttllltll’
946 3731 1368 3932 lorillllllt

167 3935 333 4014 consulto
360 3960 454 4052 opus
479 3950 548 4030 est,
574 3936 610 4025 2,
635 3935 694 4010 25.
746 3931 957 4011 Cunctator
989 3950 1129 4009 natura
1166 3933 1231 4008 ille
1256 3949 1294 4008 et
1336 3953 1368 4008 ct

167 4052 280 4114 cauta
344 4049 442 4110 otrus
477 4033 635 4110 consilia
668 4057 752 4106 cum
786 4035 934 4108 ratione
966 4057 1072 4130 quam
1108 4057 1206 4138 pros
1235 4057 1307 4108 era
1350 4043 1368 4106 o

167 4161 257 4214 casu
279 4059 488 4241 pbcerent,
515 4137 552 4228 2,
578 4133 636 4209 32.
689 4131 816 4208 Multa
850 4131 949 4207 bella
982 4135 1120 4238 impetu
1152 4157 1175 4208 o
1217 4131 1282 4207 ido
1321 4157 1367 4237 pi

168 4235 297 4313 taedia
322 4249 359 4313 et
393 4259 517 4310 moras
550 4231 753 4324 evanuisse,
784 4233 820 4324 2,
851 4233 910 4308 31
964 4231 1189 4337 Sapientiae
1219 4232 1302 4308 loco
1340 4257 1367 4304 es
