2762 4788
144 198 191 254 ox
630 195 867 283 unrrrouss

145 391 413 466 nonnumquam
437 366 630 440 laudantur
649 364 794 441 codices
812 365 1033 464 Agricolae,
1060 362 1214 458 Mureti,
1236 363 1357 441 Ptole

144 493 228 564 noe,
269 465 426 559 Pitlloei,
468 463 652 541 Roroanue
684 465 811 542 Medii
843 479 880 540 et
905 465 1090 540 Ronanus
1122 465 1261 570 Lipoii,
1300 471 1358 562 qui

146 583 270 644 tamen
292 569 467 663 impressi
499 569 623 662 potius
655 591 766 663 quarn
800 591 914 640 manu
948 569 1075 662 scripti
1100 567 1212 638 fluisse
1237 567 1358 638 videu-

147 683 217 744 tur.
269 667 443 740 Ceterum
469 667 615 738 diversa
640 677 695 740 est
727 663 846 740 libelli
869 667 1061 762 inscriptio
1086 675 1163 738 tam
1186 668 1227 737 in
1253 666 1356 740 MSS.

145 793 256 866 quam
281 773 321 840 in
346 767 570 840 editionibus
590 777 627 838 et
642 765 700 838 vel
727 792 810 840 eom
835 769 882 838 ob
910 790 1055 838 causam
1082 790 1103 838 a
1126 765 1357 838 librariorum

144 872 269 966 potius
299 867 529 939 editorumve
562 890 674 962 quarn
698 867 744 938 ab
778 869 897 962 ipsius
922 867 1081 938 auctoris
1106 867 1255 960 iugenio
1281 891 1376 962 pro-¹

146 971 257 1044 uoto:
298 969 338 1038 in
374 965 484 1038 MSS.
524 965 743 1038 Famesiano
776 977 813 1038 et
846 977 1001 1062 quatuor·
1033 965 1219 1038 Vaticanis
1258 965 1357 1040 1518.

149 1068 255 1146 1862.
282 1065 391 1142 2964.
417 1076 453 1137 et
478 1065 585 1142 4498.
610 1063 780 1141 Cornelii
809 1065 934 1140 lbciti
950 1063 1141 1162 Dialogus
1165 1061 1212 1136 de
1237 1079 1376 1138 oraro-¹

146 1165 275 1249 ribam
300 1167 340 1238 in
365 1163 445 1238 MS.
468 1165 748 1238 vindobonensi
773 1167 849 1238 sive
869 1165 1046 1238 Sambuci
1072 1161 1118 1240 G.
1144 1160 1260 1240 Corn.
1294 1163 1376 1238 Ta»

146 1267 215 1341 citi
247 1263 438 1357 Dialogus
471 1261 519 1336 de
556 1263 772 1338 oratoribus
810 1267 888 1338 ouis
920 1265 1092 1353 (sortasse
1125 1265 1187 1336 eui
1209 1287 1238 1336 o.
1266 1265 1305 1336 h.
1329 1291 1356 1334 e.

145 1367 205 1439 orci
229 1363 385 1454 saccale)
414 1377 450 1436 et
475 1364 639 1460 antiquio
665 1387 740 1438 con
771 1365 920 1448 oratis,·
957 1366 997 1436 in
1022 1361 1107 1436 edit.
1135 1363 1232 1459 Spir.
1269 1359 1376 1438 Con

145 1463 235 1540 aelii
260 1466 371 1538 taciti
395 1465 529 1560 equitis
543 1460 698 1537 Romani
743 1461 891 1558 ialogue
909 1461 956 1537 cle
982 1461 1196 1537 oratoribus
1221 1461 1357 1544 claris,·

145 1569 185 1638 in
211 1567 314 1638 editt.
338 1563 479 1636 Puteol.
506 1562 588 1636 Ber.
615 1574 652 1634 et
675 1564 792 1636 Rhen.
823 1565 853 1637 l.
892 1560 1061 1639 Cornelii
1091 1560 1215 1637 Taciti
1238 1563 1357 1659 aequi-

146 1667 197 1738 tio
221 1661 377 1738 Rotnani
401 1660 590 1760 dialogus,
616 1686 666 1734 au
691 1663 749 1736 eui
775 1661 915 1747 caewli
940 1677 1112 1738 oratores
1143 1662 1356 1758 antiquiori-

147 1763 213 1840 bus
239 1778 275 1836 et
301 1787 415 1860 quare
445 1757 648 1835 concedant
657 1786 674 1846 ,·
717 1763 757 1834 in
783 1761 1007 1836 Salutatione
1041 1765 1195 1835 editioni
1220 1761 1376 1836 Puteal

145 1862 302 1980 praefixa
327 1859 381 1936 de
406 1883 583 1978 genere
615 1859 923 1977 eloquentiae
953 1886 1042 1979 non
1075 1877 1355 1978 corrupiac,

145 1985 389 2145 tlltttt
411 1957 1356 2164 llll?llll-‘titillato‘tttltf

147 2165 202 2238 rio
227 2159 404 2258 dialogus
429 2157 475 2234 de
497 2159 712 2234 cruoribus
727 2162 785 2234 sui
807 2175 876 2234 tero
905 2163 998 2254 oris,
1023 2166 1064 2236 in
1116 2165 1355 2252 celerioribus,

146 2265 252 2336 utin
276 2261 403 2334 multis
430 2261 531 2334 editt
561 2261 835 2352 recentioribus,
889 2259 1038 2358 ialoguo
1095 2260 1376 2336 eor·otorilus³

146 2367 221 2436 sive
247 2359 293 2434 de
318 2365 443 2435 caucia
458 2373 662 2462 corruptae
676 2358 914 2456 eloquentiae.
942 2361 999 2435 Cl.
1014 2365 1049 2460 §-
1063 2363 1148 2437 XV.
1165 2363 1353 2459 p.·LXIll.
1375 2407 1376 2412 =

146 2463 283 2536 LXIV.
312 2472 348 2533 ct
371 2461 407 2556 ᾗ.
433 2461 558 2534 XXII.
586 2484 623 2556 p.
651 2461 828 2536 LXXXI.
856 2487 909 2560 sq.
1375 2497 1376 2504 1

221 2631 560 2723 neruosus
609 2631 935 2725 nrunosou
972 2640 1012 2724 Α
1051 2633 1283 2724 rouro

509 2845 512 2852 ,
551 2763 961 2858 santonosou.

362 2920 390 2991 1.
431 2917 498 2992 ΕΤ
524 2917 765 2996 MAIORUM
797 2921 865 2997 ΕΤ
897 2917 1143 2997 MINORUM.

246 3058 281 3152 ξ.
308 3055 433 3130 ΧΧΧ.
486 3057 515 3130 l.
544 3053 754 3158 Spirensis,
787 3059 957 3131 omnium
989 3059 1183 3162 praeceps,
1225 3061 1354 3133 lormae

149 3157 342 3250 maximae,
374 3157 454 3228 sine
478 3158 717 3253 inscriptione
750 3169 786 3231 et
811 3161 898 3230 anni
921 3158 1067 3255 locique
1091 3171 1188 3252 nou,
1225 3185 1315 3256 quae
1337 3171 1376 3225 el

148 3256 289 3351 Lipsio,
330 3255 487 3327 Grutero
522 3255 676 3352 aliisque
708 3281 902 3353 perperam
941 3255 1109 3332 Romana
1144 3273 1294 3332 vocabar
1324 3266 1355 3327 et

156 3353 366 3430 Vaticana:
391 3377 479 3426 nam
503 3355 643 3428 Veneta
669 3368 785 3450 estet
809 3359 987 3450 Venetus,
1011 3383 1087 3430 non
1111 3383 1198 3430 veru
1223 3385 1254 3430 a.
1273 3357 1351 3429 Chr.
1375 3375 1376 3378 ’

153 3453 260 3530 1468.
286 3477 405 3548 neque
435 3451 538 3528 1469.
569 3455 697 3535 eloh.
726 3458 771 3528 de
797 3455 916 3552 Spina,
942 3459 1007 3529 sed
1031 3482 1065 3531 a.
1095 3459 1199 3533 1470.
1224 3483 1248 3530 ‘a
1266 3449 1376 3531 ven-l

150 3553 274 3626 delino
300 3554 377 3624 sive
392 3551 593 3626 Vindelico
617 3535 664 3628 «ie
681 3553 814 3658 Spica,
840 3557 948 3629 franc
972 3565 1061 3630 natu
1079 3559 1226 3648 minori,
1253 3555 1376 3652 paulo³

151 3664 234 3748 post
257 3653 408 3724 maioris
434 3653 580 3724 obitum
605 3667 738 3747 ousta
771 3657 870 3728 unde
894 3659 1028 3730 rectius
1053 3655 1250 3758 Spirensis
1275 3655 1354 3728 dici·

150 3764 210 3824 tur
242 3775 263 3824 a
293 3751 533 3847 typographo,
570 3778 615 3826 ex
646 3757 751 3828 cauus
782 3755 928 3830 officina
952 3757 1090 3851 prodiit
1121 3767 1160 3829 et
1185 3759 1249 3852 qui
1273 3756 1353 3826 haec

150 3853 367 3946 subscripsit
388 3855 430 3922 in
455 3851 552 3924 calca
577 3851 679 3927 libri:
1375 3869 1376 3880 ¹

455 3951 558 4024 Finis
582 3953 662 4026 Duo
687 3951 778 4028 laus.

318 4049 493 4142 Cesareos
515 4076 639 4125 mores
664 4053 792 4128 scribit
816 4055 1020 4130 Cornelius.
1072 4067 1148 4130 esto

383 4154 455 4224 lsta
479 4153 549 4224 tibi
573 4155 704 4226 codex:
736 4155 891 4244 historie
915 4167 1017 4252 pater
1041 4167 1107 4247 est,

318 4253 458 4346 Insigni
482 4276 594 4347 quam
618 4252 727 4328 laude
740 4255 844 4334 leret
867 4279 955 4351 gens
980 4267 1141 4351 postem
1167 4258 1296 4352 pressit

389 4350 499 4446 Spira
523 4377 712 4447 premens:
745 4357 831 4426 artis
856 4355 969 4449 gloria
994 4358 1114 4452 prima
1139 4381 1213 4448 sue.
