2872 4792
249 190 393 256 CAPUT
415 191 574 256 XXXVI.
608 189 795 274 (tutte.
825 191 991 274 u.-c.1s.)
1023 245 1025 252 ,
1171 195 1230 264 189

36 357 127 421 nitida,
145 357 297 432 legatione,
314 363 378 412 unte
394 360 748 425 praeturan‘ruugebantur
772 369 801 414 et
820 362 851 414 in
869 379 903 418 ea
920 361 997 418 Urbe
1014 359 1143 427 aberant,
1173 361 1228 416 iam

36 439 75 482 tun
91 429 187 499 (quum
204 430 297 484 adbuc
315 432 346 483 in
364 431 518 507 legationis
536 432 636 486 obicio
655 433 795 500 abessent)
812 441 950 500 praetores
967 436 1176 502 destinarentur,
1195 441 1228 486 ut

36 501 66 567 bi,
83 503 128 572 qui
139 511 210 626 post
228 511 357 557 exactam
376 503 491 556 demum
510 521 570 557 eain
589 504 728 560 militiam
746 507 840 558 futuri
860 514 942 560 erant
959 513 1112 578 praeturae
1130 497 1227 558 candi·

36 574 81 626 dati
97 583 123 628 et
158 577 256 628 omum
273 575 370 630 redire
388 573 535 641 debebant,
553 583 587 628 ut
604 576 729 630 honores
747 577 901 644 ambirent,
920 578 971 630 sub
989 579 1078 632 linem
1096 577 1239 630 redirent.

37 648 83 698 cius
99 649 172 713 anni,
191 664 248 717 quo
268 655 367 701 exacto
384 655 552 718 praeturam
576 667 657 702 suam
684 650 857 719 capessituri
882 659 986 716 essent,
1014 667 1051 704 ne
1074 648 1227 706 destinatis

37 720 59 770 in
73 719 295 790 quinquennium
312 719 528 793 magistratibus
546 721 742 788 laederentur,
769 723 801 776 in
819 721 1051 792 quinquennium
1074 728 1227 792 praerepta

37 789 157 843 bonorum
176 808 233 862 spe.
269 792 358 845 Recte
376 789 569 857 fungebantur,
587 809 647 845 nou
665 793 857 858 [aagendam
875 811 942 847 nam
960 793 1017 847 boc
1032 794 1055 846 si
1099 789 1225 846 iticaret:

37 863 55 912 si
76 863 180 932 quando
205 871 308 930 essent,
341 861 393 930 qui
416 870 483 916 ante
506 872 674 932 praeturam
699 863 862 940 legitorum
887 865 1019 918 officium
1052 867 1226 918 otinercnt.

37 936 63 985 lt
77 937 187 988 omnino
206 935 302 1004 potius
322 933 334 988 l
372 935 472 988 ionum
490 935 581 1011 legati
598 935 804 1006 praesumendi
829 944 900 990 sunt
917 937 977 990 viri
1000 945 1137 1008 praetura
1154 953 1227 989 non-

36 1006 87 1057 dum
102 1007 204 1062 iuncti.
248 1005 327 1060 Idem
380 1006 455 1060 allus
474 1008 596 1074 censuit,
624 1015 658 1060 ut
683 1002 812 1073 Princeps
834 1009 895 1064 ΧΠ
918 1009 1079 1061 candidulos
1097 1009 1126 1060 in
1144 1021 1228 1059 anuos
1274 1059 1278 1078 Ι

36 1080 136 1141 urgdos
158 1077 316 1144 nominaret,
347 1094 416 1156 ergo
441 1077 490 1130 Lx
516 1079 547 1132 in
577 1079 648 1148 quin
672 1078 819 1134 nennium.
865 1079 953 1132 Cuius
980 1081 1024 1134 rei
1049 1073 1228 1130 candidatae!

37 1149 128 1214 Nescio,
159 1148 231 1220 quid
257 1148 455 1204 dubitaverint
478 1149 592 1220 Lipsius
614 1157 643 1204 et
687 1169 732 1206 rn.
769 1150 835 1203 Non
854 1150 1008 1226 legationis
1026 1159 1076 1203 aut
1094 1149 1226 1204 consula·

38 1229 78 1285 tus,
94 1221 137 1272 sed
154 1229 323 1292 praeturae:
342 1221 419 1292 quod
437 1220 520 1274 docet
538 1229 566 1275 et
585 1229 745 1284 contextus,
764 1219 842 1286 (nam
856 1221 891 1276 de
904 1231 1040 1292 praetura
1054 1223 1120 1278 'iam
1131 1237 1226 1274 sermo

38 1294 76 1356 est)
91 1301 116 1344 et
133 1309 273 1344 numerus
291 1293 435 1347 duodecim.
455 1295 492 1348 cl.
515 1295 539 1357 l,
560 1295 601 1348 14.
641 1292 770 1364 Principi
788 1303 884 1348 autem
909 1295 962 1346 ille
981 1293 1071 1346 tradit
1095 1292 1226 1346 omnium

37 1372 177 1431 praetorum
198 1363 474 1428 denominationem,
501 1373 535 1418 ut
554 1365 595 1418 ita
618 1364 741 1418 aliorum
764 1368 858 1441 gratia
875 1365 962 1436 plane
980 1363 1135 1420 aboleatdr.
1171 1363 1227 1416 Mi·

37 1433 132 1500 raberis,
149 1431 202 1488 nil=
213 1433 263 1488 hic
280 1435 340 1512 legi
359 1434 394 1488 de
413 1435 579 1489 consulatus
596 1436 782 1506 petitoribus.
819 1439 927 1491 Verum
951 1435 986 1490 de
1010 1435 1160 1491 consulatu
1179 1452 1226 1490 res

36 1522 78 1558 non
93 1515 150 1559 erat
168 1505 310 1562 difficilis.
347 1507 408 1560 lam
426 1506 535 1560 dudum
554 1505 630 1560 illud
647 1506 792 1562 bonorum
809 1509 962 1582 fastigium
986 1515 1068 1562 extra
1086 1507 1226 1560 ambitum

36 1579 78 1630 lori
92 1579 218 1648 positum
235 1578 326 1631 fuisse
344 1577 472 1643 videtur,
500 1585 535 1631 ut
553 1595 568 1632 e
587 1577 718 1634 Caesaris
736 1578 860 1633 arbitrio
885 1579 1038 1632 consulum
1058 1579 1225 1632 denomina—
1271 1605 1274 1613 ν

36 1649 66 1700 tio
80 1648 222 1719 penderet,
242 1649 313 1703 licet
331 1649 426 1726 imago
452 1649 590 1719 quaedam
609 1649 807 1704 consularium
830 1651 1016 1704 comitiorum
1037 1651 1224 1722 superfuerit.

37 1737 56 1773 v.
72 1725 91 1785 l,
108 1721 165 1776 ΒΗ(
189 1720 292 1774 Wattlr.
329 1719 458 1774 ion-tum
480 1721 687 1788 destinarentur,
714 1741 741 1776 v.
762 1721 798 1775 ad
817 1727 843 1790 1,
861 1727 888 1790 3,
908 1725 934 1780 ³.
972 1723 1026 1776 ianr
1051 1731 1102 1776 turn
1127 1739 1225 1776 ornnes

37 1789 84 1847 edd.
99 1792 147 1842 iun
164 1793 224 1844 durn
242 1790 298 1845 its.
314 1800 387 1846 teste
411 1793 467 1848 lac.
489 1792 579 1848 Gron.
856 1825 862 1830 -
1034 1793 1038 1802 ⁴

88 1866 110 1918 2.
136 1863 219 1917 linud
236 1864 341 1916 dubium
360 1869 427 1928 erut,
447 1879 503 1914 enm
520 1863 675 1917 sententian
698 1865 783 1918 ultius
804 1873 956 1932 penetrare,
978 1866 1011 1920 in
1029 1867 1091 1937 ipsa
1117 1865 1227 1934 inperii

37 1949 125 1998 nemo,
148 1943 177 1990 et
202 1935 246 1988 sic
263 1936 364 1988 tentari
388 1952 428 1988 ea.
459 1933 502 1990 cf.
528 1935 564 1988 ad
589 1939 617 2000 3,
635 1935 687 2002 28,
700 1940 725 1992 t.
763 1936 868 2004 „Cave
895 1957 932 1992 ne
956 1937 1006 1992 bic
1030 1939 1225 2008 interpretum

37 2005 142 2134 ambies
159 2009 191 2060 in
210 2005 344 2060 tenebras
367 2013 397 2059 te
415 2005 564 2064 abducant.
602 2006 715 2059 Arcana
736 2007 844 2074 imperii
867 2017 936 2062 sunt
962 2007 1226 2064 Gebeimnisse

37 2077 83 2130 der
129 2077 363 2133 aieerlichen
390 2077 543 2131 Politik.
583 2077 711 2145 Quorum
729 2095 899 2133 arcanorum
926 2079 1012 2133 cardo
1031 2079 1108 2151 apud
1127 2079 1226 2134 Gaesa-

38 2165 69 2200 res
84 2151 111 2204 in
128 2167 159 2204 eo
176 2149 354 2216 vertebatur,
374 2157 408 2202 ut
426 2167 471 2202 res
489 2149 641 2217 Romanae,
660 2149 760 2204 licete
776 2149 1086 2222 solo'imperitantium
1104 2151 1226 2205 arbitrio

36 2221 180 2288 penderent,
200 2221 310 2276 veteris
327 2229 425 2274 tamen
444 2220 588 2275 libertatis
614 2223 739 2291 speciem
758 2223 929 2288 retinerent,
962 2231 1050 2292 utque
1076 2224 1147 2293 ipsis
1165 2225 1226 2275 for-

37 2293 103 2345 mulis
118 2294 246 2363 antiquis
263 2291 411 2363 Principes
430 2301 585 2345 uterentur
609 2293 741 2346 insuam
765 2295 928 2363 potentiam
947 2293 1144 2348 muniendam.
1182 2293 1226 2345 Ita

37 2366 129 2418 cornitia
146 2365 372 2440 magistratuum
393 2363 544 2427 dabantur,
563 2381 725 2432 quanquam
744 2367 857 2418 certum
876 2373 946 2427 erat,
968 2367 1116 2418 neminem
1134 2362 1226 2418 bono·

37 2451 69 2486 res
84 2437 288 2507 capessiturum
307 2453 367 2489 esse
385 2436 442 2488 nisi
463 2453 498 2489 ex
516 2435 665 2488 voluntate
690 2436 844 2506 Principis,
870 2438 951 2492 cuius
975 2445 1072 2490 tamen
1096 2436 1226 2507 potentia

38 2505 138 2581 imagine
153 2508 265 2578 prioris
284 2507 328 2562 rei
345 2507 479 2576 publicae
496 2505 648 2582 tegebatur
698 2507 761 2560 Nec
782 2509 893 2560 frustra
917 2525 1011 2561 annua
1036 2509 1088 2561 illa
1107 2507 1226 2560 comitia

37 2579 216 2645 sanabanturs
234 2595 301 2632 nam
320 2579 364 2632 uti
379 2578 451 2632 olim
490 2579 658 2648 raecipuum
673 2577 818 2632 libertatis
835 2579 1050 2634 munimentum
1070 2587 1099 2634 et
1116 2579 1226 2632 nimiae
1279 2633 1287 2648 ,

36 2647 194 2731 singulorum
218 2651 365 2720 potentiae
389 2595 632 2720 impedimentum
656 2651 782 2716 fererant,
808 2651 849 2704 ita
868 2657 897 2704 et
915 2667 993 2704 nunc
1011 2649 1156 2718 cavebant,
1188 2667 1226 2703 ne

37 2733 85 2784 quus
99 2723 248 2792 potestatis
267 2721 460 2790 diuturnitate
485 2720 654 2775 abuteretur
675 2720 711 2774 ad
737 2722 942 2792 comparandas
967 2723 1046 2776 uires
1072 2721 1226 2777 Caesarum

37 2789 136 2860 inperio
153 2791 361 2864 perniciosas.“
382 2791 486 2847 Watti.
516 2791 560 2848 Gi.
579 2791 615 2845 ad
633 2797 659 2859 1,
676 2797 702 2858 i,
721 2796 747 2849 o.
769 2820 802 2831 -
838 2795 914 2862 quusi
938 2800 1085 2860 unguetur
1106 2799 1228 2862 potestas

37 2861 77 2912 eiua
99 2882 130 2917 ex
151 2880 277 2934 persona
302 2861 402 2918 Taciti
423 2863 506 2918 dicta.
545 2871 701 2930 angeretur,
729 2882 821 2934 quum
839 2865 871 2918 in
890 2866 953 2920 eius
971 2883 1090 2920 manum
1108 2864 1226 2918 comitia

37 2936 67 2983 tot
81 2951 215 2988 annorum
233 2942 459 3005 praetorumque
477 2952 552 2988 nova
570 2936 682 2988 ratione
701 2933 856 3003 darentur3
884 2939 957 3004 tius.
995 2943 1142 3002 unguetur
1160 2933 1223 2990 edd.

37 3000 84 3059 tlt.
100 3015 125 3060 et
142 3007 280 3076 deinceps
298 3021 398 3058 omnes
417 3023 453 3059 ex
472 3005 582 3062 emend.
602 3003 692 3060 Rhea.
712 3013 824 3060 caretur
841 3006 898 3061 MS.
918 3005 981 3063 edd.
998 3007 1061 3063 Ber.
1084 3014 1114 3060 et
1132 3005 1225 3060 liban.

36 3075 163 3138 utentur
180 3081 213 3132 in
231 3093 324 3153 marg.
343 3076 426 3134 MSti.
447 3105 479 3116 -
516 3081 554 3130 tot
572 3079 692 3142 eligere:
721 3077 808 3132 verba
825 3077 897 3134 baec
914 3079 1019 3132 desunt
1044 3079 1076 3130 in
1095 3077 1138 3131 ed.
1159 3075 1225 3132 Alo.

37 3143 103 3200 Paulo
119 3157 181 3220 poet
199 3150 236 3202 ab
254 3149 294 3202 iia
312 3147 375 3204 edd.
395 3147 460 3204 ala.
480 3156 510 3201 et
526 3147 641 3204 Waltb.
659 3163 714 3218 pro
731 3149 813 3226 vulg.
833 3151 868 3202 ab
885 3149 938 3206 bia.
957 3167 984 3202 v.
996 3149 1032 3204 ad
1043 3151 1073 3214 i,
1089 3152 1134 3214 ts,
1155 3153 1180 3204 l.
1194 3174 1225 3186 -

37 3219 69 3280 qai
82 3222 148 3273 ultra
165 3220 365 3289 quinquennium
381 3219 571 3286 praitauria,
596 3235 722 3291 quorum
744 3228 822 3287 vota,
847 3238 912 3292 spes
936 3227 966 3274 et
989 3219 1094 3274 electio
1112 3219 1145 3272 in
1163 3225 1226 3272 tan·

38 3293 84 3340 tun
98 3290 277 3347 differantur.
314 3289 364 3344 Sic
381 3289 514 3362 et'paulo
532 3299 598 3346 ante
616 3297 656 3344 tot
674 3291 800 3356 differre
813 3319 847 3330 -
883 3307 967 3360 „quae
984 3291 1077 3360 cuique
1094 3296 1147 3344 tam
1165 3291 1185 3346 t,
1204 3295 1224 3344 t.

37 3373 64 3422 n.
79 3377 140 3415 arna
155 3363 245 3429 foret,
263 3369 363 3416 uuum
387 3361 460 3416 bona
484 3381 521 3416 an
549 3363 625 3417 mala
643 3369 673 3416 et
691 3363 735 3422 rei
752 3361 982 3433 publsinfensa3
1007 3361 1061 3428 (cf.
1087 3365 1115 3428 4,
1134 3364 1177 3418 70.
1198 3363 1225 3427 6,
1328 3373 1333 3379 '

37 3431 77 3495 li.)
92 3435 185 3500 dom,
215 3433 336 3498 familia,
360 3451 442 3510 gens,
472 3436 607 3510 cog-natio
633 3442 663 3488 et
689 3433 932 3502 necessitudinem
963 3432 1041 3500 (nam
1069 3441 1098 3488 et
1119 3431 1226 3486 horum

38 3513 128 3566 peccata
144 3513 280 3576 poterant
298 3506 425 3570 efficere,
454 3513 487 3556 ut
514 3505 621 3575 aliquis
644 3505 676 3557 in
701 3507 894 3576 suspicionem
910 3506 1036 3560 ¹reniret
1054 3513 1083 3559 et
1100 3513 1226 3576 potestas

36 3571 55 3622 ei
69 3575 134 3630 male
158 3576 239 3631 credi
262 3575 421 3642 videremr)
449 3575 568 3643 fortuna,
594 3593 640 3630 res
666 3573 835 3644 familiaris,
863 3578 977 3652 integra
1003 3594 1040 3630 an
1068 3583 1224 3641 attenuata,

37 3649 114 3698 utram
131 3649 158 3700 ei
176 3664 277 3702 cenem
296 3648 334 3701 sit
352 3647 513 3702 senatorius
531 3665 586 3702 nee
603 3665 647 3703 ne.
677 3647 756 3711 Quid,
774 3649 801 3702 ri
817 3647 941 3702 bonorum
956 3663 1009 3716 per
1026 3647 1227 3716 quinquennium

36 3715 137 3776 agitent!
172 3717 274 3774 Sermo
292 3719 327 3772 ad
344 3718 485 3772 invidiam
503 3737 567 3774 rem
585 3735 703 3795 augens.
738 3717 806 3774 Des’
829 3722 891 3774 nati
908 3739 925 3774 a
942 3717 1109 3804 gerentibus
1133 3718 1226 3802 magi·

37 3791 137 3843 stratum
154 3798 306 3861 potestate,
324 3805 383 3844 non
401 3788 569 3867 dignatione
586 3791 789 3867 nequegratia
828 3791 1226 3858 ifferuut,1mm01nauorem
1285 3832 1292 3844 ,
1381 3811 1389 3830 s

37 3859 930 4004 :u,aratztotueauzs¹aunuente:
947 3861 1226 3988 tutetur:

37 4007 86 4051 rent
108 4003 142 4056 ad
167 4003 361 4058 inuadendum
385 4005 551 4074 imperium.
582 4002 626 4060 cf.
652 4005 715 4062 Lir.
738 4007 783 4072 3³,
808 4008 851 4062 46.
880 4013 910 4059 et
935 4003 995 4074 (lic.
1023 4003 1104 4056 Verr.
1134 4007 1160 4069 l,
1174 3949 1226 4056 ἦῆ(
1247 4065 1250 4072 .

36 4065 98 4126 ΕΜ.
130 4073 157 4126 tt'
171 4091 222 4142 per
240 4076 437 4143 quinquennium
453 4073 578 4128 bonorum
602 4075 721 4140 agitent,
751 4093 780 4132 v.
804 4075 840 4130 ad
863 4076 998 4141 1,6e,1.
1025 4071 1149 4126 bonorum
1167 4071 1224 4127 MS.

37 4138 84 4195 titi
100 4143 160 4199 Ber.
180 4145 273 4201 auen.
292 4145 356 4206 ult
375 4147 413 4200 al.
434 4146 511 4217 quod
529 4147 674 4204 revocavi.
710 4147 832 4200 morem
856 4145 918 4202 edd.
938 4161 997 4202 rec.
1018 4163 1033 4198 e
1052 4145 1127 4199 coni.
1145 4143 1226 4214 Lips.

40 4234 61 4246 ·
75 4215 276 4284 quinquiplicari
301 4234 413 4286 narnus
435 4218 622 4284 magistratus,
652 4234 711 4272 non
730 4219 787 4272 iam
804 4218 891 4271 unius
910 4217 990 4284 anni,
1022 4215 1072 4269 sed
1097 4215 1250 4285 quinque-

37 4295 158 4342 nnorum
176 4303 253 4344 esse:
273 4297 306 4344 at
324 4291 389 4361 quis
408 4291 486 4345 enim
501 4289 677 4366 designatus,
696 4291 796 4346 statim
812 4287 916 4356 honor,
935 4287 1106 4356 reverentia,
1126 4303 1226 4356 super·
