2904 4798
177 189 180 196 ’
254 227 399 294 carus
421 227 513 296 xw.
538 228 613 295 xv.
657 229 710 309 (s.
729 228 768 296 o.
784 228 855 298 ase.
879 229 917 296 s.
933 227 968 296 ο.
983 231 1051 308 aa.)
1204 232 1266 302 aas

501 395 695 452 CAPUT
740 397 805 450 XV.

124 525 245 590 Servio
277 523 394 603 Galba,
420 523 460 590 1..
490 521 582 586 Sulla
603 519 693 587 coss.
720 520 779 586 diu
808 521 967 606 quaesito,
996 545 1080 608 quos
1109 525 1263 606 neptibus

43 612 111 674 suis
133 610 272 672 maritos
294 607 478 672 destinaret
499 605 635 684 Caesar,
657 615 829 689 postquam
850 607 995 670 instabat
1014 610 1187 696 virgiuum
1209 631 1263 673 ae-

44 703 105 771 tas,
127 694 167 757 1..
188 690 349 770 Cassium,
370 690 420 754 Μ.
441 690 615 752 Vinicium
636 691 727 776 legit.
762 689 898 753 Vinicio
919 689 1123 773 oppidanum
1144 713 1263 779 genus:

44 775 180 838 Calibus
202 787 297 838 ortus
323 783 419 856 patre
445 781 544 854 atquo
564 793 627 835 avo
648 773 892 851 consularibus,
914 783 1026 836 cetera
1048 779 1195 858 equestri
1217 781 1264 838 fa·

43 861 135 922 milia
157 867 242 938 erat,
270 859 362 920 mitis
383 857 518 944 ingenio
539 865 573 918 et
594 863 745 940 comptae
766 855 949 919 facundiae.
990 856 1122 920 cassius
1143 859 1264 942 plebeii
1312 887 1316 894 ·
1399 857 1406 866 '

44 943 167 1006 Rornae
197 943 343 1027 generis,
378 960 497 1006 verum
523 939 653 1020 antiqui
684 939 917 1022 honoratique,
949 947 983 1002 et
1009 961 1126 1004 severa
1158 945 1265 1025 patris

43 1025 220 1107 disciplina
248 1023 387 1087 eductus
413 1023 573 1086 facilitate
594 1024 723 1104 saepius
744 1043 842 1103 quam
862 1021 1031 1086 industria
1057 1025 1264 1088 commenda-

44 1110 152 1173 batur.
200 1108 292 1170 Huic
326 1106 528 1184 Drusillam,
572 1105 709 1168 Vinicio
742 1105 861 1168 luliam
893 1105 1094 1170 Germanico
1135 1111 1265 1196 genitas

43 1192 235 1278 coniungit,
266 1207 367 1273 super
388 1209 431 1250 ue
452 1209 491 1251 ea
512 1207 550 1250 re
572 1191 702 1251 senatui
723 1191 860 1279 scripsit
879 1189 947 1252 levi
967 1211 1044 1252 cum
1066 1191 1195 1254 bonore
1215 1193 1263 1254 iu-

43 1296 175 1339 venum.
219 1273 306 1335 Dein
334 1293 354 1333 r
396 1271 475 1334 ditis
503 1271 670 1334 absentiae
699 1273 807 1335 causis
827 1270 1005 1334 admodum
1033 1276 1139 1361 vagis,
1170 1277 1266 1338 flexit

42 1357 83 1420 ad
105 1359 264 1448 graviora
285 1365 318 1418 et
339 1357 537 1418 offensiones
559 1355 601 1418 ob
623 1355 885 1437 rempublicam
907 1363 1051 1439 coeptas,
1075 1365 1177 1440 utque
1191 1355 1264 1420 Ma-

43 1461 100 1504 cro
122 1443 310 1524 praefectus
333 1439 614 1519 tribunorumque
635 1446 669 1500 et
689 1440 925 1502 centurionum
953 1441 1052 1524 pauci
1083 1461 1195 1504 secum
1216 1443 1264 1502 in-

43 1527 198 1602 troirent,
220 1524 373 1606 quotiens
397 1521 526 1584 curiam
548 1519 795 1606 ingrederetur,
828 1523 964 1604 petivits
997 1525 1149 1606 factoque
1166 1523 1265 1610 large

43 1617 76 1672 st
97 1610 170 1670 sine
190 1607 454 1689 praescriptione
498 1607 608 1668 sneris
630 1614 688 1668 aut
709 1607 842 1668 numeri
863 1614 998 1668 senatus
1025 1608 1188 1686 consulto,
1224 1627 1265 1670 ne

43 1699 128 1754 tecta
155 1688 289 1774 quidem
315 1687 428 1764 Urbis,
455 1625 539 1750 adeo
567 1688 736 1770 publicum
762 1689 937 1750 consilium
968 1709 1137 1774 nunquam
1170 1689 1263 1768 adiit,

42 1774 148 1839 deviis
167 1775 364 1856 plerumque
383 1769 562 1836 itineribus
583 1771 752 1858 ambigens
773 1773 918 1854 patriam
939 1780 973 1834 et
994 1769 1172 1866 declinans,

112 1899 137 1950 l.
157 1891 254 1948 Seruio
272 1908 293 1946 s.
314 1891 375 1946 Ser.
397 1890 497 1956 Galba,
517 1891 548 1946 1..
568 1889 649 1944 satta
667 1905 734 1944 coss.
754 1889 827 1956 „llis
845 1905 919 1946 coss.
937 1907 1036 1961 passus
1056 1899 1087 1946 et
1105 1892 1277 1952 crucifixus,

43 1974 85 2020 est
103 1965 182 2020 lesus
202 1962 344 2018 Christus.
382 1963 492 2016 Notata
510 1977 625 2032 quoque
644 1960 777 2035 dignum,
796 1959 884 2032 quod,
903 1963 992 2014 sicuti
1011 1962 1073 2016 Ser.
1090 1963 1182 2018 Galba
1201 1981 1264 2017 sue

42 2037 128 2092 cessit
147 2037 199 2090 Gn.
224 2033 352 2088 Domitio
376 2033 503 2088 Neronis
529 2033 608 2102 patri
635 2033 666 2083 in
685 2032 847 2100 consulatu,
874 2033 930 2102 ipsi
955 2049 1026 2086 vero
1050 2033 1165 2087 Salvius
1190 2035 1264 2088 Otho

43 2109 228 2193 imperatoris
244 2102 369 2192 thonis
386 2113 481 2190 pater,
505 2104 548 2188 sic
566 2103 627 2226 ipss
644 2104 756 2157 Neroni
780 2103 971 2158 antecessoris
996 2103 1120 2158 Domitii
1145 2105 1208 2160 filio
1233 2108 1263 2159 in

43 2195 176 2305 {titt
196 2199 205 2230 ¹
222 2173 667 2318 s2.v:r..⁸.tt¹.².⁵.trs.tt.
684 2173 1034 2314 tetbertus:
1051 2177 1263 2302 ”tabita

41 2341 92 2376 nae
109 2330 140 2376 et
158 2321 252 2385 Pauli,
270 2319 346 2374 illud
363 2319 550 2390 Imperatoris
571 2317 679 2371 Galbae
701 2334 880 2388 praenomen
904 2319 973 2384 fuit,
1006 2318 1093 2389 idque
1118 2318 1264 2390 Sulpiciae
1326 2386 1331 2396 Ι

78 2395 123 2448 nti
141 2402 201 2448 tam
219 2393 376 2456 familiare,
400 2408 487 2461 quam
506 2389 642 2445 Claudiae
666 2387 777 2460 Appius
796 2399 846 2444 aut
863 2389 1013 2456 Tiberius3
1042 2390 1119 2444 unde
1144 2407 1202 2445 non
1229 2391 1264 2444 ad

41 2413 250 2549 §Kipicimurm
278 2463 329 2518 sed
352 2459 495 2532 Σερουΐων
523 2454 602 2514 οἶκον
625 2479 641 2514 a
664 2461 742 2545 Plut.
766 2464 906 2548 refertum
943 2463 1067 2538 Legitur
1091 2461 1208 2532 quidem
1233 2463 1264 2546 iu

40 2531 889 2693 aa.aastantes..esttenete
902 2531 1194 2674 fatertur
1214 2552 1264 2658 ,τ

42 2678 267 2804 battuli
284 2673 806 2813 35‘ttit0‘ltt.t¹¹t‘tt¹.²,²¹nii·
829 2675 1132 2802 iicllftni's‘init
1148 2679 1217 2800 ἴθι.
1230 2677 1263 2802 ῗῑ

40 2827 100 2880 749.
133 2821 189 2887 Qui
208 2838 297 2892 quum
315 2821 396 2873 Felix
414 2818 579 2888 appelletur
596 2819 627 2871 in
647 2817 744 2888 lapide
763 2818 840 2888 apud
850 2817 1022 2884 Gruterum,
1039 2817 1096 2872 hoc
1114 2813 1264 2889 ipso¹pr0·

40 2895 121 2948 ditur
139 2895 220 2946 inter
236 2900 367 2964 posteros
387 2889 485 2944 Sullae
503 2889 686 2944 dictatoris.“
705 2891 790 2958 Rycle.
818 2891 966 2956 „Ursinus
985 2891 1021 2944 ad
1038 2889 1068 2946 h.
1083 2891 1104 2942 l.
1123 2890 1263 2960 produxit

41 2961 848 3092 {³1:⁰⁹ipf⁰n⁰3¹03t⁰⁵ffrfflaurff⁸gUffihdtifflm·
861 2979 906 3031 ap.
927 2962 1263 3088 Cretatamdegbbluraturl.

88 3055 127 3092 es.
164 3079 218 3093 ..
293 3079 300 3090 .
352 3077 358 3090 .
473 3075 480 3088 .
524 3075 531 3088 .
689 3051 704 3087 e
811 3049 897 3086 sesam
937 3050 1034 3086 enam
1072 3051 1091 3084 u
1128 3051 1251 3088 ussuuu

40 3055 276 3178 praenomiflibus
294 3106 378 3158 Lucii
404 3113 434 3162 et
453 3102 549 3158 Servii
567 3123 648 3158 usam
666 3051 809 3158 censuit.p
823 3052 989 3158 Grousfvius
1013 3111 1115 3158 contra
1138 3106 1262 3172 monuit,

41 3180 70 3232 id
89 3179 208 3245 nostris,
227 3195 285 3232 non
296 3178 502 3238 Romanorum,
521 3176 650 3230 moribus
666 3183 892 3230 consentaneum
906 3193 976 3242 esse,
996 3183 1026 3229 et
1040 3175 1172 3244 Galbam,
1189 3185 1264 3230 teste

40 3249 179 3306 Suetonio
198 3249 280 3306 Galb.
301 3267 326 3302 c.
345 3253 390 3315 4.,
414 3255 526 3302 mutato
544 3247 745 3318 praenomine,
769 3264 858 3316 quum
877 3245 997 3300 Servius
1021 3256 1139 3317 epatre
1162 3248 1263 3319 appel·
1348 3271 1350 3278 ·

40 3321 116 3376 latus
136 3331 221 3387 esset,
240 3340 257 3374 a
274 3337 400 3374 noverca
419 3337 470 3384 sua
488 3319 572 3373 livia
590 3319 758 3390 adoptatum
797 3333 831 3371 ro
850 3317 945 3372 Servio
973 3317 1085 3372 Lucinas
1108 3337 1200 3390 usque
1227 3319 1263 3374 ad

40 3401 155 3464 tempus
174 3393 302 3463 imperii,
321 3391 389 3445 dein
407 3407 509 3446 rursus
528 3393 635 3445 omisso
652 3391 743 3444 Lucio
784 3389 897 3444 arvium
912 3407 1065 3460 usurpasse
1076 3407 1261 3460 praenomen.

40 3465 134 3532 Quum
150 3480 221 3518 vero
240 3463 332 3518 Galba
348 3462 537 3533 praenomine
555 3463 637 3516 tucis·
654 3478 735 3530 usqsse
752 3462 790 3513 od
807 3467 906 3528 tempus
923 3461 1033 3528 inperii
1050 3479 1119 3515 usus
1137 3465 1186 3530 sit,
1205 3463 1263 3516 cla·

39 3537 230 3664 τττιτ
247 3533 790 3676 frustrabuntur
807 3531 1155 3672 latrentttt.
1170 3536 1262 3658 tn

39 3687 86 3732 tus
104 3697 173 3734 usus
193 3680 232 3732 sit
250 3678 315 3732 data
333 3695 421 3750 opera
436 3677 637 3748 praenomine,
664 3691 722 3760 quo
744 3683 809 3728 tum
832 3675 923 3752 vulgo
950 3676 1150 3748 appellaretur
1176 3677 1207 3730 in
1225 3677 1263 3730 li·

39 3751 108 3817 bris,
128 3767 186 3805 non
203 3767 258 3832 pro
277 3758 358 3804 certo
376 3749 487 3806 dicam:
507 3747 557 3801 sed
567 3755 719 3817 posterius
745 3746 820 3800 mihi
843 3749 965 3818 propius
989 3765 1092 3803 rerum
1116 3748 1263 3804 videtur.“
1327 3789 1359 3812 ..,

39 3823 104 3876 Era.
126 3855 159 3866 -
178 3821 225 3874 dsu
242 3821 373 3889 maso,
391 3841 420 3878 v.
440 3820 476 3873 ad
493 3823 519 3884 l,
538 3821 583 3886 te,
602 3825 628 3876 1.
648 3851 680 3862 -
700 3817 822 3886 neptibus
838 3819 906 3886 suis,
924 3819 988 3874 scil.
1020 3819 1148 3874 Drusilla
1175 3827 1200 3871 et
1219 3821 1261 3870 lu-

39 3895 80 3946 ls'u
99 3893 257 3946 Germanico
274 3893 389 3957 genitis,
406 3900 441 3946 ut
456 3889 543 3961 paulo
561 3897 629 3962 post
646 3890 765 3944 dicitur.
786 3917 819 3930 -·
833 3891 971 3958 postquam
988 3889 1110 3944 iactabat
1127 3889 1263 3956 virginem
1308 3879 1314 3892 ³

38 3972 117 4018 aetas
134 3964 254 4031 nubilis,
272 3965 386 4017 usaritis
405 3971 529 4016 matura.
566 3961 755 4038 „Agrippina
773 3963 832 4016 iam
850 3970 941 4031 nupta
960 3960 1013 4015 Gn.
1031 3961 1170 4014 Domitio.
1190 3981 1218 4018 v.
1232 3966 1261 4027 l,

39 4037 83 4092 lb.
104 4035 241 4090 luliaXV.
261 4043 291 4088 et
308 4033 440 4088 Drusilla
456 4032 528 4086 xvl.
549 4049 640 4086 annos
658 4039 725 4086 nata
744 4040 815 4086 erat.
834 4049 862 4087 r.
874 4031 974 4098 2,54.“
993 4032 1071 4088 Brut.
1091 4063 1123 4074 -
1145 4033 1176 4086 1..
1194 4034 1260 4086 can-

38 4107 106 4160 ss'ura
116 4107 281 4182 longinum
293 4115 323 4160 et
331 4107 375 4162 M.
392 4104 525 4160 Vinicium
536 4103 709 4171 Quartinum
719 4104 806 4168 legit.-
824 4102 858 4156 hi
872 4121 896 4156 a.
907 4103 942 4160 U.
953 4105 1014 4160 783.
1035 4105 1167 4158 eonsules
1183 4103 1261 4158 ordi-

39 4179 116 4232 narii
134 4182 227 4244 fuere,
245 4186 279 4230 ut
296 4177 399 4232 deinde
419 4175 533 4230 suffecti
554 4175 586 4232 G.
599 4175 712 4228 Cassius
729 4173 873 4240 Longinus
890 4183 921 4228 et
940 4175 972 4232 1..
982 4175 1104 4230 Naevius
1121 4177 1261 4229 Surdinus.

40 4267 65 4302 r.
86 4251 206 4305 Gruter.
225 4268 253 4320 p.
274 4253 351 4306 1⁰87.
377 4247 434 4301 Die
451 4247 528 4300 libro
547 4249 592 4303 58.
613 4247 645 4299 iu
661 4245 763 4300 Indice
787 4245 948 4300 consulum.
980 4245 1058 4303 Suet.
1085 4245 1145 4300 Gal.
1165 4249 1206 4304 24.
1233 4255 1262 4302 et

39 4321 212 4392 Pmnponius
231 4321 251 4372 l.
268 4323 293 4376 2
314 4319 338 4386 ᾗ.
357 4323 404 4376 47.
441 4319 476 4372 D.
496 4319 530 4372 de
549 4319 625 4394 orig.
645 4317 702 4371 iur.
721 4316 771 4370 ubi
789 4324 888 4372 tamen
905 4317 977 4372 haec
1001 4317 1158 4395 leguntur:
1190 4317 1262 4370 Huic

39 4391 190 4454 (blassurio
209 4391 326 4464 Sabino)
353 4391 482 4446 succemt
506 4389 613 4444 Gutus
636 4387 787 4446 Garrire
811 4389 1007 4457 Longinus,
1039 4397 1119 4446 aetas
1143 4407 1177 4444 er
1203 4391 1262 4456 fitia

1236 4489 1256 4538 Χ
