2762 4788
176 167 238 224 clv
626 157 810 224 coniers
841 155 939 224 Mea.
1060 143 1063 149 ⁴

273 335 418 408 Praeter
435 332 505 404 bos
520 326 579 406 No
635 327 780 423 olitori,
798 327 1103 416 caranum,
1132 321 1372 416 Ottobooioai

176 435 218 514 S.
244 431 422 509 Iohannis
452 432 491 505 io
518 427 600 507 Gor
624 432 758 504 onorio
795 444 832 504 ct
865 443 944 500 tres
968 423 1191 516 Florentini,
1226 425 1273 496 ab
1299 426 1372 498 anti

176 535 297 633 quiori
322 559 349 605 s.
375 531 651 627 Langobardico
675 527 832 621 diversi,
858 551 1017 624 quorum
1050 527 1279 598 mentionem
1305 525 1372 596 leci

175 631 479 722 Moutalalconius
504 632 544 704 in
568 630 667 704 Bibl.
694 629 802 704 MSS.
826 655 862 726 p.
878 627 959 703 374.
987 651 1060 722 quo
1086 637 1210 698 tamen
1233 647 1372 696 numer(

176 733 361 806 eximendi
384 732 535 804 fortasse
561 732 634 804 duo
658 729 717 802 illi
743 755 853 825 supra
875 728 1071 800 manenti
1094 751 1148 799 11.Ι
1163 727 1219 802 18.
1250 726 1307 800 19.

273 830 384 906 Multi
407 831 530 926 itaque
555 841 641 904 sunt
664 829 806 904 codices
822 827 929 902 MSS.
957 828 1189 916 recentiores,
1212 835 1250 898 et
1264 825 1372 920 plura

175 933 274 1006 haud
300 931 412 1004 dubie
436 932 477 1002 in
501 929 734 1002 bibliothecis
765 928 887 1018 latent,
925 929 990 1022 qui
1021 927 1188 998 nondum
1220 927 1372 996 innotne

175 1043 282 1122 runt,
317 1053 436 1125 neque
461 1029 561 1104 ullus
585 1055 713 1102 eorum
733 1031 825 1101 .satis
851 1037 1013 1100 accurate
1048 1051 1134 1098 cum
1165 1025 1372 1098 editionibu

175 1144 230 1206 est
254 1140 493 1225 comparatus.
544 1129 590 1204 ld
615 1141 737 1202 umen
762 1153 837 1202 non
862 1127 966 1200 valde
1005 1125 1206 1198 dolendum
1230 1126 1372 1196 videtur

175 1233 268 1304 Nam
294 1253 424 1302 omnes
448 1230 511 1302 isti
534 1253 609 1302 non
636 1230 711 1301 fere
737 1239 821 1300 ente
847 1227 947 1300 Sacc.
965 1227 1048 1301 XV.
1075 1237 1112 1298 et
1136 1227 1372 1299 inventionen

174 1329 437 1426 typographiae
475 1331 601 1424 scripti
639 1339 733 1419 sunt,
772 1330 890 1424 iisque
928 1351 970 1399 ea
1003 1337 1147 1398 1011111111
1180 1349 1275 1422 quae
1300 1325 1373 1402 anti

175 1431 296 1527 quiori
333 1427 418 1516 MS.¹
452 1427 677 1519 Florentino,
720 1452 831 1524 quem
879 1427 1199 1522 Langobardicum
1244 1423 1373 1500 vocant

174 1531 417 1618 continentur,
456 1527 531 1598 scil.
570 1553 633 1600 sex
665 1530 883 1624 posteriores
916 1525 1118 1600 Annalium
1155 1533 1192 1597 et
1225 1525 1373 1620 quinqm

173 1629 422 1702 Historiarum
446 1627 545 1718 libri,
571 1627 629 1718 (in
654 1653 809 1723 quarum
834 1639 1020 1724 postremo
1046 1625 1140 1698 alius
1164 1625 1270 1720 prius
1295 1625 1373 1696 desi

173 1727 231 1800 nit
255 1725 341 1810 alio)
367 1751 443 1798 nou
467 1751 530 1800 ser
556 1729 696 1822 priores
720 1727 925 1800 Annalium
950 1727 1050 1816 libri,
1075 1747 1235 1820 quorum
1255 1725 1373 1796 unicu

174 1827 290 1900 codex
326 1827 484 1921 scriptus
521 1838 576 1900 cst
613 1829 891 1923 antiquissimus
934 1825 998 1898 ille
1036 1824 1273 1898 Florentinus
1314 1825 1373 1894 siu

174 1923 419 2018 Corbeiensis,
455 1949 575 2022 neque
612 1929 757 1999 minore
792 1929 911 2002 Taciti
948 1927 1093 2021 scripta,
1131 1948 1226 2020 quae
1264 1925 1373 1995 omni

173 2047 340 2097 seorsum
375 2025 553 2122 descripta
584 2038 680 2118 sunt,
717 2051 793 2100 non
824 2028 865 2098 111
895 2025 1019 2122 aliquo
1044 2024 1153 2098 MSto
1177 2023 1373 2097 Annalibu

171 2123 393 2196 Historiisve
416 2149 567 2217 annexa,
592 2129 624 2198 si
642 2129 827 2222 exceperis
847 2127 1124 2214 Famesianum,
1148 2127 1190 2196 iu
1213 2148 1290 2219 quo
1316 2123 1373 2196 dia

172 2223 277 2318 logus
310 2223 585 2298 decretoribus
614 2225 690 2298 illie
722 2239 777 2298 est
809 2226 1034 2298 subiunctus.
1086 2225 1280 2296 Praeterea
1311 2247 1373 2318 per

170 2324 278 2418 pauci
303 2333 388 2396 sunt
411 2325 538 2422 magni
562 2327 682 2419 pretii,
720 2337 756 2397 et
787 2325 829 2398 bi
859 2327 933 2421 ipsi
956 2336 1020 2397 aut
1044 2325 1279 2396 consentiunt
1303 2347 1373 2396 cun

46 2513 55 2527 „
170 2421 236 2494 illo
260 2421 485 2515 Florentino,
522 2436 585 2497 aut
619 2426 797 2498 deteriora
827 2425 927 2516 dant,
964 2425 1031 2497 ubi
1055 2424 1290 2512 dissentiunt,
1330 2447 1374 2494 au

170 2523 393 2594 coniecturas
419 2511 455 2594 el
479 2525 753 2600 emendationes
777 2549 909 2622 parum
926 2523 1135 2620 probabiles
1154 2525 1374 2602 substituisti

169 2621 229 2711 iis,
253 2645 347 2714 qnae
371 2623 412 2689 in
436 2621 508 2690 hoc
533 2624 660 2696 codice
684 2624 743 2696 vel
769 2635 939 2720 corrupta
970 2633 1057 2696 sunt
1089 2647 1111 2694 a
1142 2622 1298 2695 librario
1332 2647 1374 2694 ve

169 2717 347 2808 mutilata,
392 2727 455 2788 eut
492 2716 650 2812 denique
688 2747 763 2794 non
800 2726 913 2798 modo
951 2732 1122 2819 repetunt
1157 2722 1374 2818 glossemata

169 2841 261 2912 quae
285 2817 326 2888 in
339 2814 571 2888 Florentinos
586 2819 821 2912 irrepserunt,
847 2823 912 2894 sed
935 2825 1046 2894 etiam
1063 2821 1134 2892 alio
1151 2833 1189 2896 et
1207 2823 1374 2915 ineptior

168 2917 322 2990 addrmt,
370 2913 513 2988 Omnes
537 2918 638 2988 enim
663 2941 708 2988 ex
732 2941 807 2988 uno
822 2921 1026 3013 eodemque
1050 2922 1151 2992 fonte
1175 2920 1374 3018 archetypo

126 3076 132 3086 .
168 3039 251 3113 que,
288 3037 356 3088 neo
382 3025 503 3091 11111011
530 3041 575 3087 cx
599 3017 682 3112 ipso
706 3017 773 3089 illo
798 3016 878 3090 MS.
905 3015 1118 3090 Florentino
1143 3021 1222 3091 sive
1244 3019 1374 3116 Longo

160 3115 327 3206 bordico,
353 3116 417 3188 sed
443 3139 517 3188 una
542 3140 628 3188 cum
654 3115 720 3188 illo
746 3141 791 3188 ex
816 3115 889 3187 atio
908 3126 946 3189 et
963 3119 1161 3214 antiquiori
1182 3118 1374 3192 fluxertmt

167 3215 268 3309 quod
293 3223 368 3286 tam
401 3239 446 3286 ex
470 3213 710 3287 multitudine
735 3215 936 3288 earundem
960 3217 1251 3312 corruptelarum
1276 3219 1331 3306 (v.
1360 3245 1374 3292 1

8 3375 9 3380 ,
168 3314 265 3385 Ann.
306 3315 362 3404 11,
398 3313 430 3387 4.
465 3313 527 3385 22.
561 3313 620 3388 23.
661 3315 718 3405 12,
745 3305 803 3389 46.
829 3313 889 3390 54.
919 3314 977 3408 13,
1003 3317 1036 3391 9.
1068 3315 1123 3392 13.
1153 3318 1209 3392 15.
1235 3317 1300 3392 26.
1333 3319 1374 3393 14

166 3412 217 3498 7.)
257 3423 293 3484 et
331 3412 547 3507 glossarum,
587 3414 634 3502 (v.
668 3417 714 3486 ad
748 3415 845 3486 Ano.
875 3413 931 3506 14,
957 3415 993 3490 8.
1022 3415 1070 3487 Η.
1097 3413 1133 3505 2,
1159 3417 1217 3493 98.
1245 3409 1281 3508 3,
1311 3420 1374 3492 20.

168 3535 283 3606 quam
308 3513 545 3606 potissimum
580 3537 624 3585 ex
650 3515 778 3586 eadem
804 3513 1014 3610 longiorum
1038 3514 1206 3588 locorum
1230 3518 1374 3613 integra

252 3633 323 3704 que
347 3614 563 3705 paginarum
589 3615 870 3708 transpositione
904 3614 951 3704 (v.
987 3615 1034 3686 ad
1066 3613 1116 3688 Η.
1144 3615 1180 3708 3,
1203 3615 1238 3690 5.
1265 3616 1326 3692 65.
1356 3643 1374 3690 0

189 3761 202 3800 ,
228 3707 303 3796 46.)
329 3708 451 3805 colligi
466 3723 593 3806 potest.
646 3713 745 3788 Hinc
760 3737 847 3786 vero
859 3713 1088 3808 intelligitur,
1113 3717 1374 3810 comparationi

166 3810 347 3900 omnium,
387 3833 479 3904 quos
504 3814 804 3902 commemoravi,
829 3812 1068 3908 pluriumque
1093 3816 1264 3890 codicum
1288 3817 1374 3888 nihi

166 3908 317 4002 quidem
350 3907 449 3981 aliud
480 3910 579 3984 effici
612 3935 731 4006 posse,
770 3937 882 4008 quom
915 3924 957 3986 ut
981 3915 1184 4009 indagetur,
1223 3916 1312 4011 quid
1350 3917 1374 3988 11

164 4031 240 4079 11110
278 4007 343 4080 1110
380 4009 580 4106 archetypo
618 4012 739 4102 fuerit,
777 4037 860 4084 eam
899 4023 1022 4086 tamen
1055 4014 1149 4087 hanc
1179 4017 1300 4110 ipsam
1338 4019 1374 4086 ol

164 4129 311 4179 causam
336 4107 499 4180 multum
524 4108 644 4184 valere
670 4113 716 4184 ad
741 4113 932 4184 veritatem
953 4115 1271 4211 integritatemque
1297 4119 1374 4188 scri

163 4217 292 4300 pturae
327 4209 617 4302 investigandam
642 4222 678 4282 et
710 4213 984 4304 restituendam,
1019 4215 1223 4290 dummodo
1248 4217 1288 4287 in
1315 4215 1374 4288 ha<
