2868 4792
212 151 357 270 eluar
376 201 637 272 xer-xum
665 203 719 288 (a,
740 203 781 272 n.
801 205 875 276 ers.
902 203 943 272 a
966 203 1004 274 c.
1025 202 1095 286 21.)
1207 205 1273 274 ns

54 370 196 448 egendm
219 377 305 439 esset,
335 378 367 456 et
388 371 422 426 in
446 379 582 428 nenmm
598 379 713 444 partem
737 369 912 438 decernenss
928 369 1058 426 stainei.
1094 367 1272 460 „Dubitqtin

54 463 73 568 ἶ
73 453 86 567 f
89 446 163 591 gli:
163 485 174 568 i
180 445 220 579 εἶ’
226 445 298 570 dia
305 442 393 569 §ddi
400 461 463 568 iii.
469 447 529 570 1¹:⁰51
535 447 666 569 qnoffiq
684 440 1119 585 ξ’ὲιᾞῖῗιὶωωέἑωριῗηῌῖ
1126 441 1271 568 ἶιοοῖιῖἱ-

54 586 178 653 litasset,
197 585 269 642 belli
287 593 437 641 sumerem
456 594 486 641 et
503 604 571 640 cnm
588 603 623 642 eo
640 585 753 641 bellum
771 588 869 658 ipsum
886 585 1087 644 abolevisset.“
1107 581 1217 644 Want.

479 739 674 796 CAPUT
721 741 834 800 xuu.

132 849 273 912 Interim
294 849 410 914 uterus
431 849 587 914 insistere
609 848 792 930 destinatis,
820 837 978 932 pellicere
998 849 1083 912 alam
1105 849 1269 932 equitnm,

55 951 137 1016 quae
157 933 347 1016 conscripta
370 953 389 996 e
410 933 572 995 Treveris
594 935 711 995 militis
733 931 971 1016 disciplinaque
991 941 1106 996 nostra
1126 931 1271 994 habebe-

52 1025 118 1093 tur,
148 1025 189 1078 nt
214 1019 318 1079 caesis
349 1017 616 1104 negritiatoribus
638 1016 794 1078 llomanis
825 1017 946 1078 bellum
974 1017 1155 1100 inciperet:
1186 1035 1270 1098 peu·

53 1103 146 1184 cique
168 1101 315 1182 equitum
338 1099 503 1181 corrupti,
534 1100 647 1182 plures
680 1103 716 1162 in
737 1099 845 1164 officio
866 1119 1026 1162 mansere.
1069 1097 1172 1160 Aliud
1195 1097 1271 1159 vul-

53 1190 110 1268 gus
132 1183 369 1244 obaeratorum
390 1189 448 1242 aut
469 1181 640 1244 clientium
663 1203 755 1244 arma
776 1184 875 1266 cepit,
907 1182 1130 1264 petebantque
1151 1181 1269 1258 saltus,

53 1265 167 1349 quibus
195 1285 316 1327 nomen
337 1263 527 1342 Arduenna,
555 1287 656 1348 quum
684 1265 830 1352 legiones
859 1272 1003 1348 utroque
1036 1265 1077 1334 ab
1106 1266 1269 1342 exercitu,

53 1370 127 1431 quas
150 1349 312 1412 Visellius
335 1356 368 1411 et
390 1345 426 1410 C.
449 1345 552 1410 Silius
575 1347 724 1410 adversis
746 1348 924 1410 itineribus
946 1349 1149 1426 obiecerant,
1172 1366 1270 1410 areu·

53 1439 164 1494 erunt:
188 1433 453 1514 praemissusque
474 1449 548 1492 cum
571 1429 698 1494 delecta
720 1451 819 1494 manu
841 1429 944 1494 lulius
967 1430 1068 1494 Indus
1090 1447 1108 1491 e
1131 1431 1269 1492 civitate

52 1514 175 1592 eadem,
203 1514 330 1576 discors
353 1514 453 1576 Floro
475 1523 508 1574 et
529 1515 571 1576 ob
593 1513 628 1574 id
650 1513 821 1578 navandae
842 1531 964 1596 operae
985 1513 1128 1589 avidior,
1152 1515 1270 1574 incon-

54 1597 150 1660 ditam
189 1596 438 1658 multitudinem
467 1595 575 1658 adhuc
608 1595 749 1660 disiecit.
803 1597 920 1660 Florus
951 1597 1091 1660 incertis
1130 1595 1269 1658 latebris

52 1683 195 1744 victores
225 1681 407 1745 frustratus
433 1688 615 1762 postremo,
641 1681 723 1742 risis
741 1679 920 1760 militibus,
949 1681 1005 1764 qui
1028 1679 1150 1741 effusio
1178 1681 1267 1742 inss-

55 1761 183 1840 derant,
206 1783 266 1824 sna
288 1765 390 1826 nianu
410 1761 544 1824 cecidit.
597 1761 692 1846 Isque
713 1761 892 1826 Treverici
912 1759 1076 1826 tumultus
1095 1725 1183 1826 bnis.

117 1886 142 1936 l.
163 1879 298 1948 pellicere
314 1880 391 1934 alam
408 1879 544 1950 equitum,
563 1887 689 1946 tentare,
709 1880 884 1945 sollicitares
912 1879 983 1934 Era.
1013 1909 1045 1923 -
1070 1878 1234 1947 conscripta
1251 1895 1269 1932 e

53 1951 193 2018 Treueris,
225 1959 305 2006 recte
332 1951 377 2006 ed.
402 1950 493 2005 Beleia.
522 1969 590 2004 nam
612 1951 792 2020 conscriptae
815 1951 938 2004 treveris
963 1951 995 2003 in
1018 1949 1078 2006 MS.
1104 1951 1269 2018 eomeripta

53 2023 182 2078 Trnierie
202 2023 264 2076 edd.
284 2023 341 2076 rel.
361 2051 393 2064 -
418 2023 512 2076 caesis
536 2023 766 2092 negotiatoribus
782 2021 931 2090 Romanis,
958 2023 1010 2094 qui
1033 2019 1267 2094 provincialibus

51 2095 136 2149 invisi
156 2101 251 2150 amnt.
270 2111 300 2148 v.
319 2093 355 2148 sd
372 2097 400 2161 2,
419 2097 464 2161 87,
484 2099 511 2150 1.
1011 2115 1015 2122 ·

115 2187 142 2240 2.
163 2182 257 2238 Aliud
272 2183 374 2253 vulgas
392 2183 593 2238 obaeratorum
610 2189 661 2236 aut
679 2181 835 2252 clientium,
854 2198 1003 2254 „qnorum
1022 2185 1135 2237 summa
1151 2181 1222 2236 fides
1235 2181 1268 2236 in

49 2264 184 2326 patronos
204 2262 299 2310 motus
317 2263 461 2310 suctores.
481 2271 510 2308 r.
532 2255 612 2310 Caes.
631 2255 664 2310 B.
685 2255 720 2308 G.
743 2259 769 2322 1,
789 2259 814 2314 l.
835 2263 865 2309 et
882 2259 910 2320 7,
928 2255 993 2310 lot‘
1012 2253 1080 2308 Erre
1101 2285 1134 2297 -
1162 2253 1267 2319 saltus,

49 2329 146 2448 quibas
164 2343 263 2380 nornen
281 2327 439 2380 Arduenna
458 2345 481 2380 s.
502 2325 649 2395 Ardenna,
677 2325 746 2380 hod.
765 2326 967 2382 Ardenner
989 2323 1110 2382 Wald.
1134 2341 1164 2377 r.
1185 2323 1267 2382 Cass.

72 2399 133 2451 .G.
153 2401 182 2462 ⁶,
203 2401 230 2454 3.
250 2399 277 2462 d,
302 2399 347 2454 29.
374 2397 439 2464 (ubi
467 2399 506 2452 cl.
532 2399 630 2452 Morus
659 2407 688 2453 et
706 2397 820 2462 Oberl.)
847 2407 876 2451 et
903 2399 947 2454 ³³.
976 2395 1071 2452 Strab.
1097 2399 1125 2462 4,
1144 2399 1172 2461 8,
1191 2397 1220 2451 5·
1239 2397 1267 2452 6·
1385 2459 1387 2464 ,

49 2467 144 2522 Barth.
165 2467 321 2524 Teutschl.
341 2467 385 2524 Ur
424 2467 557 2524 sehicbte
574 2467 601 2537 §.
621 2471 684 2526 42⁰.
721 2503 753 2516 -
783 2469 920 2524 Visellius
944 2469 1037 2521 Varro
1061 2467 1212 2522 inferioris
1238 2473 1268 2520 et

50 2541 80 2594 0.
98 2541 193 2594 Silius
212 2541 371 2612 superioris
420 2541 565 2595 armeniae
584 2536 707 2618 legatus'.
727 2575 760 2585 -
771 2541 899 2594 aduersis
915 2539 1079 2606 itineribus,
1098 2537 1268 2603 contrariis,

48 2619 79 2664 ut
95 2613 189 2666 saltus
213 2611 403 2665 econtrariis
429 2611 560 2683 pertibus
586 2619 615 2668 et
637 2621 697 2668 tam
722 2613 871 2698 ingressus
899 2627 985 2682 quem
1003 2627 1135 2688 egressus
1155 2607 1269 2663 obside·

48 2691 128 2737 rent:
148 2681 228 2736 unde
244 2681 331 2756 paulo
349 2689 416 2764 post
433 2683 584 2752 militibus,
605 2683 655 2754 qui
672 2685 782 2752 effugia
800 2683 974 2738 insederant.
1005 2715 1035 2726 -
1063 2679 1163 2746 addae,
1180 2699 1212 2734 v.
1231 2677 1268 2734 ad

48 2757 183 2819 l,1⁷,2.
204 2785 235 2797 -
256 2753 375 2806 ineertse
393 2753 520 2822 latebris,
540 2771 625 2827 saepe
642 2757 783 2824 mutetis;
802 2757 872 2812 Ern.
901 2787 933 2800 -
952 2753 1023 2808 uisis
1039 2753 1190 2818 militibus,
1210 2756 1268 2816 „ut

47 2825 195 2952 *paphla-
214 2823 289 2894 (aaa
307 2825 407 2896 mee)
423 2825 508 2904 Vire-
527 2825 600 2882 Aen·
619 2831 647 2895 1,
666 2831 730 2888 aas.
749 2831 794 2894 n,
817 2831 881 2887 rer.
905 2825 991 2884 ona
1016 2827 1087 2882 uss.
1113 2827 1159 2890 n,
1181 2817 1268 2882 nost

464 3021 659 3078 CAPUT
704 3022 842 3084 Xlalll.

124 3129 225 3214 Apud
245 3127 378 3194 Aeduos
398 3132 508 3194 maior
528 3133 631 3194 moles
653 3140 781 3210 exorta,
804 3139 926 3214 quanto
939 3131 1058 3194 civitas
1071 3127 1267 3211 opulentior

48 3222 79 3276 et
97 3212 343 3296 comprimendi
364 3215 485 3298 procul
506 3213 719 3298 praesidium.
762 3213 1042 3301 Augustodunum
1063 3221 1163 3294 caput
1184 3231 1265 3298 gen-

47 3301 87 3359 tis
120 3299 262 3362 armetis
294 3297 490 3362 cohortibus
519 3298 678 3360 Sacrovir
704 3305 928 3379 occupaverat
962 3305 997 3361 et
1024 3295 1266 3359 nobilissimam

47 3378 233 3444 Galliarum
253 3381 404 3444 subolem
424 3382 620 3446 liberalibus
641 3379 761 3444 studiis
782 3381 830 3443 ibi
852 3389 1034 3464 operatam,
1064 3387 1104 3441 ut
1130 3397 1170 3440 eo
1192 3379 1267 3462 pig·

45 3483 124 3526 nere
159 3472 315 3548 parentes
347 3468 617 3548 propinquosque
651 3483 769 3528 eorum
797 3463 1011 3551 adiungeret:
1044 3462 1143 3524 simul
1169 3479 1266 3522 arma

46 3547 173 3610 occulte
195 3547 359 3610 fabricata
380 3550 548 3612 iuventuti
570 3546 735 3630 dispertit.
779 3547 1007 3634 Quadraginta
1028 3545 1135 3608 millia
1155 3547 1265 3622 luere,

46 3633 157 3712 quinta
187 3631 241 3692 sui
269 3639 365 3712 parte
392 3630 586 3716 legionariis
614 3634 734 3707 armis3
769 3633 874 3694 ceteri
908 3651 985 3692 cum
1018 3629 1193 3693 venabulis
1229 3633 1266 3690 et

46 3714 161 3776 cultris
185 3733 331 3798 quaeque
352 3713 417 3776 alia
436 3715 633 3778 venantibus
656 3715 722 3778 tela
743 3724 830 3779 sunt.
873 3711 1055 3776 Adduntur
1076 3733 1094 3776 e
1115 3711 1264 3775 servitiis

46 3796 254 3882 gladiaturae
282 3793 451 3876 destinati,
480 3797 600 3879 quibus
620 3817 715 3860 more
735 3799 869 3885 gentico
891 3799 1088 3860 matinnnm
1109 3795 1193 3858 lsrri
1208 3785 1264 3855 'ts-

45 3881 175 3964 gimens
205 3879 448 3959 cruppellarios
467 3889 601 3959 vocant,
629 3879 813 3943 inferendis
834 3881 956 3943 ictibus
975 3878 1151 3950 inhabiles,
1177 3877 1263 3942 aeet-

44 3962 174 4044 piendia
197 3963 480 4047 impenetrabiles.
509 3962 729 4051 Augebantur
749 3963 811 4026 hee
833 3965 947 4046 copiae
968 3964 1156 4024 vicinarum
1178 3955 1263 4022 ciri-

45 4053 161 4123 tatum,
184 4053 222 4106 nt
241 4045 388 4110 nondum
410 4057 526 4129 aperta
549 4049 776 4123 consensione,
796 4047 845 4108 ita
864 4047 995 4108 viritim
1017 4046 1181 4128 promptis
1193 4051 1262 4104 stu·

44 4125 104 4192 diis
127 4137 164 4190 et
185 4134 367 4192 certmine
388 4129 509 4192 ducum
531 4129 768 4208 Romanorum,
800 4115 881 4212 qdos
910 4129 1000 4190 inter
1021 4127 1262 4215 ambigebatur,

43 4219 189 4295 atroque
220 4211 343 4276 bellum
372 4214 437 4274 sibi
465 4222 631 4295 poscente.
684 4211 768 4278 Mox
793 4211 908 4276 Varro
934 4209 1102 4276 invalidus
1129 4217 1262 4274 sensata
1323 4217 1332 4234 ·

45 4295 172 4380 rigenti
194 4293 277 4362 sitio
303 4297 478 4362 cosensia·
