2872 4792
186 237 248 304 244
583 233 829 300 ANNALIUM
849 231 934 300 LIB.
955 231 998 298 11.

590 399 782 456 CAPUT
835 399 1004 454 nxxxu.

268 511 313 572 At
333 511 468 588 Romae,
489 517 661 592 postquam
682 507 876 570 Germanici
893 503 1050 571 ualetudo
1070 505 1278 593 percrebruit
1295 519 1377 564 minc·

187 603 284 678 taque
315 603 354 656 ut
382 613 422 656 ex
449 594 628 678 longinquo
656 601 752 654 aucta
780 593 815 651 in
844 590 993 653 deterius
1020 591 1253 666 afferebantur,
1287 585 1377 660 dolor,

70 719 74 726 ·
186 679 246 742 ira.
289 677 329 740 Et
357 676 575 758 erumpebant
601 683 754 756 questus:
790 675 866 738 ideo
893 677 1037 738 nimirum
1066 676 1100 736 in
1124 685 1280 734 extremas
1294 680 1380 730 terras

187 760 375 843 relegatum:
398 760 469 824 ideo
490 756 604 822 Pisoni
620 763 804 838 permissam
826 761 1037 838 provinciam.
1079 756 1157 820 Hoc
1177 758 1279 838 egisse
1297 771 1378 814 secre-

188 854 239 907 tos
260 841 433 925 Augustae
464 862 529 904 nrm
557 839 714 906 Plancina
740 861 906 906 sermones.
952 841 1037 906 Vera
1061 859 1199 919 prorsus
1228 839 1264 900 de
1287 835 1381 902 Druso

186 930 326 991 seniores
356 927 497 991 loculosi
533 925 705 1006 displicere
729 925 943 1008 regnantibus
964 923 1074 987 civilia
1095 924 1232 1008 filiorum
1253 921 1380 1001 ingenim

185 1029 285 1093 neque
306 1008 346 1072 ob
367 1011 458 1080 aliud
478 1011 683 1088 interceptos,
716 1028 808 1092 quam
837 1011 914 1092 quia
939 1007 1089 1087 populum
1110 1005 1279 1070 Romanum
1299 1021 1380 1083 aequm

185 1097 257 1158 iure
291 1093 453 1174 complecti
481 1093 607 1164 reddita
635 1091 785 1156 libertale
816 1095 1025 1176 agitaverint.
1069 1089 1141 1152 Hos
1163 1089 1257 1175 vulgi
1277 1103 1380 1148 sermo·

186 1198 243 1240 ues
264 1177 378 1240 audita
398 1196 488 1240 mors
509 1175 591 1238 adeo
612 1173 772 1256 incendit,
799 1183 838 1236 ut
863 1183 941 1242 ante
972 1173 1118 1236 edictum
1138 1175 1381 1260 magistratuum,

186 1270 263 1324 ante
297 1269 431 1324 senatus
462 1261 661 1337 consultum,
702 1265 834 1341 sumpto
867 1259 1009 1336 iustitio,
1049 1257 1283 1320 desererentur
1313 1255 1382 1326 fora,

134 1389 137 1404 .
185 1342 423 1406 clauderentur
450 1341 578 1405 domus.
621 1343 744 1404 Passim
772 1342 903 1404 silentis
923 1349 957 1402 et
978 1343 1132 1424 gemitus,
1162 1339 1246 1400 nihii
1272 1353 1382 1416 compo·
1412 1355 1413 1358 ¹

185 1430 288 1491 situm
314 1429 355 1488 in.
379 1428 653 1499 ostentationem
689 1433 722 1488 et
748 1445 932 1506 quanquam
956 1443 1060 1506 neque
1081 1423 1268 1510 insignibus
1287 1419 1383 1504 lugen-

187 1513 271 1572 tium
292 1510 508 1584 abstinerent,
538 1509 637 1568 altius
660 1511 780 1568 animis
803 1507 1005 1568 moerebant.
1050 1507 1150 1568 Forte
1181 1505 1384 1590 negotiatores

186 1595 320 1656 vivente
348 1591 456 1653 adhuc
477 1591 676 1652 Germanico
699 1591 798 1671 Syria
833 1591 960 1690 egressi
989 1578 1131 1652 laeticia·
1152 1585 1192 1650 de
1215 1581 1385 1648 valetudine

186 1679 258 1740 eius
279 1677 432 1738 attulere.
477 1673 594 1735 Statim
618 1671 756 1749 credita,
785 1683 898 1735 statim
919 1675 1055 1758 vulgata
1077 1679 1163 1734 sunt.
1206 1669 1251 1732 Ut
1271 1669 1387 1751 quisque

186 1759 316 1830 obvius,
350 1759 500 1840 quamvis
536 1757 655 1818 leviter
691 1756 806 1818 audita
840 1758 875 1816 iu
913 1756 995 1818 alios
1023 1766 1121 1836 atque
1149 1755 1200 1816 illi
1229 1757 1262 1814 in
1293 1752 1386 1832 plures

186 1842 354 1902 cumulata
381 1839 502 1928 gaudio
531 1843 750 1902 transferunt.
794 1837 939 1902 Cursant
965 1859 1027 1923 per
1047 1837 1183 1912 Urbem,
1221 1835 1388 1898 moliuntur

184 1925 388 2006 templorum
421 1926 522 1985 iores.
568 1923 658 1984 Iuvit
685 1922 917 1987 credulitatem
946 1943 1011 1982 uox
1043 1929 1077 1983 et
1105 1921 1295 2004 promptior
1313 1919 1387 1977 inter

186 2009 338 2070 tenebras
352 2009 543 2070 affirmatio.
586 2005 658 2066 Nec
679 2007 811 2068 obstitit
832 2007 922 2066 falsis
936 2005 1105 2082 Tiberius,
1130 2002 1236 2064 donec
1257 2011 1389 2080 tempore

73 2145 76 2160 ,
185 2111 224 2153 ac
236 2093 343 2172 spatio
359 2096 586 2152 senescerent.
630 2089 670 2150 Et
690 2091 832 2172 populus
854 2091 948 2171 quasi
968 2109 1104 2150 rursum
1125 2095 1279 2169 creptum
1295 2083 1388 2146 acrius

186 2173 302 2236 dObUib.
776 2207 779 2232 ι

257 2241 535 2312 l.‡it1ionsaecet.
561 2253 655 2308 Antea
679 2254 803 2318 dixerat,
829 2254 901 2326 quid
925 2254 955 2306 in
978 2252 1133 2325 provincia
1158 2258 1339 2306 consecutum
1360 2245 1391 2297 sit

185 2337 312 2382 rnomem
331 2326 514 2398 Germanici:
534 2327 641 2378 transit
660 2327 718 2378 iam
737 2325 772 2378 ad
790 2325 901 2378 Urbem
929 2327 1035 2378 usitata
1053 2323 1197 2388 formula3
1217 2323 1286 2375 Ern.
1317 2319 1360 2372 Sic
1372 2321 1390 2378 1,

185 2403 229 2455 46·
255 2404 282 2465 3,
306 2401 349 2454 ῃ·
374 2401 401 2460 6,
429 2400 473 2454 29·
500 2401 544 2463 Η,
568 2401 611 2454 22·
637 2399 680 2463 1⁴¹5
705 2399 747 2452 ¹¹⁰·
774 2397 810 2452 Η.
829 2399 857 2462 2,
884 2401 925 2453 1⁰.
952 2399 995 2451 ⁵5·
1022 2397 1049 2461 ‘¹2
1076 2399 1119 2452 68.
1146 2393 1193 2448 cf·
1221 2393 1284 2448 lnds
1302 2391 1350 2444 m·
1370 2407 1392 2440 v·

188 2471 340 2524 Transitus
363 2470 403 2522 ad
426 2468 487 2520 alia
510 2469 659 2534 [annulae.
693 2501 726 2510 --
752 2475 903 2538 postquam
924 2463 1092 2521 Gemanica·
1117 2465 1251 2520 ualetudo
1280 2464 1391 2522 adverse,

185 2543 314 2606 morbus,
333 2541 456 2605 (cilud.
468 2535 521 2604 11.)
541 2541 600 2592 eius
620 2542 696 2592 fama
711 2539 901 2608 percrebruit,
922 2558 950 2595 v.
969 2540 1006 2592 sd
1024 2542 1050 2605 2,
1070 2541 1115 2602 33,
1134 2541 1160 2594 2-
1182 2537 1391 2602 414233.-

186 2619 271 2666 aucla
289 2613 321 2680 in
339 2611 476 2673 eleterius,
499 2629 527 2662 v,
551 2611 587 2663 ad
605 2613 631 2674 4,
650 2613 695 2676 23,
715 2615 740 2666 3.
768 2643 799 2654 -
827 2611 974 2680 cunctique
1001 2643 1034 2653 -
1063 2611 1232 2681 ιιΙῙετεὸαηεΙ
1248 2607 1304 2663 MS.
1331 2601 1393 2674 quod

185 2687 312 2738 fortasse
327 2682 532 2737 revocandum.
553 2713 585 2724 -
605 2681 688 2734 dolor
706 2689 733 2734 et
752 2681 801 2734 iro
822 2684 888 2736 scil.
909 2682 1033 2736 exarsit:
1071 2699 1165 2751 neque
1185 2699 1217 2733 ea
1237 2681 1282 2734 irs
1294 2691 1392 2749 preme·

186 2753 340 2808 bstursed
358 2759 384 2806 et
404 2753 581 2820 erumpebant
601 2759 730 2821 questum
754 2754 827 2816 Era.
848 2754 939 2819 dolor,
958 2753 1022 2816 ira3
1045 2755 1083 2808 cf.
1103 2752 1166 2804 lnd.
1186 2747 1240 2808 111.
1269 2769 1298 2804 v.
1316 2747 1394 2816 Aspo-

153 2829 155 2835 '
187 2827 263 2891 deta,
283 2833 313 2879 et
335 2825 451 2878 adrem
475 2823 553 2878 Suet.
579 2821 638 2878 Cal.
659 2825 685 2878 e.
721 2851 755 2862 -
780 2825 812 2878 iu
835 2833 975 2878 extremas
1002 2832 1098 2877 terras
1122 2824 1291 2891 relegatum,
1319 2840 1345 2871 v.
1367 2814 1394 2868 ad

188 2899 257 2973 Agr.
280 2897 321 2954 15.
341 2914 370 2948 ιι.
391 2900 417 2950 7.
437 2900 578 2947 extrenuos
597 2912 635 2947 sc.
654 2895 773 2966 imperii
792 2897 875 2958 Rom.
902 2906 934 2949 ut
958 2897 1078 2948 ultimae
1101 2902 1196 2946 terrae
1222 2912 1268 2965 ap.
1290 2893 1346 2946 cic.
1368 2885 1394 2940 ad

187 2970 220 3036 Q.
240 2970 278 3024 fr.
300 2971 388 3034 1,1.;
407 2965 494 3024 Gran,
514 2986 540 3020 v.
562 2965 670 3028 Graes.
690 2967 726 3020 ad
745 2967 803 3021 Cic.
825 2986 854 3038 p.
874 2968 939 3045 iege
958 2969 1030 3021 Man.
1051 2983 1076 3024 c.
1097 2971 1150 3031 16.,
1170 2967 1242 3018 Era.
1263 2965 1307 3019 Cf.
1320 2967 1344 3026 4,
1362 2963 1395 3015 51·

186 3043 231 3098 67.
252 3041 287 3094 74
303 3056 349 3109 pr.
368 3039 395 3104 b,
414 3039 441 3090 7.
460 3043 487 3104 b,
506 3040 550 3094 24.
572 3042 614 3110 113,
635 3043 659 3092 1.
688 3037 724 3090 H.
745 3043 771 3104 l,
790 3043 817 3104 3,
840 3045 863 3094 l.
891 3071 924 3082 -
949 3038 1012 3092 ideo
1031 3038 1132 3092 Pisoni
1151 3065 1182 3075 -
1202 3050 1352 3098 sennense,
1373 3049 1394 3082 ι.

188 3129 249 3181 cap.
268 3113 313 3166 43.
335 3138 367 3148 -
386 3126 454 3162 vera
473 3109 508 3160 de
524 3109 622 3162 Druso
641 3109 811 3164 Germanici
828 3119 912 3180 patre
930 3110 1055 3165 seniores
1074 3111 1193 3174 locutos,
1212 3109 1362 3178 displicere
1376 3119 1396 3154 r.

187 3183 288 3310 cinglis
310 3181 434 3246 filiorum
457 3180 585 3249 ingenia,
610 3198 638 3233 v.
659 3186 684 3246 1,
703 3184 749 3237 33.
778 3182 876 3252 ibique
903 3190 971 3236 nota
992 3187 1017 3240 l.
1049 3215 1082 3224 -
1107 3181 1292 3248 interceptos,
1320 3197 1345 3232 v.
1370 3173 1397 3226 sd

186 3257 214 3320 2
250 3257 277 3318 θ,
299 3257 321 3307 l·
1057 3303 1063 3318 .

257 3327 283 3380 2.
309 3324 370 3376 Hos
393 3323 475 3392 vulgi
497 3339 640 3376 sermones
662 3323 798 3390 incendit,
822 3344 850 3378 r.
874 3324 910 3377 ad
929 3327 954 3391 l,
972 3325 1018 3390 23,
1047 3330 1073 3380 l.
1103 3351 1135 3362 —
1165 3331 1278 3392 sumpto
1298 3315 1398 3374 iustitia

189 3403 299 3466 sponte.
321 3413 349 3449 v.
368 3394 403 3447 ad
423 3400 448 3460 1,
468 3399 511 3460 16,
532 3399 555 3450 l.
576 3403 605 3448 et
624 3398 663 3448 cf.
682 3396 766 3473 Eleg.
778 3397 822 3450 de
841 3403 935 3449 morte
953 3395 1048 3449 Drusi·
1070 3415 1099 3450 v.
1121 3398 1169 3452 181
1190 3414 1232 3466 sq.
1268 3423 1301 3432 -—
1326 3392 1398 3444 siler-

189 3467 233 3519 tiu
252 3472 278 3518 et
296 3465 434 3533 gemitus.-
462 3483 537 3535 „per
554 3463 586 3519 ἓν
603 3461 650 3518 διὰ
668 3466 749 3520 dunis
772 3467 893 3532 dictum,
917 3468 966 3520 vel
989 3467 1030 3520 ita
1052 3476 1086 3520 ut
1110 3466 1259 3522 silentium
1304 3481 1335 3516 ro
1360 3460 1399 3514 ad-

189 3538 298 3590 iectivo
318 3537 366 3599 sit,
386 3537 435 3590 vel
452 3545 610 3606 utrumque
628 3555 682 3607 pro
701 3537 818 3592 silentia
835 3539 1007 3607 geruntium
1027 3539 1089 3593 sive
1105 3538 1231 3608 gemitus
1257 3484 1399 3590 silentium.

189 3609 263 3661 Nam
282 3608 395 3660 silentio
414 3609 455 3660 its
473 3607 588 3660 demum
606 3609 702 3661 luctus
730 3610 923 3684 significatur,
951 3611 977 3663 si
1000 3611 1049 3662 vel
1075 3611 1196 3680 gernitus
1220 3607 1341 3662 accedat
1362 3601 1401 3655 vel

189 3677 270 3734 aliud
288 3679 454 3732 moestitiae
474 3679 621 3754 signum.“
639 3679 713 3734 Rari
731 3700 757 3752 p.
777 3683 822 3736 5⁰·
843 3681 887 3735 cf.
908 3680 971 3735 lnd.
991 3681 1043 3736 111.
1064 3703 1091 3736 v.
1111 3681 1325 3750 Hendiudyoin.
1353 3677 1402 3730 lm·

189 3767 238 3804 mo
256 3749 372 3804 silentia
391 3758 492 3804 exorta
516 3751 623 3821 ubique
646 3754 753 3804 omisso
772 3753 904 3806 omnium
922 3752 1106 3828 neg-utimum
1127 3753 1266 3824 strepitu,
1288 3759 1318 3805 et
1337 3751 1403 3801 inter

99 3820 103 3830 '
191 3840 224 3876 ea
241 3823 365 3890 gemitus
384 3829 497 3874 tantum
515 3822 623 3888 auditi,
644 3821 751 3876 Waltb.
772 3817 814 3861 '-
835 3825 921 3893 neqtse
939 3825 1102 3894 insignibus
1121 3825 1303 3892 'lugentium
1327 3833 1402 3886 „nam

191 3893 301 3947 indicto
320 3893 434 3945 iustitio
453 3893 601 3946 mutabant
623 3895 710 3946 etiam
734 3903 853 3949 restem.
879 3913 907 3948 v.
926 3896 1032 3950 Lucan.
1056 3899 1085 3962 2,
1107 3899 1140 3952 13
1165 3914 1205 3966 sq.
1233 3891 1405 3948 iuvenale

190 3967 252 4021 213.
273 3964 340 4020 San.
361 3981 404 4034 ep.
425 3963 491 4019 18.“
512 3963 589 4032 Lips.
625 3965 802 4036 Exemplum
821 3965 958 4022 exhibent
981 3965 1153 4038 cenotaphia
1171 3967 1294 4030 Pisana,
1322 3958 1403 4016 Oberl·

191 4035 237 4088 Gi.
256 4035 291 4088 ad
309 4038 335 4100 2,
354 4037 400 4100 23,
421 4041 445 4090 l.
465 4038 491 4101 2,
510 4037 553 4100 75,
572 4039 599 4091 2.
619 4052 714 4106 neque,
742 4055 769 4092 v.
790 4037 824 4090 ad
844 4043 869 4104 1,
888 4041 978 4106 32,2
1007 4067 1040 4076 -
1065 4039 1154 4091 altius
1177 4037 1287 4090 animis
1311 4043 1413 4086 maere

141 4141 144 4148 ,
191 4109 268 4171 bant,
288 4109 325 4159 cf.
345 4107 405 4160 lud.
425 4108 462 4160 11.
483 4127 508 4160 v.
531 4107 633 4166 altiaet
651 4109 748 4160 ultius.
769 4136 802 4146 -
821 4110 1026 4178 negotiatores,
1050 4129 1077 4164 v.
1097 4109 1132 4164 ad
1149 4113 1176 4174 2,
1194 4113 1240 4174 37,
1263 4113 1288 4162 l.
1320 4139 1352 4147 -
1376 4103 1406 4151 lt·

191 4177 266 4229 oiter
283 4177 393 4244 auditu,
412 4187 451 4251 ⁸ut
477 4196 521 4247 ap.
548 4177 625 4231 Suet.
654 4178 714 4236 Cal.
734 4182 759 4234 6.
792 4197 875 4250 quum
902 4181 1023 4234 incertis
1046 4181 1211 4234 auctoribus
1235 4175 1408 4231 consmlerissr

189 4248 419 4313 percrebruisset.
456 4247 504 4302 Sic
522 4255 622 4300 auctor
641 4250 710 4302 levis
728 4267 777 4302 nec
790 4251 870 4304 satis
887 4254 961 4318 fidus
984 4251 1094 4305 dieitur
1117 4253 1181 4303 Liv.
1205 4252 1233 4314 5,
1256 4253 1302 4306 15.
1327 4247 1408 4312 6,·14-

193 4319 329 4382 7,3.23,
349 4323 390 4375 13.
412 4325 559 4373 etcontrs
581 4320 683 4388 gravis
706 4328 806 4375 auctor
825 4327 850 4390 1,
871 4325 911 4379 16.
932 4325 976 4389 33,
995 4325 1038 4380 45.
1068 4355 1100 4366 -
1120 4327 1204 4391 atque
1221 4321 1284 4386 illi,
1313 4333 1408 4391 propr·
