<?xml version="1.0" encoding="UTF-8"?>
<!DOCTYPE html PUBLIC "-//W3C//DTD XHTML 1.0 Transitional//EN"
    "http://www.w3.org/TR/xhtml1/DTD/xhtml1-transitional.dtd">
<html xmlns="http://www.w3.org/1999/xhtml" xml:lang="en" lang="en">
 <head>
  <title>
</title>
<meta http-equiv="Content-Type" content="text/html;charset=utf-8" />
  <meta name='ocr-system' content='tesseract 3.04.00' />
  <meta name='ocr-capabilities' content='ocr_page ocr_carea ocr_par ocr_line ocrx_word'/>
</head>
<body>
  <div class='ocr_page' id='page_1' title='image "./ccorneliitaciti28tacigoog/ccorneliitaciti28tacigoog_0475.png"; bbox 0 0 2868 4792; ppageno 0'>
   <div class='ocr_carea' id='block_1_1' title="bbox 165 206 993 282">
    <p class='ocr_par' dir='ltr' id='par_1_1' title="bbox 165 206 993 282">
     <span class='ocr_line' id='line_1_1' title="bbox 165 206 993 282; baseline -0.005 0"><span class='ocrx_word' id='word_1_1' title='bbox 165 211 229 282; x_wconf 74' lang='grc'><strong>338</strong></span> <span class='ocrx_word' id='word_1_2' title='bbox 555 206 801 278; x_wconf 77' lang='lat' dir='ltr'><strong>ANNanluta</strong></span> <span class='ocrx_word' id='word_1_3' title='bbox 827 209 910 277; x_wconf 75' lang='lat' dir='ltr'><strong>mu</strong></span> <span class='ocrx_word' id='word_1_4' title='bbox 932 209 993 278; x_wconf 87' lang='lat'><strong>111.</strong></span> 
     </span>
    </p>
   </div>
   <div class='ocr_carea' id='block_1_2' title="bbox 76 375 1378 2604">
    <p class='ocr_par' dir='ltr' id='par_1_2' title="bbox 76 375 1378 1796">
     <span class='ocr_line' id='line_1_2' title="bbox 167 375 1375 468; baseline 0 -26"><span class='ocrx_word' id='word_1_5' title='bbox 167 377 260 443; x_wconf 81' lang='lat' dir='ltr'><strong>libet</strong></span> <span class='ocrx_word' id='word_1_6' title='bbox 315 375 411 441; x_wconf 87' lang='lat' dir='ltr'><strong>Dites</strong></span> <span class='ocrx_word' id='word_1_7' title='bbox 443 377 523 441; x_wconf 92' lang='lat' dir='ltr'><strong>olim</strong></span> <span class='ocrx_word' id='word_1_8' title='bbox 550 377 696 442; x_wconf 81' lang='lat' dir='ltr'><strong>familiae</strong></span> <span class='ocrx_word' id='word_1_9' title='bbox 730 377 892 442; x_wconf 78' lang='lat' dir='ltr'>nobilium</span> <span class='ocrx_word' id='word_1_10' title='bbox 920 386 979 442; x_wconf 90' lang='lat' dir='ltr'><strong>aut</strong></span> <span class='ocrx_word' id='word_1_11' title='bbox 1006 375 1209 442; x_wconf 73' lang='lat' dir='ltr'><strong>claritudine</strong></span> <span class='ocrx_word' id='word_1_12' title='bbox 1237 379 1375 468; x_wconf 75' lang='lat' dir='ltr'><strong>insignes</strong></span> 
     </span>
     <span class='ocr_line' id='line_1_3' title="bbox 166 459 1376 548; baseline -0.003 -19"><span class='ocrx_word' id='word_1_13' title='bbox 166 461 279 528; x_wconf 84' lang='lat' dir='ltr'><strong>studio</strong></span> <span class='ocrx_word' id='word_1_14' title='bbox 307 459 574 548; x_wconf 77' lang='lat' dir='ltr'><strong>magnificentiae</strong></span> <span class='ocrx_word' id='word_1_15' title='bbox 600 462 878 544; x_wconf 79' lang='lat' dir='ltr'><strong>prolabebanturs</strong></span> <span class='ocrx_word' id='word_1_16' title='bbox 911 481 987 524; x_wconf 91' lang='lat' dir='ltr'><strong>nam</strong></span> <span class='ocrx_word' id='word_1_17' title='bbox 1017 466 1116 525; x_wconf 87' lang='lat' dir='ltr'><strong>etiam</strong></span> <span class='ocrx_word' id='word_1_18' title='bbox 1144 471 1216 524; x_wconf 90' lang='lat' dir='ltr'><strong>tum</strong></span> <span class='ocrx_word' id='word_1_19' title='bbox 1241 463 1376 546; x_wconf 79' lang='lat' dir='ltr'><strong>plebem,</strong></span> 
     </span>
     <span class='ocr_line' id='line_1_4' title="bbox 166 543 1374 632; baseline 0 -24"><span class='ocrx_word' id='word_1_20' title='bbox 166 549 286 620; x_wconf 84' lang='lat' dir='ltr'><strong>socios,</strong></span> <span class='ocrx_word' id='word_1_21' title='bbox 308 565 413 632; x_wconf 78' lang='lat' dir='ltr'><strong>regna</strong></span> <span class='ocrx_word' id='word_1_22' title='bbox 433 545 544 608; x_wconf 84' lang='lat' dir='ltr'><strong>colere</strong></span> <span class='ocrx_word' id='word_1_23' title='bbox 566 557 599 609; x_wconf 90' lang='lat' dir='ltr'><strong>ot</strong></span> <span class='ocrx_word' id='word_1_24' title='bbox 619 547 685 608; x_wconf 90' lang='lat' dir='ltr'><strong>ooli</strong></span> <span class='ocrx_word' id='word_1_25' title='bbox 707 547 847 610; x_wconf 89' lang='lat' dir='ltr'><strong>licitum.</strong></span> <span class='ocrx_word' id='word_1_26' title='bbox 892 543 937 608; x_wconf 88' lang='lat' dir='ltr'><strong>Ut</strong></span> <span class='ocrx_word' id='word_1_27' title='bbox 959 547 1100 628; x_wconf 89' lang='lat' dir='ltr'><strong>quisque</strong></span> <span class='ocrx_word' id='word_1_28' title='bbox 1121 547 1250 630; x_wconf 87' lang='lat' dir='ltr'><strong>opibus,</strong></span> <span class='ocrx_word' id='word_1_29' title='bbox 1272 545 1374 622; x_wconf 90' lang='lat' dir='ltr'><strong>domo,</strong></span> 
     </span>
     <span class='ocr_line' id='line_1_5' title="bbox 190 629 1376 712; baseline -0.001 -18"><span class='ocrx_word' id='word_1_30' title='bbox 190 637 287 694; x_wconf 87' lang='lat' dir='ltr'><strong>aratu</strong></span> <span class='ocrx_word' id='word_1_31' title='bbox 308 630 487 712; x_wconf 87' lang='lat' dir='ltr'><strong>speciosus,</strong></span> <span class='ocrx_word' id='word_1_32' title='bbox 516 649 578 712; x_wconf 89' lang='lat' dir='ltr'><strong>per</strong></span> <span class='ocrx_word' id='word_1_33' title='bbox 599 649 720 692; x_wconf 90' lang='lat' dir='ltr'><strong>nomen</strong></span> <span class='ocrx_word' id='word_1_34' title='bbox 742 637 777 692; x_wconf 92' lang='lat' dir='ltr'><strong>et</strong></span> <span class='ocrx_word' id='word_1_35' title='bbox 795 629 966 692; x_wconf 74' lang='lat' dir='ltr'>clientelas</span> <span class='ocrx_word' id='word_1_36' title='bbox 994 629 1163 692; x_wconf 84' lang='lat' dir='ltr'><strong>illustrior</strong></span> <span class='ocrx_word' id='word_1_37' title='bbox 1188 629 1376 694; x_wconf 83' lang='lat' dir='ltr'><strong>habebatur.</strong></span> 
     </span>
     <span class='ocr_line' id='line_1_6' title="bbox 166 651 1375 800; baseline -0.001 -25"><span class='ocrx_word' id='word_1_38' title='bbox 166 651 344 796; x_wconf 62' lang='lat' dir='ltr'><strong>Postquam</strong></span> <span class='ocrx_word' id='word_1_39' title='bbox 376 710 531 774; x_wconf 88' lang='lat' dir='ltr'><strong>caedibus</strong></span> <span class='ocrx_word' id='word_1_40' title='bbox 558 713 726 792; x_wconf 53' lang='lat' dir='ltr'><strong>,saevitum</strong></span> <span class='ocrx_word' id='word_1_41' title='bbox 754 721 789 778; x_wconf 89' lang='lat' dir='ltr'><strong>et</strong></span> <span class='ocrx_word' id='word_1_42' title='bbox 816 711 1010 800; x_wconf 74' lang='lat' dir='ltr'><strong>magnitudo</strong></span> <span class='ocrx_word' id='word_1_43' title='bbox 1038 715 1145 774; x_wconf 69' lang='lat' dir='ltr'><strong>samm</strong></span> <span class='ocrx_word' id='word_1_44' title='bbox 1166 714 1271 775; x_wconf 85' lang='lat' dir='ltr'><strong>exitio</strong></span> <span class='ocrx_word' id='word_1_45' title='bbox 1299 725 1375 792; x_wconf 86' lang='lat' dir='ltr'><strong>crat,</strong></span> 
     </span>
     <span class='ocr_line' id='line_1_7' title="bbox 167 793 1377 878; baseline -0.002 -20"><span class='ocrx_word' id='word_1_46' title='bbox 167 799 272 860; x_wconf 89' lang='lat' dir='ltr'><strong>ceteri</strong></span> <span class='ocrx_word' id='word_1_47' title='bbox 293 793 335 858; x_wconf 88' lang='lat' dir='ltr'><strong>ad</strong></span> <span class='ocrx_word' id='word_1_48' title='bbox 355 797 558 878; x_wconf 76' lang='lat' dir='ltr'><strong>sapientiora</strong></span> <span class='ocrx_word' id='word_1_49' title='bbox 579 803 788 858; x_wconf 82' lang='lat' dir='ltr'><strong>convertere.</strong></span> <span class='ocrx_word' id='word_1_50' title='bbox 833 793 941 858; x_wconf 88' lang='lat' dir='ltr'><strong>Simul</strong></span> <span class='ocrx_word' id='word_1_51' title='bbox 962 797 1043 858; x_wconf 81' lang='lat' dir='ltr'><strong>novi</strong></span> <span class='ocrx_word' id='word_1_52' title='bbox 1063 796 1215 858; x_wconf 85' lang='lat' dir='ltr'><strong>homines</strong></span> <span class='ocrx_word' id='word_1_53' title='bbox 1236 817 1256 860; x_wconf 89' lang='lat' dir='ltr'><strong>e</strong></span> <span class='ocrx_word' id='word_1_54' title='bbox 1275 798 1377 856; x_wconf 91' lang='lat' dir='ltr'><strong>muni-</strong></span> 
     </span>
     <span class='ocr_line' id='line_1_8' title="bbox 166 878 1377 962; baseline -0.002 -19"><span class='ocrx_word' id='word_1_55' title='bbox 166 881 263 962; x_wconf 87' lang='lat' dir='ltr'><strong>cipiis</strong></span> <span class='ocrx_word' id='word_1_56' title='bbox 295 887 329 941; x_wconf 85' lang='lat' dir='ltr'><strong>at</strong></span> <span class='ocrx_word' id='word_1_57' title='bbox 360 878 501 940; x_wconf 91' lang='lat' dir='ltr'><strong>coloniis</strong></span> <span class='ocrx_word' id='word_1_58' title='bbox 533 885 631 960; x_wconf 87' lang='lat' dir='ltr'><strong>atque</strong></span> <span class='ocrx_word' id='word_1_59' title='bbox 663 879 762 940; x_wconf 87' lang='lat' dir='ltr'><strong>etiam</strong></span> <span class='ocrx_word' id='word_1_60' title='bbox 795 879 980 960; x_wconf 85' lang='lat' dir='ltr'><strong>provinciis</strong></span> <span class='ocrx_word' id='word_1_61' title='bbox 1012 880 1048 938; x_wconf 91' lang='lat' dir='ltr'><strong>in</strong></span> <span class='ocrx_word' id='word_1_62' title='bbox 1079 887 1229 941; x_wconf 85' lang='lat' dir='ltr'><strong>senatum</strong></span> <span class='ocrx_word' id='word_1_63' title='bbox 1264 879 1377 942; x_wconf 88' lang='lat' dir='ltr'><strong>crebro</strong></span> 
     </span>
     <span class='ocr_line' id='line_1_9' title="bbox 165 960 1378 1046; baseline -0.001 -21"><span class='ocrx_word' id='word_1_64' title='bbox 165 965 326 1046; x_wconf 79' lang='lat' dir='ltr'><strong>assumpti</strong></span> <span class='ocrx_word' id='word_1_65' title='bbox 366 960 580 1024; x_wconf 75' lang='lat' dir='ltr'><strong>domesticam</strong></span> <span class='ocrx_word' id='word_1_66' title='bbox 614 963 854 1041; x_wconf 84' lang='lat' dir='ltr'><strong>parcimoniam</strong></span> <span class='ocrx_word' id='word_1_67' title='bbox 890 963 1095 1041; x_wconf 88' lang='lat' dir='ltr'><strong>intulerunt,</strong></span> <span class='ocrx_word' id='word_1_68' title='bbox 1131 969 1165 1023; x_wconf 88' lang='lat' dir='ltr'><strong>et</strong></span> <span class='ocrx_word' id='word_1_69' title='bbox 1200 981 1378 1046; x_wconf 86' lang='lat' dir='ltr'><strong>quanquam</strong></span> 
     </span>
     <span class='ocr_line' id='line_1_10' title="bbox 165 1043 1377 1128; baseline -0.003 -18"><span class='ocrx_word' id='word_1_70' title='bbox 165 1051 301 1110; x_wconf 79' lang='lat' dir='ltr'><strong>fortuna</strong></span> <span class='ocrx_word' id='word_1_71' title='bbox 322 1045 374 1108; x_wconf 85' lang='lat' dir='ltr'><strong>vel</strong></span> <span class='ocrx_word' id='word_1_72' title='bbox 396 1043 564 1106; x_wconf 87' lang='lat' dir='ltr'><strong>industria</strong></span> <span class='ocrx_word' id='word_1_73' title='bbox 585 1044 739 1128; x_wconf 78' lang='lat' dir='ltr'><strong>plerique</strong></span> <span class='ocrx_word' id='word_1_74' title='bbox 761 1045 973 1128; x_wconf 77' lang='lat' dir='ltr'><strong>pecuniosam</strong></span> <span class='ocrx_word' id='word_1_75' title='bbox 996 1043 1037 1106; x_wconf 91' lang='lat' dir='ltr'><strong>ad</strong></span> <span class='ocrx_word' id='word_1_76' title='bbox 1066 1053 1233 1107; x_wconf 83' lang='lat' dir='ltr'><strong>senectam</strong></span> <span class='ocrx_word' id='word_1_77' title='bbox 1289 1065 1377 1106; x_wconf 79' lang='lat' dir='ltr'><strong>erve-</strong></span> 
     </span>
     <span class='ocr_line' id='line_1_11' title="bbox 166 1127 1378 1211; baseline -0.001 -19"><span class='ocrx_word' id='word_1_78' title='bbox 166 1131 290 1210; x_wconf 89' lang='lat' dir='ltr'><strong>nirant,</strong></span> <span class='ocrx_word' id='word_1_79' title='bbox 322 1129 444 1190; x_wconf 86' lang='lat' dir='ltr'><strong>mansit</strong></span> <span class='ocrx_word' id='word_1_80' title='bbox 471 1136 582 1190; x_wconf 87' lang='lat' dir='ltr'><strong>tamen</strong></span> <span class='ocrx_word' id='word_1_81' title='bbox 609 1129 706 1211; x_wconf 89' lang='lat' dir='ltr'><strong>prior</strong></span> <span class='ocrx_word' id='word_1_82' title='bbox 727 1130 867 1192; x_wconf 89' lang='lat' dir='ltr'><strong>animus.</strong></span> <span class='ocrx_word' id='word_1_83' title='bbox 911 1127 978 1190; x_wconf 89' lang='lat' dir='ltr'><strong>Sed</strong></span> <span class='ocrx_word' id='word_1_84' title='bbox 1004 1129 1204 1210; x_wconf 89' lang='lat' dir='ltr'><strong>praecipuus</strong></span> <span class='ocrx_word' id='word_1_85' title='bbox 1232 1129 1378 1205; x_wconf 81' lang='lat' dir='ltr'><strong>astricti</strong></span> 
     </span>
     <span class='ocr_line' id='line_1_12' title="bbox 165 1211 1376 1294; baseline -0.005 -14"><span class='ocrx_word' id='word_1_86' title='bbox 165 1217 269 1280; x_wconf 88' lang='lat' dir='ltr'><strong>moris</strong></span> <span class='ocrx_word' id='word_1_87' title='bbox 300 1223 419 1276; x_wconf 86' lang='lat' dir='ltr'><strong>auctor</strong></span> <span class='ocrx_word' id='word_1_88' title='bbox 451 1211 675 1294; x_wconf 83' lang='lat' dir='ltr'><strong>Vespasianus</strong></span> <span class='ocrx_word' id='word_1_89' title='bbox 709 1213 792 1289; x_wconf 83' lang='lat' dir='ltr'><strong>fuit,</strong></span> <span class='ocrx_word' id='word_1_90' title='bbox 828 1213 964 1294; x_wconf 88' lang='lat' dir='ltr'><strong>antiquo</strong></span> <span class='ocrx_word' id='word_1_91' title='bbox 996 1214 1068 1294; x_wconf 86' lang='lat' dir='ltr'><strong>ipse</strong></span> <span class='ocrx_word' id='word_1_92' title='bbox 1096 1213 1189 1274; x_wconf 87' lang='lat' dir='ltr'><strong>cultu</strong></span> <span class='ocrx_word' id='word_1_93' title='bbox 1215 1216 1376 1294; x_wconf 85' lang='lat' dir='ltr'><strong>victuque.</strong></span> 
     </span>
     <span class='ocr_line' id='line_1_13' title="bbox 166 1293 1378 1384; baseline -0.005 -22"><span class='ocrx_word' id='word_1_94' title='bbox 166 1299 367 1384; x_wconf 85' lang='lat' dir='ltr'><strong>Obsequium</strong></span> <span class='ocrx_word' id='word_1_95' title='bbox 389 1295 467 1358; x_wconf 90' lang='lat' dir='ltr'><strong>iude</strong></span> <span class='ocrx_word' id='word_1_96' title='bbox 483 1299 519 1358; x_wconf 92' lang='lat' dir='ltr'><strong>in</strong></span> <span class='ocrx_word' id='word_1_97' title='bbox 534 1297 721 1378; x_wconf 86' lang='lat' dir='ltr'><strong>Principem</strong></span> <span class='ocrx_word' id='word_1_98' title='bbox 735 1304 770 1358; x_wconf 86' lang='lat' dir='ltr'><strong>et</strong></span> <span class='ocrx_word' id='word_1_99' title='bbox 790 1293 978 1358; x_wconf 88' lang='lat' dir='ltr'><strong>aemulandi</strong></span> <span class='ocrx_word' id='word_1_100' title='bbox 998 1315 1094 1357; x_wconf 91' lang='lat' dir='ltr'><strong>amor</strong></span> <span class='ocrx_word' id='word_1_101' title='bbox 1114 1293 1262 1358; x_wconf 86' lang='lat' dir='ltr'><strong>validior</strong></span> <span class='ocrx_word' id='word_1_102' title='bbox 1289 1315 1378 1378; x_wconf 87' lang='lat' dir='ltr'><strong>quam</strong></span> 
     </span>
     <span class='ocr_line' id='line_1_14' title="bbox 164 1380 1378 1468; baseline -0.006 -22"><span class='ocrx_word' id='word_1_103' title='bbox 164 1403 272 1468; x_wconf 87' lang='lat' dir='ltr'><strong>poena</strong></span> <span class='ocrx_word' id='word_1_104' title='bbox 293 1401 335 1444; x_wconf 84' lang='lat' dir='ltr'><strong>ex</strong></span> <span class='ocrx_word' id='word_1_105' title='bbox 356 1380 485 1468; x_wconf 77' lang='lat' dir='ltr'><strong>legibus</strong></span> <span class='ocrx_word' id='word_1_106' title='bbox 507 1390 540 1444; x_wconf 89' lang='lat' dir='ltr'><strong>et</strong></span> <span class='ocrx_word' id='word_1_107' title='bbox 561 1389 687 1458; x_wconf 79' lang='lat' dir='ltr'><strong>metus3</strong></span> <span class='ocrx_word' id='word_1_108' title='bbox 720 1381 785 1442; x_wconf 91' lang='lat' dir='ltr'><strong>nisi</strong></span> <span class='ocrx_word' id='word_1_109' title='bbox 812 1383 902 1443; x_wconf 85' lang='lat' dir='ltr'><strong>torte</strong></span> <span class='ocrx_word' id='word_1_110' title='bbox 924 1381 1023 1444; x_wconf 90' lang='lat' dir='ltr'><strong>rebus</strong></span> <span class='ocrx_word' id='word_1_111' title='bbox 1045 1381 1175 1442; x_wconf 88' lang='lat' dir='ltr'><strong>cunctis</strong></span> <span class='ocrx_word' id='word_1_112' title='bbox 1196 1381 1285 1442; x_wconf 84' lang='lat' dir='ltr'><strong>inest</strong></span> <span class='ocrx_word' id='word_1_113' title='bbox 1311 1381 1378 1461; x_wconf 91' lang='lat' dir='ltr'><strong>qui·</strong></span> 
     </span>
     <span class='ocr_line' id='line_1_15' title="bbox 165 1461 1376 1548; baseline -0.005 -18"><span class='ocrx_word' id='word_1_114' title='bbox 165 1467 240 1530; x_wconf 87' lang='lat' dir='ltr'><strong>dam</strong></span> <span class='ocrx_word' id='word_1_115' title='bbox 260 1466 357 1531; x_wconf 86' lang='lat' dir='ltr'><strong>velut</strong></span> <span class='ocrx_word' id='word_1_116' title='bbox 378 1465 483 1546; x_wconf 88' lang='lat' dir='ltr'><strong>orbis,</strong></span> <span class='ocrx_word' id='word_1_117' title='bbox 505 1475 554 1544; x_wconf 88' lang='lat' dir='ltr'><strong>ut,</strong></span> <span class='ocrx_word' id='word_1_118' title='bbox 576 1461 851 1548; x_wconf 86' lang='lat' dir='ltr'><strong>quemadmodum</strong></span> <span class='ocrx_word' id='word_1_119' title='bbox 864 1473 1052 1548; x_wconf 89' lang='lat' dir='ltr'><strong>temporum</strong></span> <span class='ocrx_word' id='word_1_120' title='bbox 1064 1467 1167 1544; x_wconf 89' lang='lat' dir='ltr'><strong>vices,</strong></span> <span class='ocrx_word' id='word_1_121' title='bbox 1188 1465 1238 1526; x_wconf 82' lang='lat' dir='ltr'><strong>ita</strong></span> <span class='ocrx_word' id='word_1_122' title='bbox 1252 1483 1376 1526; x_wconf 89' lang='lat' dir='ltr'><strong>morum</strong></span> 
     </span>
     <span class='ocr_line' id='line_1_16' title="bbox 76 1547 1377 1632; baseline -0.005 -15"><span class='ocrx_word' id='word_1_123' title='bbox 76 1607 79 1616; x_wconf 79' lang='grc'>,</span> <span class='ocrx_word' id='word_1_124' title='bbox 163 1557 360 1616; x_wconf 85' lang='lat' dir='ltr'><strong>vertantur:</strong></span> <span class='ocrx_word' id='word_1_125' title='bbox 395 1569 456 1612; x_wconf 91' lang='lat' dir='ltr'><strong>uec</strong></span> <span class='ocrx_word' id='word_1_126' title='bbox 477 1549 588 1610; x_wconf 89' lang='lat' dir='ltr'><strong>omnia</strong></span> <span class='ocrx_word' id='word_1_127' title='bbox 610 1547 697 1630; x_wconf 89' lang='lat' dir='ltr'><strong>apud</strong></span> <span class='ocrx_word' id='word_1_128' title='bbox 719 1551 852 1632; x_wconf 84' lang='lat' dir='ltr'><strong>priores</strong></span> <span class='ocrx_word' id='word_1_129' title='bbox 874 1549 1025 1628; x_wconf 90' lang='lat' dir='ltr'><strong>meliora,</strong></span> <span class='ocrx_word' id='word_1_130' title='bbox 1047 1547 1105 1610; x_wconf 85' lang='lat' dir='ltr'><strong>sed</strong></span> <span class='ocrx_word' id='word_1_131' title='bbox 1121 1555 1238 1611; x_wconf 92' lang='lat' dir='ltr'><strong>nostra</strong></span> <span class='ocrx_word' id='word_1_132' title='bbox 1278 1567 1377 1630; x_wconf 91' lang='lat' dir='ltr'><strong>uoque</strong></span> 
     </span>
     <span class='ocr_line' id='line_1_17' title="bbox 164 1629 1376 1714; baseline -0.002 -18"><span class='ocrx_word' id='word_1_133' title='bbox 164 1642 253 1700; x_wconf 81' lang='lat' dir='ltr'><strong>aetas</strong></span> <span class='ocrx_word' id='word_1_134' title='bbox 274 1633 381 1694; x_wconf 87' lang='lat' dir='ltr'><strong>multa</strong></span> <span class='ocrx_word' id='word_1_135' title='bbox 402 1629 509 1694; x_wconf 86' lang='lat' dir='ltr'><strong>laudis</strong></span> <span class='ocrx_word' id='word_1_136' title='bbox 535 1639 569 1694; x_wconf 90' lang='lat' dir='ltr'><strong>et</strong></span> <span class='ocrx_word' id='word_1_137' title='bbox 595 1633 719 1694; x_wconf 89' lang='lat' dir='ltr'><strong>artium</strong></span> <span class='ocrx_word' id='word_1_138' title='bbox 747 1630 908 1694; x_wconf 86' lang='lat' dir='ltr'><strong>imitanda</strong></span> <span class='ocrx_word' id='word_1_139' title='bbox 937 1633 1080 1714; x_wconf 85' lang='lat' dir='ltr'><strong>posteris</strong></span> <span class='ocrx_word' id='word_1_140' title='bbox 1110 1631 1200 1693; x_wconf 87' lang='lat' dir='ltr'><strong>tulit.</strong></span> <span class='ocrx_word' id='word_1_141' title='bbox 1289 1653 1376 1694; x_wconf 86' lang='lat' dir='ltr'><strong>erum</strong></span> 
     </span>
     <span class='ocr_line' id='line_1_18' title="bbox 146 1713 1217 1796; baseline -0.002 -16"><span class='ocrx_word' id='word_1_142' title='bbox 146 1717 259 1796; x_wconf 76' lang='lat' dir='ltr'><strong>,(haec</strong></span> <span class='ocrx_word' id='word_1_143' title='bbox 280 1715 376 1778; x_wconf 86' lang='lat' dir='ltr'><strong>nobis</strong></span> <span class='ocrx_word' id='word_1_144' title='bbox 396 1717 505 1776; x_wconf 90' lang='lat' dir='ltr'><strong>maior</strong></span> <span class='ocrx_word' id='word_1_145' title='bbox 526 1713 595 1792; x_wconf 87' lang='lat' dir='ltr'><strong>res)</strong></span> <span class='ocrx_word' id='word_1_146' title='bbox 622 1717 807 1776; x_wconf 86' lang='lat' dir='ltr'><strong>certamina</strong></span> <span class='ocrx_word' id='word_1_147' title='bbox 828 1735 869 1776; x_wconf 86' lang='lat' dir='ltr'><strong>ex</strong></span> <span class='ocrx_word' id='word_1_148' title='bbox 889 1715 1030 1778; x_wconf 88' lang='lat' dir='ltr'><strong>honesto</strong></span> <span class='ocrx_word' id='word_1_149' title='bbox 1052 1723 1217 1778; x_wconf 88' lang='lat' dir='ltr'><strong>maneant.</strong></span> 
     </span>
    </p>

    <p class='ocr_par' dir='ltr' id='par_1_3' title="bbox 159 1813 1378 2604">
     <span class='ocr_line' id='line_1_19' title="bbox 235 1813 1377 1904; baseline 0 -34"><span class='ocrx_word' id='word_1_150' title='bbox 235 1823 260 1876; x_wconf 85' lang='lat'><strong>1.</strong></span> <span class='ocrx_word' id='word_1_151' title='bbox 280 1813 541 1904; x_wconf 35' lang='lat' dir='ltr'><strong>{laesuris-literis.-</strong></span> <span class='ocrx_word' id='word_1_152' title='bbox 558 1813 634 1882; x_wconf 83' lang='lat' dir='ltr'><strong>„llis</strong></span> <span class='ocrx_word' id='word_1_153' title='bbox 648 1814 725 1868; x_wconf 85' lang='lat' dir='ltr'><strong>nihil</strong></span> <span class='ocrx_word' id='word_1_154' title='bbox 736 1813 921 1901; x_wconf 72' lang='lat' dir='ltr'><strong>prudentius,</strong></span> <span class='ocrx_word' id='word_1_155' title='bbox 938 1814 1018 1870; x_wconf 84' lang='lat' dir='ltr'><strong>nilsil</strong></span> <span class='ocrx_word' id='word_1_156' title='bbox 1034 1817 1157 1870; x_wconf 83' lang='lat' dir='ltr'><strong>acutius.</strong></span> <span class='ocrx_word' id='word_1_157' title='bbox 1190 1815 1228 1870; x_wconf 93' lang='lat' dir='ltr'><strong>ln</strong></span> <span class='ocrx_word' id='word_1_158' title='bbox 1246 1815 1309 1870; x_wconf 91' lang='lat' dir='ltr'><strong>illis</strong></span> <span class='ocrx_word' id='word_1_159' title='bbox 1322 1822 1377 1870; x_wconf 90' lang='lat' dir='ltr'><strong>tots</strong></span> 
     </span>
     <span class='ocr_line' id='line_1_20' title="bbox 161 1885 1378 2034; baseline -0.012 -18"><span class='ocrx_word' id='word_1_160' title='bbox 161 1885 1378 2034; x_wconf 60' lang='lat' dir='ltr'><strong>t.t{3:¹.;?.l;ttt.?ftttttlitt:,btt..’..⁰tt⁰.¹.t¹1³att¹¹.t”.ti</strong></span> 
     </span>
     <span class='ocr_line' id='line_1_21' title="bbox 161 2029 1376 2108; baseline -0.006 -18"><span class='ocrx_word' id='word_1_161' title='bbox 161 2035 292 2090; x_wconf 87' lang='lat' dir='ltr'><strong>atimasse</strong></span> <span class='ocrx_word' id='word_1_162' title='bbox 309 2031 411 2084; x_wconf 85' lang='lat' dir='ltr'><strong>luxum</strong></span> <span class='ocrx_word' id='word_1_163' title='bbox 429 2031 461 2084; x_wconf 87' lang='lat' dir='ltr'><strong>iu</strong></span> <span class='ocrx_word' id='word_1_164' title='bbox 479 2033 580 2108; x_wconf 79' lang='lat' dir='ltr'><strong>regnis</strong></span> <span class='ocrx_word' id='word_1_165' title='bbox 591 2047 652 2086; x_wconf 85' lang='lat' dir='ltr'><strong>esse</strong></span> <span class='ocrx_word' id='word_1_166' title='bbox 670 2031 881 2098; x_wconf 69' lang='lat' dir='ltr'><strong>necessarium</strong></span> <span class='ocrx_word' id='word_1_167' title='bbox 899 2029 987 2082; x_wconf 88' lang='lat' dir='ltr'><strong>illum</strong></span> <span class='ocrx_word' id='word_1_168' title='bbox 997 2031 1028 2084; x_wconf 91' lang='lat' dir='ltr'><strong>in</strong></span> <span class='ocrx_word' id='word_1_169' title='bbox 1038 2030 1086 2084; x_wconf 86' lang='lat' dir='ltr'><strong>his</strong></span> <span class='ocrx_word' id='word_1_170' title='bbox 1096 2031 1191 2086; x_wconf 89' lang='lat' dir='ltr'><strong>literis</strong></span> <span class='ocrx_word' id='word_1_171' title='bbox 1200 2031 1376 2102; x_wconf 78' lang='lat' dir='ltr'><strong>approbasse.</strong></span> 
     </span>
     <span class='ocr_line' id='line_1_22' title="bbox 161 2099 1376 2180; baseline -0.007 -18"><span class='ocrx_word' id='word_1_172' title='bbox 161 2106 233 2162; x_wconf 90' lang='lat' dir='ltr'><strong>lnde</strong></span> <span class='ocrx_word' id='word_1_173' title='bbox 251 2103 375 2159; x_wconf 84' lang='lat' dir='ltr'><strong>adstruit</strong></span> <span class='ocrx_word' id='word_1_174' title='bbox 392 2103 479 2156; x_wconf 84' lang='lat' dir='ltr'><strong>luxus</strong></span> <span class='ocrx_word' id='word_1_175' title='bbox 491 2104 691 2157; x_wconf 86' lang='lat' dir='ltr'><strong>necessitatem</strong></span> <span class='ocrx_word' id='word_1_176' title='bbox 708 2103 739 2156; x_wconf 91' lang='lat' dir='ltr'><strong>in</strong></span> <span class='ocrx_word' id='word_1_177' title='bbox 755 2103 870 2180; x_wconf 67' lang='lat' dir='ltr'><strong>raguisa</strong></span> <span class='ocrx_word' id='word_1_178' title='bbox 888 2099 985 2156; x_wconf 90' lang='lat' dir='ltr'><strong>nullas</strong></span> <span class='ocrx_word' id='word_1_179' title='bbox 1004 2104 1035 2156; x_wconf 93' lang='lat' dir='ltr'><strong>in</strong></span> <span class='ocrx_word' id='word_1_180' title='bbox 1053 2103 1090 2156; x_wconf 88' lang='lat' dir='ltr'><strong>iis</strong></span> <span class='ocrx_word' id='word_1_181' title='bbox 1108 2103 1212 2158; x_wconf 85' lang='lat' dir='ltr'><strong>debere</strong></span> <span class='ocrx_word' id='word_1_182' title='bbox 1227 2120 1290 2158; x_wconf 87' lang='lat' dir='ltr'><strong>esse</strong></span> <span class='ocrx_word' id='word_1_183' title='bbox 1303 2103 1376 2178; x_wconf 79' lang='lat' dir='ltr'><strong>leges</strong></span> 
     </span>
     <span class='ocr_line' id='line_1_23' title="bbox 161 2173 1376 2252; baseline -0.007 -18"><span class='ocrx_word' id='word_1_184' title='bbox 161 2177 368 2250; x_wconf 72' lang='lat' dir='ltr'><strong>sumptuariam</strong></span> <span class='ocrx_word' id='word_1_185' title='bbox 388 2181 417 2230; x_wconf 87' lang='lat' dir='ltr'><strong>et</strong></span> <span class='ocrx_word' id='word_1_186' title='bbox 432 2174 590 2241; x_wconf 85' lang='lat' dir='ltr'><strong>concludit,</strong></span> <span class='ocrx_word' id='word_1_187' title='bbox 610 2191 656 2229; x_wconf 90' lang='lat' dir='ltr'><strong>res</strong></span> <span class='ocrx_word' id='word_1_188' title='bbox 668 2173 893 2246; x_wconf 64' lang='lat' dir='ltr'><strong>publicanum,</strong></span> <span class='ocrx_word' id='word_1_189' title='bbox 911 2192 945 2228; x_wconf 91' lang='lat' dir='ltr'><strong>re</strong></span> <span class='ocrx_word' id='word_1_190' title='bbox 987 2181 1142 2252; x_wconf 79' lang='lat' dir='ltr'><strong>aegestate</strong></span> <span class='ocrx_word' id='word_1_191' title='bbox 1175 2173 1283 2229; x_wconf 85' lang='lat' dir='ltr'><strong>erire.“</strong></span> <span class='ocrx_word' id='word_1_192' title='bbox 1299 2174 1376 2228; x_wconf 87' lang='lat' dir='ltr'><strong>Brot.</strong></span> 
     </span>
     <span class='ocr_line' id='line_1_24' title="bbox 160 2191 1376 2318; baseline -0.004 -16"><span class='ocrx_word' id='word_1_193' title='bbox 160 2283 195 2294; x_wconf 91' lang='lat'><em>-</em></span> <span class='ocrx_word' id='word_1_194' title='bbox 214 2248 359 2304; x_wconf 79' lang='lat' dir='ltr'><strong>aedilibus</strong></span> <span class='ocrx_word' id='word_1_195' title='bbox 376 2245 447 2300; x_wconf 78' lang='lat' dir='ltr'><strong>tolia</strong></span> <span class='ocrx_word' id='word_1_196' title='bbox 464 2247 681 2313; x_wconf 73' lang='lat' dir='ltr'><strong>rurorema’aso,</strong></span> <span class='ocrx_word' id='word_1_197' title='bbox 707 2245 756 2300; x_wconf 83' lang='lat' dir='ltr'><strong>vel</strong></span> <span class='ocrx_word' id='word_1_198' title='bbox 773 2247 925 2318; x_wconf 87' lang='lat' dir='ltr'><strong>permissa,</strong></span> <span class='ocrx_word' id='word_1_199' title='bbox 946 2191 1045 2302; x_wconf 51' lang='lat' dir='ltr'><strong>dim</strong></span> <span class='ocrx_word' id='word_1_200' title='bbox 1066 2191 1309 2312; x_wconf 69' lang='lat' dir='ltr'><strong>iiberlasaeu,</strong></span> <span class='ocrx_word' id='word_1_201' title='bbox 1334 2245 1376 2298; x_wconf 81' lang='lat' dir='ltr'><strong>rel</strong></span> 
     </span>
     <span class='ocr_line' id='line_1_25' title="bbox 160 2317 1377 2394; baseline -0.007 -18"><span class='ocrx_word' id='word_1_202' title='bbox 160 2321 196 2376; x_wconf 89' lang='lat' dir='ltr'><strong>ad</strong></span> <span class='ocrx_word' id='word_1_203' title='bbox 214 2335 262 2376; x_wconf 88' lang='lat' dir='ltr'><strong>eos</strong></span> <span class='ocrx_word' id='word_1_204' title='bbox 279 2321 423 2374; x_wconf 87' lang='lat' dir='ltr'><strong>reiectas</strong></span> <span class='ocrx_word' id='word_1_205' title='bbox 440 2317 577 2390; x_wconf 85' lang='lat' dir='ltr'><strong>Principe</strong></span> <span class='ocrx_word' id='word_1_206' title='bbox 597 2325 626 2372; x_wconf 87' lang='lat' dir='ltr'><strong>et</strong></span> <span class='ocrx_word' id='word_1_207' title='bbox 644 2326 752 2384; x_wconf 85' lang='lat' dir='ltr'><strong>senatu,</strong></span> <span class='ocrx_word' id='word_1_208' title='bbox 770 2317 819 2370; x_wconf 81' lang='lat' dir='ltr'><strong>vel</strong></span> <span class='ocrx_word' id='word_1_209' title='bbox 839 2317 1002 2384; x_wconf 86' lang='lat' dir='ltr'><strong>imminuta,</strong></span> <span class='ocrx_word' id='word_1_210' title='bbox 1030 2317 1081 2372; x_wconf 82' lang='lat' dir='ltr'><strong>rel</strong></span> <span class='ocrx_word' id='word_1_211' title='bbox 1099 2317 1272 2384; x_wconf 80' lang='lat' dir='ltr'><strong>condonata,</strong></span> <span class='ocrx_word' id='word_1_212' title='bbox 1290 2319 1377 2394; x_wconf 78' lang='lat' dir='ltr'><strong>gratia</strong></span> 
     </span>
     <span class='ocr_line' id='line_1_26' title="bbox 159 2387 1376 2460; baseline -0.007 -12"><span class='ocrx_word' id='word_1_213' title='bbox 159 2393 222 2448; x_wconf 87' lang='lat' dir='ltr'><strong>eius</strong></span> <span class='ocrx_word' id='word_1_214' title='bbox 237 2395 324 2459; x_wconf 81' lang='lat' dir='ltr'><strong>tacta,</strong></span> <span class='ocrx_word' id='word_1_215' title='bbox 343 2391 443 2446; x_wconf 83' lang='lat' dir='ltr'><strong>Germ.</strong></span> <span class='ocrx_word' id='word_1_216' title='bbox 463 2389 646 2455; x_wconf 87' lang='lat' dir='ltr'><strong>erlasaen‚</strong></span> <span class='ocrx_word' id='word_1_217' title='bbox 665 2387 878 2444; x_wconf 86' lang='lat' dir='ltr'><strong>tiberhaben.</strong></span> <span class='ocrx_word' id='word_1_218' title='bbox 905 2389 1050 2444; x_wconf 81' lang='lat' dir='ltr'><strong>Posterius</strong></span> <span class='ocrx_word' id='word_1_219' title='bbox 1065 2389 1292 2458; x_wconf 79' lang='lat' dir='ltr'><strong>praeterendum</strong></span> <span class='ocrx_word' id='word_1_220' title='bbox 1301 2395 1376 2460; x_wconf 87' lang='lat' dir='ltr'><strong>putat</strong></span> 
     </span>
     <span class='ocr_line' id='line_1_27' title="bbox 159 2459 1376 2546; baseline -0.007 -25"><span class='ocrx_word' id='word_1_221' title='bbox 159 2463 275 2521; x_wconf 77' lang='lat' dir='ltr'><strong>walth.</strong></span> <span class='ocrx_word' id='word_1_222' title='bbox 294 2479 388 2534; x_wconf 86' lang='lat' dir='ltr'><strong>neque</strong></span> <span class='ocrx_word' id='word_1_223' title='bbox 404 2468 503 2516; x_wconf 83' lang='lat' dir='ltr'><strong>tasnen</strong></span> <span class='ocrx_word' id='word_1_224' title='bbox 521 2461 557 2514; x_wconf 91' lang='lat' dir='ltr'><strong>ad</strong></span> <span class='ocrx_word' id='word_1_225' title='bbox 575 2477 692 2515; x_wconf 91' lang='lat' dir='ltr'><strong>omnem</strong></span> <span class='ocrx_word' id='word_1_226' title='bbox 710 2477 810 2516; x_wconf 83' lang='lat' dir='ltr'><strong>curam</strong></span> <span class='ocrx_word' id='word_1_227' title='bbox 828 2459 991 2515; x_wconf 88' lang='lat' dir='ltr'><strong>aediliciam</strong></span> <span class='ocrx_word' id='word_1_228' title='bbox 1010 2461 1089 2514; x_wconf 91' lang='lat' dir='ltr'><strong>circa</strong></span> <span class='ocrx_word' id='word_1_229' title='bbox 1114 2460 1212 2546; x_wconf 64' lang='lat' dir='ltr'><strong>legem</strong></span> <span class='ocrx_word' id='word_1_230' title='bbox 1239 2468 1376 2532; x_wconf 86' lang='lat' dir='ltr'><strong>sumptus·</strong></span> 
     </span>
     <span class='ocr_line' id='line_1_28' title="bbox 159 2529 1376 2604; baseline -0.005 -14"><span class='ocrx_word' id='word_1_231' title='bbox 159 2537 235 2590; x_wconf 86' lang='lat' dir='ltr'><strong>riam</strong></span> <span class='ocrx_word' id='word_1_232' title='bbox 253 2542 283 2590; x_wconf 85' lang='lat' dir='ltr'><strong>et</strong></span> <span class='ocrx_word' id='word_1_233' title='bbox 300 2535 337 2589; x_wconf 86' lang='lat' dir='ltr'><strong>ad</strong></span> <span class='ocrx_word' id='word_1_234' title='bbox 354 2549 440 2589; x_wconf 86' lang='lat' dir='ltr'><strong>omna</strong></span> <span class='ocrx_word' id='word_1_235' title='bbox 457 2539 572 2604; x_wconf 85' lang='lat' dir='ltr'><strong>tempus</strong></span> <span class='ocrx_word' id='word_1_236' title='bbox 590 2532 786 2598; x_wconf 85' lang='lat' dir='ltr'><strong>referendum,</strong></span> <span class='ocrx_word' id='word_1_237' title='bbox 802 2530 862 2586; x_wconf 75' lang='lat' dir='ltr'><strong>aed</strong></span> <span class='ocrx_word' id='word_1_238' title='bbox 879 2531 973 2586; x_wconf 81' lang='lat' dir='ltr'><strong>levius</strong></span> <span class='ocrx_word' id='word_1_239' title='bbox 993 2539 1023 2586; x_wconf 89' lang='lat' dir='ltr'><strong>et</strong></span> <span class='ocrx_word' id='word_1_240' title='bbox 1040 2529 1196 2586; x_wconf 76' lang='lat' dir='ltr'><strong>modestius</strong></span> <span class='ocrx_word' id='word_1_241' title='bbox 1205 2531 1376 2586; x_wconf 85' lang='lat' dir='ltr'><strong>bocdiotum</strong></span> 
     </span>
    </p>
   </div>
   <div class='ocr_carea' id='block_1_3' title="bbox 158 2601 1376 2744">
    <p class='ocr_par' dir='ltr' id='par_1_4' title="bbox 158 2601 1376 2744">
     <span class='ocr_line' id='line_1_29' title="bbox 158 2601 1376 2680; baseline -0.005 -20"><span class='ocrx_word' id='word_1_242' title='bbox 158 2621 232 2680; x_wconf 84' lang='lat' dir='ltr'><strong>pro:</strong></span> <span class='ocrx_word' id='word_1_243' title='bbox 252 2607 309 2660; x_wconf 85' lang='lat' dir='ltr'><strong>tuls&#39;</strong></span> <span class='ocrx_word' id='word_1_244' title='bbox 325 2621 394 2660; x_wconf 80' lang='lat' dir='ltr'><strong>curo</strong></span> <span class='ocrx_word' id='word_1_245' title='bbox 412 2619 471 2658; x_wconf 87' lang='lat' dir='ltr'><strong>non</strong></span> <span class='ocrx_word' id='word_1_246' title='bbox 499 2621 559 2658; x_wconf 86' lang='lat' dir='ltr'><strong>esse</strong></span> <span class='ocrx_word' id='word_1_247' title='bbox 584 2620 656 2676; x_wconf 89' lang='lat' dir='ltr'><strong>opus</strong></span> <span class='ocrx_word' id='word_1_248' title='bbox 678 2621 715 2658; x_wconf 87' lang='lat' dir='ltr'><strong>ne</strong></span> <span class='ocrx_word' id='word_1_249' title='bbox 757 2621 773 2658; x_wconf 88' lang='lat' dir='ltr'><strong>e</strong></span> <span class='ocrx_word' id='word_1_250' title='bbox 795 2602 920 2674; x_wconf 87' lang='lat' dir='ltr'><strong>amplius</strong></span> <span class='ocrx_word' id='word_1_251' title='bbox 943 2603 1130 2658; x_wconf 82' lang='lat' dir='ltr'><strong>referendum</strong></span> <span class='ocrx_word' id='word_1_252' title='bbox 1153 2603 1190 2658; x_wconf 91' lang='lat' dir='ltr'><strong>de</strong></span> <span class='ocrx_word' id='word_1_253' title='bbox 1216 2603 1272 2658; x_wconf 91' lang='lat' dir='ltr'><strong>illa</strong></span> <span class='ocrx_word' id='word_1_254' title='bbox 1297 2601 1376 2657; x_wconf 88' lang='lat' dir='ltr'><strong>read</strong></span> 
     </span>
     <span class='ocr_line' id='line_1_30' title="bbox 159 2675 1376 2744; baseline -0.007 -11"><span class='ocrx_word' id='word_1_255' title='bbox 159 2683 300 2735; x_wconf 85' lang='lat' dir='ltr'><strong>senatum.</strong></span> <span class='ocrx_word' id='word_1_256' title='bbox 319 2677 364 2730; x_wconf 79' lang='lat' dir='ltr'><strong>Gi.</strong></span> <span class='ocrx_word' id='word_1_257' title='bbox 383 2675 420 2730; x_wconf 88' lang='lat' dir='ltr'><strong>ad</strong></span> <span class='ocrx_word' id='word_1_258' title='bbox 440 2681 465 2742; x_wconf 93' lang='grc'><strong>1,</strong></span> <span class='ocrx_word' id='word_1_259' title='bbox 484 2677 511 2740; x_wconf 81' lang='grc' dir='ltr'><strong>Β,</strong></span> <span class='ocrx_word' id='word_1_260' title='bbox 530 2678 555 2731; x_wconf 85' lang='lat' dir='ltr'><strong>e.</strong></span> <span class='ocrx_word' id='word_1_261' title='bbox 575 2685 604 2730; x_wconf 90' lang='lat' dir='ltr'><strong>et</strong></span> <span class='ocrx_word' id='word_1_262' title='bbox 623 2675 701 2731; x_wconf 88' lang='lat' dir='ltr'><strong>Suet.</strong></span> <span class='ocrx_word' id='word_1_263' title='bbox 747 2675 785 2731; x_wconf 89' lang='lat' dir='ltr'><strong>ib.</strong></span> <span class='ocrx_word' id='word_1_264' title='bbox 805 2677 847 2732; x_wconf 78' lang='lat'><strong>34.</strong></span> <span class='ocrx_word' id='word_1_265' title='bbox 874 2691 961 2744; x_wconf 90' lang='lat' dir='ltr'><strong>quem</strong></span> <span class='ocrx_word' id='word_1_266' title='bbox 985 2675 1083 2728; x_wconf 88' lang='lat' dir='ltr'><strong>locum</strong></span> <span class='ocrx_word' id='word_1_267' title='bbox 1106 2691 1174 2728; x_wconf 84' lang='lat' dir='ltr'><strong>cum</strong></span> <span class='ocrx_word' id='word_1_268' title='bbox 1196 2683 1299 2730; x_wconf 86' lang='lat' dir='ltr'><strong>nostro</strong></span> <span class='ocrx_word' id='word_1_269' title='bbox 1324 2689 1376 2726; x_wconf 89' lang='lat' dir='ltr'><strong>ncn</strong></span> 
     </span>
    </p>
   </div>
   <div class='ocr_carea' id='block_1_4' title="bbox 159 2744 1376 2871">
    <p class='ocr_par' dir='ltr' id='par_1_5' title="bbox 159 2744 1376 2871">
     <span class='ocr_line' id='line_1_31' title="bbox 159 2744 1376 2871; baseline -0.003 -67"><span class='ocrx_word' id='word_1_270' title='bbox 159 2767 213 2804; x_wconf 92' lang='lat' dir='ltr'><strong>con</strong></span> <span class='ocrx_word' id='word_1_271' title='bbox 274 2763 323 2804; x_wconf 85' lang='lat' dir='ltr'><strong>ere</strong></span> <span class='ocrx_word' id='word_1_272' title='bbox 341 2746 476 2802; x_wconf 84' lang='lat' dir='ltr'><strong>censebat</strong></span> <span class='ocrx_word' id='word_1_273' title='bbox 494 2746 685 2815; x_wconf 83' lang='lat' dir='ltr'><strong>Gasaubonus,</strong></span> <span class='ocrx_word' id='word_1_274' title='bbox 704 2755 733 2800; x_wconf 90' lang='lat' dir='ltr'><strong>et</strong></span> <span class='ocrx_word' id='word_1_275' title='bbox 751 2745 916 2871; x_wconf 81' lang='lat' dir='ltr'><strong>adprimus</strong></span> <span class='ocrx_word' id='word_1_276' title='bbox 934 2747 1053 2818; x_wconf 85' lang='lat' dir='ltr'><strong>imperii</strong></span> <span class='ocrx_word' id='word_1_277' title='bbox 1066 2744 1216 2800; x_wconf 82' lang='lat' dir='ltr'><strong>Tiberiani</strong></span> <span class='ocrx_word' id='word_1_278' title='bbox 1227 2762 1318 2800; x_wconf 81' lang='lat' dir='ltr'><strong>annos</strong></span> <span class='ocrx_word' id='word_1_279' title='bbox 1335 2761 1376 2799; x_wconf 86' lang='lat' dir='ltr'><strong>re·</strong></span> 
     </span>
    </p>
   </div>
   <div class='ocr_carea' id='block_1_5' title="bbox 156 2805 1376 4397">
    <p class='ocr_par' dir='ltr' id='par_1_6' title="bbox 156 2805 1376 4032">
     <span class='ocr_line' id='line_1_32' title="bbox 157 2805 801 2890; baseline -0.006 -14"><span class='ocrx_word' id='word_1_280' title='bbox 157 2823 221 2877; x_wconf 79' lang='lat' dir='ltr'><strong>fare</strong></span> <span class='ocrx_word' id='word_1_281' title='bbox 240 2827 268 2874; x_wconf 87' lang='lat' dir='ltr'><strong>at</strong></span> <span class='ocrx_word' id='word_1_282' title='bbox 285 2805 377 2874; x_wconf 62' lang='lat' dir='ltr'><strong>Eros.=</strong></span> <span class='ocrx_word' id='word_1_283' title='bbox 394 2819 539 2872; x_wconf 87' lang='lat' dir='ltr'><strong>Neutrum</strong></span> <span class='ocrx_word' id='word_1_284' title='bbox 556 2818 674 2873; x_wconf 80' lang='lat' dir='ltr'><strong>ridetur</strong></span> <span class='ocrx_word' id='word_1_285' title='bbox 690 2817 801 2890; x_wconf 85' lang='lat' dir='ltr'><strong>proban</strong></span> 
     </span>
     <span class='ocr_line' id='line_1_33' title="bbox 158 2885 1375 2963; baseline -0.008 -15"><span class='ocrx_word' id='word_1_286' title='bbox 158 2895 242 2950; x_wconf 75' lang='lat' dir='ltr'><strong>Brut.</strong></span> <span class='ocrx_word' id='word_1_287' title='bbox 262 2885 365 2958; x_wconf 65' lang='lat' dir='ltr'><strong>‚lTots&#39;s</strong></span> <span class='ocrx_word' id='word_1_288' title='bbox 382 2905 451 2946; x_wconf 81' lang='lat' dir='ltr'><strong>curo</strong></span> <span class='ocrx_word' id='word_1_289' title='bbox 468 2889 590 2943; x_wconf 80' lang='lat' dir='ltr'><strong>remisso</strong></span> <span class='ocrx_word' id='word_1_290' title='bbox 608 2891 657 2945; x_wconf 83' lang='lat' dir='ltr'><strong>rel</strong></span> <span class='ocrx_word' id='word_1_291' title='bbox 673 2892 816 2963; x_wconf 87' lang='lat' dir='ltr'><strong>permissa</strong></span> <span class='ocrx_word' id='word_1_292' title='bbox 838 2896 882 2944; x_wconf 87' lang='lat' dir='ltr'><strong>est</strong></span> <span class='ocrx_word' id='word_1_293' title='bbox 906 2889 1056 2958; x_wconf 78' lang='lat' dir='ltr'><strong>aedilibus,</strong></span> <span class='ocrx_word' id='word_1_294' title='bbox 1081 2905 1319 2960; x_wconf 86' lang='lat' dir='ltr'><strong>concessumque,</strong></span> <span class='ocrx_word' id='word_1_295' title='bbox 1344 2895 1375 2939; x_wconf 90' lang='lat' dir='ltr'><strong>ut</strong></span> 
     </span>
     <span class='ocr_line' id='line_1_34' title="bbox 157 2957 1375 3039; baseline -0.007 -19"><span class='ocrx_word' id='word_1_296' title='bbox 157 2963 307 3022; x_wconf 78' lang='lat' dir='ltr'><strong>veteribus</strong></span> <span class='ocrx_word' id='word_1_297' title='bbox 324 2970 478 3018; x_wconf 87' lang='lat' dir='ltr'><strong>uterentur</strong></span> <span class='ocrx_word' id='word_1_298' title='bbox 496 2961 619 3039; x_wconf 77' lang='lat' dir='ltr'><strong>legibus,</strong></span> <span class='ocrx_word' id='word_1_299' title='bbox 637 2965 657 3019; x_wconf 92' lang='lat' dir='ltr'><strong>i.</strong></span> <span class='ocrx_word' id='word_1_300' title='bbox 670 2981 694 3017; x_wconf 91' lang='lat' dir='ltr'><strong>e.</strong></span> <span class='ocrx_word' id='word_1_301' title='bbox 713 2961 852 3016; x_wconf 79' lang='lat' dir='ltr'><strong>divitibus</strong></span> <span class='ocrx_word' id='word_1_302' title='bbox 930 2961 1049 3016; x_wconf 88' lang='lat' dir='ltr'><strong>eonibus</strong></span> <span class='ocrx_word' id='word_1_303' title='bbox 1072 2969 1238 3033; x_wconf 74' lang='lat' dir='ltr'><strong>pascerent,</strong></span> <span class='ocrx_word' id='word_1_304' title='bbox 1262 2963 1295 3014; x_wconf 90' lang='lat' dir='ltr'><strong>in</strong></span> <span class='ocrx_word' id='word_1_305' title='bbox 1317 2957 1375 3032; x_wconf 89' lang='lat' dir='ltr'><strong>ple·</strong></span> 
     </span>
     <span class='ocr_line' id='line_1_35' title="bbox 157 3031 1374 3108; baseline -0.006 -17"><span class='ocrx_word' id='word_1_306' title='bbox 157 3037 224 3092; x_wconf 88' lang='lat' dir='ltr'><strong>bem</strong></span> <span class='ocrx_word' id='word_1_307' title='bbox 242 3035 396 3108; x_wconf 88' lang='lat' dir='ltr'><strong>aliquando</strong></span> <span class='ocrx_word' id='word_1_308' title='bbox 416 3035 577 3088; x_wconf 73' lang='lat' dir='ltr'><strong>saevirents</strong></span> <span class='ocrx_word' id='word_1_309' title='bbox 607 3033 685 3105; x_wconf 91' lang='lat' dir='ltr'><strong>quod</strong></span> <span class='ocrx_word' id='word_1_310' title='bbox 711 3041 791 3104; x_wconf 88' lang='lat' dir='ltr'><strong>patet</strong></span> <span class='ocrx_word' id='word_1_311' title='bbox 815 3051 852 3088; x_wconf 82' lang='lat' dir='ltr'><strong>ex</strong></span> <span class='ocrx_word' id='word_1_312' title='bbox 896 3041 954 3090; x_wconf 75' lang='lat' dir='ltr'><strong>not.</strong></span> <span class='ocrx_word' id='word_1_313' title='bbox 982 3032 1046 3087; x_wconf 83' lang='lat' dir='ltr'><strong>Tib.</strong></span> <span class='ocrx_word' id='word_1_314' title='bbox 1065 3035 1110 3090; x_wconf 75' lang='grc'><strong>34.</strong></span> <span class='ocrx_word' id='word_1_315' title='bbox 1149 3031 1246 3099; x_wconf 82' lang='lat' dir='ltr'><strong>Quum</strong></span> <span class='ocrx_word' id='word_1_316' title='bbox 1262 3033 1374 3103; x_wconf 75' lang='lat' dir='ltr'><strong>Equites</strong></span> 
     </span>
     <span class='ocr_line' id='line_1_36' title="bbox 158 3104 1376 3181; baseline -0.008 -17"><span class='ocrx_word' id='word_1_317' title='bbox 158 3109 296 3164; x_wconf 84' lang='lat' dir='ltr'><strong>acerrimi</strong></span> <span class='ocrx_word' id='word_1_318' title='bbox 313 3113 408 3164; x_wconf 86' lang='lat' dir='ltr'><strong>essent</strong></span> <span class='ocrx_word' id='word_1_319' title='bbox 425 3104 558 3159; x_wconf 84' lang='lat' dir='ltr'><strong>luxuriae</strong></span> <span class='ocrx_word' id='word_1_320' title='bbox 575 3107 725 3160; x_wconf 84' lang='lat' dir='ltr'><strong>institores</strong></span> <span class='ocrx_word' id='word_1_321' title='bbox 744 3113 774 3160; x_wconf 87' lang='lat' dir='ltr'><strong>et</strong></span> <span class='ocrx_word' id='word_1_322' title='bbox 790 3105 933 3181; x_wconf 76' lang='lat' dir='ltr'><strong>dignitate</strong></span> <span class='ocrx_word' id='word_1_323' title='bbox 957 3123 1007 3160; x_wconf 88' lang='lat' dir='ltr'><strong>sua</strong></span> <span class='ocrx_word' id='word_1_324' title='bbox 1031 3105 1270 3172; x_wconf 76' lang='lat' dir='ltr'><strong>defenderentur,</strong></span> <span class='ocrx_word' id='word_1_325' title='bbox 1296 3119 1376 3175; x_wconf 89' lang='lat' dir='ltr'><strong>eque·</strong></span> 
     </span>
     <span class='ocr_line' id='line_1_37' title="bbox 159 3172 1376 3254; baseline -0.008 -20"><span class='ocrx_word' id='word_1_326' title='bbox 159 3187 250 3235; x_wconf 86' lang='lat' dir='ltr'><strong>stram</strong></span> <span class='ocrx_word' id='word_1_327' title='bbox 278 3179 411 3234; x_wconf 86' lang='lat' dir='ltr'><strong>ordinem</strong></span> <span class='ocrx_word' id='word_1_328' title='bbox 436 3179 468 3230; x_wconf 89' lang='lat' dir='ltr'><strong>in</strong></span> <span class='ocrx_word' id='word_1_329' title='bbox 493 3179 651 3232; x_wconf 85' lang='lat' dir='ltr'><strong>arctiorem</strong></span> <span class='ocrx_word' id='word_1_330' title='bbox 677 3179 804 3231; x_wconf 80' lang='lat' dir='ltr'><strong>formam</strong></span> <span class='ocrx_word' id='word_1_331' title='bbox 828 3177 946 3254; x_wconf 80' lang='lat' dir='ltr'><strong>redegit</strong></span> <span class='ocrx_word' id='word_1_332' title='bbox 969 3175 1113 3242; x_wconf 87' lang='lat' dir='ltr'><strong>Tiberius,</strong></span> <span class='ocrx_word' id='word_1_333' title='bbox 1140 3185 1174 3229; x_wconf 89' lang='lat' dir='ltr'><strong>ut</strong></span> <span class='ocrx_word' id='word_1_334' title='bbox 1191 3172 1292 3230; x_wconf 85' lang='lat' dir='ltr'><strong>minor</strong></span> <span class='ocrx_word' id='word_1_335' title='bbox 1307 3179 1376 3228; x_wconf 87' lang='lat' dir='ltr'><strong>esset</strong></span> 
     </span>
     <span class='ocr_line' id='line_1_38' title="bbox 159 3245 1374 3336; baseline -0.005 -31"><span class='ocrx_word' id='word_1_336' title='bbox 159 3247 288 3307; x_wconf 80' lang='lat' dir='ltr'><strong>licentia.</strong></span> <span class='ocrx_word' id='word_1_337' title='bbox 326 3249 361 3304; x_wconf 94' lang='lat' dir='ltr'><strong>ld</strong></span> <span class='ocrx_word' id='word_1_338' title='bbox 383 3249 508 3336; x_wconf 70' lang='lat' dir='ltr'><strong>contigit</strong></span> <span class='ocrx_word' id='word_1_339' title='bbox 533 3256 609 3304; x_wconf 88' lang='lat' dir='ltr'><strong>teste</strong></span> <span class='ocrx_word' id='word_1_340' title='bbox 634 3248 729 3302; x_wconf 84' lang='lat' dir='ltr'><strong>Plinio</strong></span> <span class='ocrx_word' id='word_1_341' title='bbox 754 3251 798 3314; x_wconf 83' lang='grc'><strong>33,</strong></span> <span class='ocrx_word' id='word_1_342' title='bbox 816 3251 843 3305; x_wconf 77' lang='grc'><strong>3.</strong></span> <span class='ocrx_word' id='word_1_343' title='bbox 872 3263 949 3304; x_wconf 88' lang='lat' dir='ltr'><strong>anno</strong></span> <span class='ocrx_word' id='word_1_344' title='bbox 975 3267 1035 3320; x_wconf 85' lang='lat' dir='ltr'><strong>seq.</strong></span> <span class='ocrx_word' id='word_1_345' title='bbox 1061 3257 1091 3302; x_wconf 89' lang='lat' dir='ltr'><strong>ct</strong></span> <span class='ocrx_word' id='word_1_346' title='bbox 1115 3249 1220 3314; x_wconf 89' lang='lat' dir='ltr'><strong>miror,</strong></span> <span class='ocrx_word' id='word_1_347' title='bbox 1248 3245 1374 3300; x_wconf 81' lang='lat' dir='ltr'><strong>Tacitum</strong></span> 
     </span>
     <span class='ocr_line' id='line_1_39' title="bbox 158 3315 1373 3398; baseline -0.009 -20"><span class='ocrx_word' id='word_1_348' title='bbox 158 3339 222 3378; x_wconf 68' lang='lat' dir='ltr'><strong>mm</strong></span> <span class='ocrx_word' id='word_1_349' title='bbox 238 3323 309 3377; x_wconf 90' lang='lat' dir='ltr'><strong>adeo</strong></span> <span class='ocrx_word' id='word_1_350' title='bbox 328 3339 448 3398; x_wconf 77' lang='lat' dir='ltr'><strong>gravem</strong></span> <span class='ocrx_word' id='word_1_351' title='bbox 466 3337 498 3374; x_wconf 88' lang='lat' dir='ltr'><strong>sn</strong></span> <span class='ocrx_word' id='word_1_352' title='bbox 515 3320 674 3374; x_wconf 80' lang='lat' dir='ltr'><strong>Annalibus</strong></span> <span class='ocrx_word' id='word_1_353' title='bbox 692 3321 752 3374; x_wconf 86' lang='lat' dir='ltr'><strong>suis</strong></span> <span class='ocrx_word' id='word_1_354' title='bbox 770 3319 913 3378; x_wconf 81' lang='lat' dir='ltr'><strong>siluisse.“</strong></span> <span class='ocrx_word' id='word_1_355' title='bbox 940 3353 974 3364; x_wconf 90' lang='lat'><strong>--</strong></span> <span class='ocrx_word' id='word_1_356' title='bbox 1002 3321 1042 3373; x_wconf 86' lang='lat' dir='ltr'><strong>od</strong></span> <span class='ocrx_word' id='word_1_357' title='bbox 1058 3335 1093 3373; x_wconf 83' lang='lat' dir='ltr'><strong>eo</strong></span> <span class='ocrx_word' id='word_1_358' title='bbox 1111 3335 1203 3386; x_wconf 74' lang='lat' dir='ltr'><strong>omo,</strong></span> <span class='ocrx_word' id='word_1_359' title='bbox 1223 3318 1309 3384; x_wconf 82' lang='lat' dir='ltr'><strong>bella,</strong></span> <span class='ocrx_word' id='word_1_360' title='bbox 1334 3315 1373 3381; x_wconf 92' lang='lat'><strong>(.</strong></span> 
     </span>
     <span class='ocr_line' id='line_1_40' title="bbox 158 3389 1375 3464; baseline -0.005 -16"><span class='ocrx_word' id='word_1_361' title='bbox 158 3393 223 3452; x_wconf 83' lang='lat' dir='ltr'><strong>lud</strong></span> <span class='ocrx_word' id='word_1_362' title='bbox 243 3393 299 3458; x_wconf 90' lang='lat'><strong>11.)</strong></span> <span class='ocrx_word' id='word_1_363' title='bbox 317 3393 381 3464; x_wconf 81' lang='lat' dir='ltr'><strong>quis</strong></span> <span class='ocrx_word' id='word_1_364' title='bbox 398 3393 460 3450; x_wconf 87' lang='lat' dir='ltr'><strong>Ser.</strong></span> <span class='ocrx_word' id='word_1_365' title='bbox 479 3392 571 3446; x_wconf 83' lang='lat' dir='ltr'><strong>Galba</strong></span> <span class='ocrx_word' id='word_1_366' title='bbox 588 3409 686 3445; x_wconf 79' lang='lat' dir='ltr'><strong>rerum</strong></span> <span class='ocrx_word' id='word_1_367' title='bbox 702 3393 822 3460; x_wconf 79' lang='lat' dir='ltr'><strong>adeptas</strong></span> <span class='ocrx_word' id='word_1_368' title='bbox 848 3399 907 3447; x_wconf 80' lang='lat' dir='ltr'><strong>est:</strong></span> <span class='ocrx_word' id='word_1_369' title='bbox 933 3391 1074 3446; x_wconf 71' lang='lat' dir='ltr'><strong>faciebam</strong></span> <span class='ocrx_word' id='word_1_370' title='bbox 1101 3389 1173 3444; x_wconf 89' lang='lat' dir='ltr'><strong>olim</strong></span> <span class='ocrx_word' id='word_1_371' title='bbox 1199 3407 1262 3445; x_wconf 80' lang='lat' dir='ltr'><strong>rem</strong></span> <span class='ocrx_word' id='word_1_372' title='bbox 1278 3391 1375 3443; x_wconf 80' lang='lat' dir='ltr'><strong>limno-</strong></span> 
     </span>
     <span class='ocr_line' id='line_1_41' title="bbox 157 3461 1373 3532; baseline -0.004 -12"><span class='ocrx_word' id='word_1_373' title='bbox 157 3481 224 3520; x_wconf 81' lang='lat' dir='ltr'><strong>eom</strong></span> <span class='ocrx_word' id='word_1_374' title='bbox 241 3465 290 3518; x_wconf 88' lang='lat' dir='ltr'><strong>ud.</strong></span> <span class='ocrx_word' id='word_1_375' title='bbox 310 3472 369 3518; x_wconf 85' lang='lat' dir='ltr'><strong>eat.-</strong></span> <span class='ocrx_word' id='word_1_376' title='bbox 394 3463 443 3519; x_wconf 84' lang='lat' dir='ltr'><strong>sed</strong></span> <span class='ocrx_word' id='word_1_377' title='bbox 460 3471 504 3518; x_wconf 89' lang='lat' dir='ltr'><strong>est</strong></span> <span class='ocrx_word' id='word_1_378' title='bbox 521 3463 699 3517; x_wconf 81' lang='lat' dir='ltr'><strong>archaismus</strong></span> <span class='ocrx_word' id='word_1_379' title='bbox 718 3472 747 3518; x_wconf 88' lang='lat' dir='ltr'><strong>et</strong></span> <span class='ocrx_word' id='word_1_380' title='bbox 766 3463 808 3517; x_wconf 85' lang='lat' dir='ltr'><strong>sic</strong></span> <span class='ocrx_word' id='word_1_381' title='bbox 825 3463 947 3531; x_wconf 89' lang='lat' dir='ltr'><strong>dictum,</strong></span> <span class='ocrx_word' id='word_1_382' title='bbox 965 3471 999 3516; x_wconf 89' lang='lat' dir='ltr'><strong>ut</strong></span> <span class='ocrx_word' id='word_1_383' title='bbox 1016 3462 1225 3517; x_wconf 75' lang='lat' dir='ltr'><strong>dominationis</strong></span> <span class='ocrx_word' id='word_1_384' title='bbox 1241 3461 1334 3532; x_wconf 75' lang='lat' dir='ltr'><strong>upa&#39;aoa&#39;</strong></span> <span class='ocrx_word' id='word_1_385' title='bbox 1349 3461 1373 3522; x_wconf 77' lang='grc'><strong>6,</strong></span> 
     </span>
     <span class='ocr_line' id='line_1_42' title="bbox 157 3533 1375 3658; baseline -0.003 -67"><span class='ocrx_word' id='word_1_386' title='bbox 157 3541 193 3594; x_wconf 75' lang='grc'><strong>45</strong></span> <span class='ocrx_word' id='word_1_387' title='bbox 212 3543 288 3591; x_wconf 84' lang='lat' dir='ltr'><strong>extr.</strong></span> <span class='ocrx_word' id='word_1_388' title='bbox 308 3543 337 3590; x_wconf 90' lang='lat' dir='ltr'><strong>et</strong></span> <span class='ocrx_word' id='word_1_389' title='bbox 354 3549 451 3588; x_wconf 81' lang='lat' dir='ltr'><strong>rerum</strong></span> <span class='ocrx_word' id='word_1_390' title='bbox 465 3533 560 3604; x_wconf 79' lang='lat' dir='ltr'><strong>potiri</strong></span> <span class='ocrx_word' id='word_1_391' title='bbox 566 3551 576 3600; x_wconf 83' lang='lat'><strong>,-</strong></span> <span class='ocrx_word' id='word_1_392' title='bbox 603 3533 682 3605; x_wconf 80' lang='lat' dir='ltr'><strong>Lips.</strong></span> <span class='ocrx_word' id='word_1_393' title='bbox 720 3533 769 3588; x_wconf 86' lang='lat' dir='ltr'><strong>Sic</strong></span> <span class='ocrx_word' id='word_1_394' title='bbox 787 3551 869 3590; x_wconf 89' lang='lat' dir='ltr'><strong>more</strong></span> <span class='ocrx_word' id='word_1_395' title='bbox 887 3535 1068 3590; x_wconf 85' lang='lat' dir='ltr'><strong>Graecorum</strong></span> <span class='ocrx_word' id='word_1_396' title='bbox 1088 3535 1225 3589; x_wconf 81' lang='lat' dir='ltr'><strong>Genitiro</strong></span> <span class='ocrx_word' id='word_1_397' title='bbox 1252 3535 1375 3658; x_wconf 56' lang='lat' dir='ltr'><strong>impon-</strong></span> 
     </span>
     <span class='ocr_line' id='line_1_43' title="bbox 158 3605 1372 3674; baseline -0.007 -12"><span class='ocrx_word' id='word_1_398' title='bbox 158 3617 209 3662; x_wconf 88' lang='lat' dir='ltr'><strong>tur</strong></span> <span class='ocrx_word' id='word_1_399' title='bbox 225 3605 314 3662; x_wconf 77' lang='lat' dir='ltr'><strong>verba</strong></span> <span class='ocrx_word' id='word_1_400' title='bbox 336 3605 475 3673; x_wconf 78' lang='lat' dir='ltr'><strong>abstineo,</strong></span> <span class='ocrx_word' id='word_1_401' title='bbox 504 3605 660 3674; x_wconf 81' lang='lat' dir='ltr'><strong>adipiscor,</strong></span> <span class='ocrx_word' id='word_1_402' title='bbox 687 3607 815 3673; x_wconf 80' lang='lat' dir='ltr'><strong>condico,</strong></span> <span class='ocrx_word' id='word_1_403' title='bbox 842 3608 938 3674; x_wconf 85' lang='lat' dir='ltr'><strong>erede,</strong></span> <span class='ocrx_word' id='word_1_404' title='bbox 964 3606 1075 3672; x_wconf 75' lang='lat' dir='ltr'><strong>desino,</strong></span> <span class='ocrx_word' id='word_1_405' title='bbox 1100 3606 1217 3672; x_wconf 79' lang='lat' dir='ltr'><strong>desisto,</strong></span> <span class='ocrx_word' id='word_1_406' title='bbox 1240 3607 1372 3672; x_wconf 71' lang='lat' dir='ltr'><strong>fruerer,</strong></span> 
     </span>
     <span class='ocr_line' id='line_1_44' title="bbox 158 3675 1373 3748; baseline -0.004 -15"><span class='ocrx_word' id='word_1_407' title='bbox 158 3682 251 3748; x_wconf 67' lang='lat' dir='ltr'><strong>fruor,</strong></span> <span class='ocrx_word' id='word_1_408' title='bbox 269 3681 345 3747; x_wconf 74' lang='lat' dir='ltr'><strong>fatre,</strong></span> <span class='ocrx_word' id='word_1_409' title='bbox 366 3677 456 3745; x_wconf 82' lang='lat' dir='ltr'><strong>laudo,</strong></span> <span class='ocrx_word' id='word_1_410' title='bbox 476 3677 578 3744; x_wconf 77' lang='lat' dir='ltr'><strong>libero,</strong></span> <span class='ocrx_word' id='word_1_411' title='bbox 603 3678 673 3746; x_wconf 82' lang='lat' dir='ltr'><strong>leuc,</strong></span> <span class='ocrx_word' id='word_1_412' title='bbox 689 3677 843 3748; x_wconf 77' lang='lat' dir='ltr'><strong>participo,</strong></span> <span class='ocrx_word' id='word_1_413' title='bbox 900 3679 968 3745; x_wconf 86' lang='lat' dir='ltr'><strong>ts&#39;or,</strong></span> <span class='ocrx_word' id='word_1_414' title='bbox 985 3675 1131 3747; x_wconf 67' lang='lat' dir='ltr'><strong>prohibeo,</strong></span> <span class='ocrx_word' id='word_1_415' title='bbox 1195 3678 1271 3743; x_wconf 82' lang='lat' dir='ltr'><strong>&#39;rre‚</strong></span> <span class='ocrx_word' id='word_1_416' title='bbox 1288 3689 1373 3744; x_wconf 70' lang='lat' dir='ltr'><strong>regno</strong></span> 
     </span>
     <span class='ocr_line' id='line_1_45' title="bbox 158 3695 1371 3826; baseline -0.004 -20"><span class='ocrx_word' id='word_1_417' title='bbox 158 3751 262 3807; x_wconf 83' lang='lat' dir='ltr'><strong>atalia.</strong></span> <span class='ocrx_word' id='word_1_418' title='bbox 280 3767 309 3806; x_wconf 76' lang='lat' dir='ltr'><strong>r.</strong></span> <span class='ocrx_word' id='word_1_419' title='bbox 329 3749 366 3803; x_wconf 90' lang='lat' dir='ltr'><strong>ad</strong></span> <span class='ocrx_word' id='word_1_420' title='bbox 380 3753 405 3814; x_wconf 91' lang='lat'><strong>1,</strong></span> <span class='ocrx_word' id='word_1_421' title='bbox 417 3753 443 3816; x_wconf 84' lang='lat' dir='ltr'><strong>b,</strong></span> <span class='ocrx_word' id='word_1_422' title='bbox 462 3751 488 3806; x_wconf 82' lang='lat'><strong>⁵.</strong></span> <span class='ocrx_word' id='word_1_423' title='bbox 507 3748 641 3802; x_wconf 82' lang='lat' dir='ltr'><strong>Ruddim.</strong></span> <span class='ocrx_word' id='word_1_424' title='bbox 662 3751 730 3806; x_wconf 87' lang='lat' dir='ltr'><strong>inst.</strong></span> <span class='ocrx_word' id='word_1_425' title='bbox 750 3765 842 3826; x_wconf 79' lang='lat' dir='ltr'><strong>gram</strong></span> <span class='ocrx_word' id='word_1_426' title='bbox 860 3695 947 3808; x_wconf 52' lang='lat' dir='ltr'><strong>llll.</strong></span> <span class='ocrx_word' id='word_1_427' title='bbox 964 3767 995 3821; x_wconf 88' lang='lat' dir='ltr'><strong>p.</strong></span> <span class='ocrx_word' id='word_1_428' title='bbox 1006 3751 1066 3806; x_wconf 79' lang='grc'><strong>130.</strong></span> <span class='ocrx_word' id='word_1_429' title='bbox 1078 3753 1138 3807; x_wconf 77' lang='lat' dir='ltr'><strong>leo.</strong></span> <span class='ocrx_word' id='word_1_430' title='bbox 1177 3748 1267 3804; x_wconf 73' lang='lat' dir='ltr'><strong>amsla.</strong></span> <span class='ocrx_word' id='word_1_431' title='bbox 1278 3746 1371 3801; x_wconf 86' lang='lat' dir='ltr'><strong>Gram.</strong></span> 
     </span>
     <span class='ocr_line' id='line_1_46' title="bbox 157 3819 1372 3893; baseline -0.003 -15"><span class='ocrx_word' id='word_1_432' title='bbox 157 3821 179 3888; x_wconf 69' lang='lat' dir='ltr'><strong>d.</strong></span> <span class='ocrx_word' id='word_1_433' title='bbox 201 3825 261 3878; x_wconf 82' lang='grc'><strong>113.</strong></span> <span class='ocrx_word' id='word_1_434' title='bbox 279 3839 310 3893; x_wconf 91' lang='lat' dir='ltr'><strong>p.</strong></span> <span class='ocrx_word' id='word_1_435' title='bbox 333 3823 392 3877; x_wconf 82' lang='grc'><strong>191.</strong></span> <span class='ocrx_word' id='word_1_436' title='bbox 422 3851 454 3863; x_wconf 94' lang='grc'>-</span> <span class='ocrx_word' id='word_1_437' title='bbox 473 3836 525 3888; x_wconf 86' lang='lat' dir='ltr'><strong>per</strong></span> <span class='ocrx_word' id='word_1_438' title='bbox 550 3835 639 3874; x_wconf 81' lang='lat' dir='ltr'><strong>aneos</strong></span> <span class='ocrx_word' id='word_1_439' title='bbox 664 3828 791 3874; x_wconf 69' lang='lat' dir='ltr'><strong>reatum:</strong></span> <span class='ocrx_word' id='word_1_440' title='bbox 817 3839 883 3874; x_wconf 91' lang='lat' dir='ltr'><strong>nam</strong></span> <span class='ocrx_word' id='word_1_441' title='bbox 911 3821 1023 3876; x_wconf 89' lang='lat' dir='ltr'><strong>bellum</strong></span> <span class='ocrx_word' id='word_1_442' title='bbox 1041 3820 1191 3876; x_wconf 79' lang='lat' dir='ltr'><strong>Actiacum</strong></span> <span class='ocrx_word' id='word_1_443' title='bbox 1215 3839 1241 3877; x_wconf 90' lang='lat' dir='ltr'><strong>s.</strong></span> <span class='ocrx_word' id='word_1_444' title='bbox 1260 3819 1297 3873; x_wconf 91' lang='lat' dir='ltr'><strong>U.</strong></span> <span class='ocrx_word' id='word_1_445' title='bbox 1317 3819 1372 3874; x_wconf 74' lang='lat'>&#39;¹122</span> 
     </span>
     <span class='ocr_line' id='line_1_47' title="bbox 156 3891 1372 4018; baseline -0.003 -70"><span class='ocrx_word' id='word_1_446' title='bbox 156 3903 272 3971; x_wconf 76' lang='lat' dir='ltr'><strong>gestum</strong></span> <span class='ocrx_word' id='word_1_447' title='bbox 291 3901 323 4018; x_wconf 59' lang='lat' dir='ltr'><strong>ep</strong></span> <span class='ocrx_word' id='word_1_448' title='bbox 339 3891 430 3946; x_wconf 85' lang='lat' dir='ltr'><strong>Galba</strong></span> <span class='ocrx_word' id='word_1_449' title='bbox 449 3911 473 3948; x_wconf 89' lang='lat' dir='ltr'><strong>a.</strong></span> <span class='ocrx_word' id='word_1_450' title='bbox 485 3891 519 3944; x_wconf 93' lang='lat' dir='ltr'><strong>U.</strong></span> <span class='ocrx_word' id='word_1_451' title='bbox 539 3895 592 3950; x_wconf 76' lang='grc'><strong>833</strong></span> <span class='ocrx_word' id='word_1_452' title='bbox 619 3894 731 3948; x_wconf 83' lang='lat' dir='ltr'><strong>occisus</strong></span> <span class='ocrx_word' id='word_1_453' title='bbox 750 3902 810 3960; x_wconf 65' lang='grc' dir='ltr'><strong>εει,</strong></span> <span class='ocrx_word' id='word_1_454' title='bbox 828 3893 907 3948; x_wconf 86' lang='lat' dir='ltr'><strong>Brot.</strong></span> <span class='ocrx_word' id='word_1_455' title='bbox 927 3925 960 3938; x_wconf 87' lang='lat'>-</span> <span class='ocrx_word' id='word_1_456' title='bbox 977 3893 1106 3962; x_wconf 69' lang='lat' dir='ltr'><strong>prosaicis</strong></span> <span class='ocrx_word' id='word_1_457' title='bbox 1123 3891 1280 3962; x_wconf 78' lang='lat' dir='ltr'><strong>sumptibus</strong></span> <span class='ocrx_word' id='word_1_458' title='bbox 1297 3902 1372 3945; x_wconf 73' lang='lat' dir='ltr'><strong>eser·</strong></span> 
     </span>
     <span class='ocr_line' id='line_1_48' title="bbox 156 3966 429 4032; baseline -0.011 -12"><span class='ocrx_word' id='word_1_459' title='bbox 156 3966 220 4032; x_wconf 85' lang='lat' dir='ltr'><strong>cs&#39;ts&#39;,</strong></span> <span class='ocrx_word' id='word_1_460' title='bbox 240 3982 303 4019; x_wconf 73' lang='lat' dir='ltr'><strong>ra</strong></span> <span class='ocrx_word' id='word_1_461' title='bbox 342 3967 385 4030; x_wconf 75' lang='lat'><strong>14,</strong></span> <span class='ocrx_word' id='word_1_462' title='bbox 404 3967 429 4020; x_wconf 76' lang='grc'><strong>3.</strong></span> 
     </span>
    </p>

    <p class='ocr_par' dir='ltr' id='par_1_7' title="bbox 156 4033 1371 4397">
     <span class='ocr_line' id='line_1_49' title="bbox 209 4033 1371 4108; baseline -0.009 -14"><span class='ocrx_word' id='word_1_463' title='bbox 209 4041 236 4094; x_wconf 81' lang='grc'><strong>3.</strong></span> <span class='ocrx_word' id='word_1_464' title='bbox 256 4037 367 4090; x_wconf 76' lang='lat' dir='ltr'><strong>Cauros</strong></span> <span class='ocrx_word' id='word_1_465' title='bbox 377 4037 439 4090; x_wconf 83' lang='lat' dir='ltr'><strong>eiua</strong></span> <span class='ocrx_word' id='word_1_466' title='bbox 448 4035 617 4090; x_wconf 77' lang='lat' dir='ltr'><strong>mutationis</strong></span> <span class='ocrx_word' id='word_1_467' title='bbox 629 4044 689 4090; x_wconf 87' lang='lat' dir='ltr'><strong>tres</strong></span> <span class='ocrx_word' id='word_1_468' title='bbox 701 4034 787 4090; x_wconf 83' lang='lat' dir='ltr'><strong>affert</strong></span> <span class='ocrx_word' id='word_1_469' title='bbox 800 4035 929 4101; x_wconf 86' lang='lat' dir='ltr'><strong>Tacitus,</strong></span> <span class='ocrx_word' id='word_1_470' title='bbox 939 4037 1065 4108; x_wconf 89' lang='lat' dir='ltr'><strong>primam</strong></span> <span class='ocrx_word' id='word_1_471' title='bbox 1072 4036 1157 4091; x_wconf 78' lang='lat' dir='ltr'><strong>Ditea</strong></span> <span class='ocrx_word' id='word_1_472' title='bbox 1167 4035 1238 4090; x_wconf 81' lang='lat' dir='ltr'><strong>olim</strong></span> <span class='ocrx_word' id='word_1_473' title='bbox 1246 4033 1371 4104; x_wconf 63' lang='lat' dir='ltr'><strong>[maitiae</strong></span> 
     </span>
     <span class='ocr_line' id='line_1_50' title="bbox 158 4105 1371 4176; baseline -0.002 -15"><span class='ocrx_word' id='word_1_474' title='bbox 158 4141 190 4151; x_wconf 93' lang='lat'>-</span> <span class='ocrx_word' id='word_1_475' title='bbox 201 4115 378 4172; x_wconf 81' lang='lat' dir='ltr'><strong>couvertere3</strong></span> <span class='ocrx_word' id='word_1_476' title='bbox 394 4107 517 4162; x_wconf 86' lang='lat' dir='ltr'><strong>alteram</strong></span> <span class='ocrx_word' id='word_1_477' title='bbox 525 4107 618 4162; x_wconf 79' lang='lat' dir='ltr'><strong>Simul</strong></span> <span class='ocrx_word' id='word_1_478' title='bbox 627 4107 691 4160; x_wconf 85' lang='lat' dir='ltr'><strong>aooa&#39;</strong></span> <span class='ocrx_word' id='word_1_479' title='bbox 699 4105 825 4162; x_wconf 73' lang='lat' dir='ltr'><strong>domines</strong></span> <span class='ocrx_word' id='word_1_480' title='bbox 833 4141 864 4152; x_wconf 90' lang='grc'><strong>-</strong></span> <span class='ocrx_word' id='word_1_481' title='bbox 873 4108 1000 4174; x_wconf 60' lang='lat' dir='ltr'><strong>enimn</strong></span> <span class='ocrx_word' id='word_1_482' title='bbox 1012 4111 1130 4162; x_wconf 88' lang='lat' dir='ltr'><strong>tertiam</strong></span> <span class='ocrx_word' id='word_1_483' title='bbox 1142 4107 1199 4162; x_wconf 76' lang='lat' dir='ltr'><strong>sm</strong></span> <span class='ocrx_word' id='word_1_484' title='bbox 1208 4106 1371 4176; x_wconf 68' lang='lat' dir='ltr'><strong>praecipuae</strong></span> 
     </span>
     <span class='ocr_line' id='line_1_51' title="bbox 158 4175 1370 4249; baseline -0.002 -19"><span class='ocrx_word' id='word_1_485' title='bbox 158 4207 189 4216; x_wconf 90' lang='lat'>-</span> <span class='ocrx_word' id='word_1_486' title='bbox 204 4185 345 4234; x_wconf 82' lang='lat' dir='ltr'><strong>moneant.</strong></span> <span class='ocrx_word' id='word_1_487' title='bbox 360 4211 388 4221; x_wconf 93' lang='lat'>-</span> <span class='ocrx_word' id='word_1_488' title='bbox 402 4179 499 4233; x_wconf 81' lang='lat' dir='ltr'><strong>studio</strong></span> <span class='ocrx_word' id='word_1_489' title='bbox 514 4179 741 4249; x_wconf 76' lang='lat' dir='ltr'><strong>magnificentiae</strong></span> <span class='ocrx_word' id='word_1_490' title='bbox 754 4179 1109 4248; x_wconf 76' lang='lat' dir='ltr'><strong>prolabebantur-„Germ</strong></span> <span class='ocrx_word' id='word_1_491' title='bbox 1129 4177 1268 4245; x_wconf 81' lang='lat' dir='ltr'><strong>siukan,</strong></span> <span class='ocrx_word' id='word_1_492' title='bbox 1289 4175 1370 4229; x_wconf 84' lang='lat' dir='ltr'><strong>ber·</strong></span> 
     </span>
     <span class='ocr_line' id='line_1_52' title="bbox 156 4247 1366 4328; baseline 0.007 -26"><span class='ocrx_word' id='word_1_493' title='bbox 156 4249 348 4303; x_wconf 86' lang='lat' dir='ltr'><strong>absinken.</strong></span> <span class='ocrx_word' id='word_1_494' title='bbox 369 4249 413 4306; x_wconf 76' lang='lat' dir='ltr'><strong>(lt.</strong></span> <span class='ocrx_word' id='word_1_495' title='bbox 427 4250 462 4302; x_wconf 88' lang='lat' dir='ltr'><strong>ad</strong></span> <span class='ocrx_word' id='word_1_496' title='bbox 473 4253 500 4315; x_wconf 76' lang='grc'><strong>3,</strong></span> <span class='ocrx_word' id='word_1_497' title='bbox 510 4253 556 4315; x_wconf 85' lang='grc'><strong>38,</strong></span> <span class='ocrx_word' id='word_1_498' title='bbox 569 4254 593 4305; x_wconf 79' lang='lat'><strong>5.</strong></span> <span class='ocrx_word' id='word_1_499' title='bbox 608 4259 638 4304; x_wconf 88' lang='lat' dir='ltr'><strong>et</strong></span> <span class='ocrx_word' id='word_1_500' title='bbox 650 4255 692 4315; x_wconf 91' lang='lat' dir='ltr'><strong>ll,</strong></span> <span class='ocrx_word' id='word_1_501' title='bbox 705 4253 748 4316; x_wconf 82' lang='lat'><strong>1⁷,</strong></span> <span class='ocrx_word' id='word_1_502' title='bbox 762 4253 789 4306; x_wconf 77' lang='grc'><strong>3.</strong></span> <span class='ocrx_word' id='word_1_503' title='bbox 810 4252 971 4318; x_wconf 83' lang='lat' dir='ltr'><strong>-plebem,</strong></span> <span class='ocrx_word' id='word_1_504' title='bbox 989 4252 1090 4318; x_wconf 78' lang='lat' dir='ltr'><strong>accim,</strong></span> <span class='ocrx_word' id='word_1_505' title='bbox 1102 4265 1204 4322; x_wconf 69' lang='lat' dir='ltr'><strong>regau,</strong></span> <span class='ocrx_word' id='word_1_506' title='bbox 1222 4265 1313 4328; x_wconf 69' lang='lat' dir='ltr'><strong>reges,</strong></span> <span class='ocrx_word' id='word_1_507' title='bbox 1330 4247 1342 4310; x_wconf 91' lang='grc'>(</span> <span class='ocrx_word' id='word_1_508' title='bbox 1360 4285 1366 4299; x_wconf 89' lang='lat'>·</span> 
     </span>
     <span class='ocr_line' id='line_1_53' title="bbox 156 4317 1366 4397; baseline 0.002 -25"><span class='ocrx_word' id='word_1_509' title='bbox 156 4317 228 4384; x_wconf 71' lang='lat' dir='ltr'><strong>adt,</strong></span> <span class='ocrx_word' id='word_1_510' title='bbox 241 4323 284 4385; x_wconf 92' lang='grc'><strong>13,</strong></span> <span class='ocrx_word' id='word_1_511' title='bbox 298 4321 339 4385; x_wconf 76' lang='grc'><strong>1.)</strong></span> <span class='ocrx_word' id='word_1_512' title='bbox 355 4321 456 4388; x_wconf 80' lang='lat' dir='ltr'><strong>colere,</strong></span> <span class='ocrx_word' id='word_1_513' title='bbox 475 4321 631 4388; x_wconf 86' lang='lat' dir='ltr'><strong>demereri,</strong></span> <span class='ocrx_word' id='word_1_514' title='bbox 649 4317 827 4393; x_wconf 71' lang='grc' dir='ltr'><strong>θεραπεύειν,</strong></span> <span class='ocrx_word' id='word_1_515' title='bbox 846 4319 1017 4390; x_wconf 73' lang='lat' dir='ltr'><strong>(undeisoi</strong></span> <span class='ocrx_word' id='word_1_516' title='bbox 1035 4319 1159 4393; x_wconf 71' lang='lat' dir='ltr'><strong>utitem</strong></span> <span class='ocrx_word' id='word_1_517' title='bbox 1174 4324 1309 4397; x_wconf 70' lang='lat' dir='ltr'><strong>espessia</strong></span> <span class='ocrx_word' id='word_1_518' title='bbox 1324 4335 1366 4388; x_wconf 85' lang='lat' dir='ltr'><strong>ap·</strong></span> 
     </span>
    </p>
   </div>
   <div class='ocr_carea' id='block_1_6' title="bbox 822 2817 1375 2890">
    <p class='ocr_par' dir='ltr' id='par_1_8' title="bbox 822 2817 1375 2890">
     <span class='ocr_line' id='line_1_54' title="bbox 822 2817 1375 2890; baseline -0.007 -20"><span class='ocrx_word' id='word_1_519' title='bbox 822 2835 882 2883; x_wconf 89' lang='lat' dir='ltr'><strong>um,</strong></span> <span class='ocrx_word' id='word_1_520' title='bbox 901 2835 997 2890; x_wconf 89' lang='lat' dir='ltr'><strong>neque</strong></span> <span class='ocrx_word' id='word_1_521' title='bbox 1022 2819 1108 2872; x_wconf 86' lang='lat' dir='ltr'><strong>etiam</strong></span> <span class='ocrx_word' id='word_1_522' title='bbox 1130 2817 1210 2888; x_wconf 87' lang='lat' dir='ltr'><strong>qnod</strong></span> <span class='ocrx_word' id='word_1_523' title='bbox 1234 2817 1375 2872; x_wconf 84' lang='lat' dir='ltr'><strong>annotarit</strong></span> 
     </span>
    </p>
   </div>
   <div class='ocr_carea' id='block_1_7' title="bbox 0 0 1438 4792">
    <p class='ocr_par' dir='ltr' id='par_1_9' title="bbox 0 0 1438 4792">
     <span class='ocr_line' id='line_1_55' title="bbox 0 0 1438 4792; baseline 0 2"><span class='ocrx_word' id='word_1_524' title='bbox 0 0 1438 4792; x_wconf 95' lang='lat' dir='ltr'><strong> </strong></span> 
     </span>
    </p>
   </div>
  </div>
 </body>
</html>
