2904 4798
149 179 211 248 tta
555 177 799 246 ANNamuot
819 177 903 244 ΗΒ.
926 177 970 243 V.

147 364 177 418 p.
197 346 243 404 96.
263 345 306 400 ed.
326 345 402 401 l'rio.
422 345 459 402 de
477 361 568 418 puero
586 343 721 418 praecoci
738 343 867 400 mahtin:
894 339 948 398 boc
964 341 1061 412 magia
1079 343 1191 408 norica,
1209 341 1294 414 Jquoa
1311 361 1374 396 rum

147 417 713 544 ttttmt‘zttthttstitit
726 415 948 556 „iiiiii
969 413 1246 540 iiiiiiaiinii
1264 415 1377 541 itta

149 561 301 616 videretur
320 569 349 614 et
366 561 455 632 plena
473 559 585 614 annis.“
603 526 697 628 Lipa’
720 558 848 624 „Contra
866 559 967 612 dieunt
986 557 1051 612 loca
1069 557 1127 610 iam
1175 557 1260 611 ndata
1270 556 1376 612 Diouis

148 635 194 699 bb,
215 635 256 688 11.
277 639 306 686 et
324 629 401 690 Suet.
422 630 486 684 Tib.
507 637 552 688 til·
590 631 661 686 Sine
687 629 749 684 ulla
774 631 962 686 restrictione
987 630 1038 694 ibi,
1070 637 1142 682 uta
1164 629 1202 682 ud
1219 627 1376 690 Nostrum,

76 739 78 746 ,
149 711 218 758 sunt
240 701 380 758 vocabula
409 705 638 774 nopoueooutrq
665 710 695 756 et
720 701 859 770 uirgines.
902 700 1040 756 Ceterum
1068 697 1122 754 inb
1155 706 1223 754 ntur
1249 707 1294 754 est
1319 715 1377 770 pro

148 781 222 841 erut,
242 772 285 840 (r.
305 773 368 828 Ind.
389 774 445 842 ll.)
463 773 493 828 h.
513 792 538 832 e.
557 792 616 830 nou
634 772 866 844 qualemcunque
884 773 1026 844 exprimit
1044 771 1223 842 opinionem,
1241 771 1292 826 sed
1311 787 1378 824 cen-

147 854 209 909 tum
225 847 442 916 persuasionem
467 847 529 900 sive
552 845 686 900 habitum
710 843 908 902 animorum.“
934 840 1042 897 Watrt.
1062 871 1095 881 —
1132 843 1262 913 laqueum
1279 841 1377 909 iusta,

148 915 252 986 laqueo
271 917 352 970 iuxta
371 935 433 970 eam
472 917 563 984 osito;
583 917 654 971 lira.
676 914 720 972 Cf.
739 916 803 970 lud.
823 915 878 974 111.
904 933 934 970 v.
953 913 1186 982 lbaepoaitiones
1213 913 1377 967 omninibus

145 987 335 1058 postpositae.
358 1019 390 1030 -
426 935 528 1042 adlisis
545 987 684 1056 faucbus,
705 987 866 1054 suffocatis,
884 992 919 1039 ut
936 987 1009 1040 elisa
1027 985 1116 1039 teonis
1134 1000 1187 1040 orn
1204 1003 1251 1056 ap.
1270 983 1329 1038 sil.
1348 987 1375 1049 3,

147 1061 193 1115 33.
219 1067 248 1114 et
274 1059 326 1116 Gr.
355 1057 504 1130 ιίγχθῆναι.
525 1093 557 1104 -
595 1073 716 1127 comare
745 1057 778 1112 id
801 1059 921 1124 aetatis,
953 1056 1040 1110 huius
1069 1075 1091 1109 s.
1118 1056 1186 1110 talis
1210 1057 1318 1108 aetatis
1339 1073 1376 1108 sc.

149 1123 225 1197 ὄντα,
242 1140 277 1184 ut
294 1129 454 1184 bominibus
471 1132 504 1185 id
522 1132 628 1184 aetatis
647 1130 708 1184 Cic.
728 1145 770 1186 or.
792 1135 818 1195 1,
837 1133 881 1186 47.
918 1127 1049 1196 hanape·
1073 1127 1147 1181 iliud
1165 1127 1273 1179 aetatis
1293 1125 1375 1180 Suet.

148 1201 234 1256 Galb.
255 1205 297 1258 14.
318 1203 388 1274 quid
407 1203 462 1256 tibi
479 1219 533 1272 ego
552 1203 659 1256 aetatis
677 1202 777 1254 uideor
795 1201 888 1254 Plaut.
907 1201 995 1255 Marc.
1015 1203 1042 1264 t,
1061 1202 1089 1263 2,
1110 1201 1152 1254 19.
1172 1197 1216 1250 Gi.
1236 1197 1302 1254 lud.
1322 1199 1376 1250 lll.

148 1291 178 1326 v.
199 1273 387 1328 Accusatiuus
414 1275 586 1328 Graecorum
613 1289 691 1327 more
706 1289 760 1342 pro
778 1271 913 1326 Ablatino
935 1271 1050 1342 positus
1072 1279 1102 1324 et
1125 1268 1254 1323 Genitini
1282 1269 1378 1322 iuncti

148 1343 366 1400 Pronominibus
391 1347 512 1404 neutris.
532 1377 565 1388 -
609 1345 641 1399 iu
666 1345 817 1398 Gemonias
847 1341 937 1398 scalas
962 1343 1081 1408 obiecta,
1112 1359 1139 1397 v.
1164 1341 1200 1394 ad
1221 1343 1251 1407 ³,
1277 1344 1324 1408 14,
1349 1343 1377 1396 3.

148 1415 215 1468 l’ost
233 1416 305 1470 haec
323 1419 410 1471 verba
429 1419 553 1488 periisse
572 1417 691 1472 videtur
708 1415 830 1470 historia
850 1414 998 1486 Apicatae,
1031 1431 1117 1484 mum
1144 1413 1236 1466 refert
1253 1409 1311 1466 Dio
1331 1415 1376 1477 68,

149 1487 216 1542 ll.“
234 1488 318 1557 llyci.
355 1487 461 1542 Recte:
481 1507 548 1541 nam
567 1489 640 1560 quac
659 1485 776 1541 Tacitus
795 1489 823 1550 4,
836 1489 861 1544 Β.
883 1493 912 1540 et
925 1489 967 1542 ll.
988 1487 1013 1538 si
1036 1485 1178 1549 nifioavit,
1197 1481 1377 1538 hauddubie

149 1559 276 1636 amplius
295 1558 397 1614 debuit
414 1558 464 1614 hio
484 1575 646 1631 exponere,
670 1556 778 1616 Wattt.
807 1557 854 1611 Cf.
874 1556 910 1611 ad
928 1561 955 1624 4,
973 1559 1000 1622 8,
1014 1505 1046 1614 l·
1067 1564 1096 1610 et
1114 1559 1140 1620 4,
1160 1559 1203 1622 11,
1222 1557 1249 1610 2.

232 1777 297 1841 Per
325 1777 413 1842 idem
441 1785 573 1862 tempus
603 1777 682 1840 Asia
710 1788 809 1862 atque
828 1775 957 1840 Achaia
988 1776 1169 1840 exterritae
1196 1782 1276 1838 sunt
1305 1775 1377 1836 acri

147 1863 253 1948 tnagis
275 1883 373 1945 quam
390 1861 551 1926 diuturno
573 1881 723 1942 rumore,
752 1863 903 1925 Drusum
930 1858 1120 1922 Germanici
1148 1859 1257 1922 filium
1286 1857 1376 1941 apud

149 1943 313 2026 Cycladas
342 1948 479 2026 insulas,
518 1967 596 2009 mox
627 1949 663 2008 in
694 1947 880 2010 continenti
906 1948 1027 2006 visum.
1074 1945 1115 2005 Et
1141 1951 1216 2006 erat
1242 1945 1377 2005 invenis

149 2027 238 2090 haud
260 2028 387 2114 dispari
408 2039 528 2108 aetate,
561 2029 756 2114 quibusdam
781 2029 932 2093 Caesaris
961 2029 1091 2092 libertis
1120 2028 1213 2090 velut
1239 2029 1376 2114 agnitus

148 2131 211 2194 per
233 2111 410 2197 dolumque
432 2115 681 2177 comitantibus.
726 2113 971 2178 Alliciebantur
991 2113 1103 2198 ignari
1123 2113 1209 2173 fama
1230 2113 1377 2172 nominis

150 2203 184 2256 et
204 2201 369 2279 promptis
383 2196 590 2262 Graecorum
607 2200 728 2262 animis
742 2197 784 2260 ad
806 2215 891 2260 nova
906 2204 940 2258 et
960 2197 1064 2258 mira:
1087 2198 1208 2278 qnippe
1226 2193 1376 2276 elapsum

73 2313 79 2316 -
149 2279 320 2342 custodiae
341 2300 483 2365 pergere
505 2279 548 2344 ad
568 2289 726 2364 paternos
748 2283 916 2344 exercitus
936 2279 1127 2362 Aevyptum
1153 2287 1212 2341 ant
1241 2275 1375 2358 Syriam

148 2361 356 2436 invasurum,
385 2363 556 2451 fingebant
577 2366 675 2426 simul
699 2363 952 2446 credebantque.
986 2327 1066 2424 lam
1088 2363 1272 2443 iuventutis
1294 2381 1375 2424 con-

148 2463 263 2522 cursu,
290 2447 356 2508 iam
378 2449 523 2528 publicis
552 2447 672 2510 studiis
701 2447 976 2532 frequentabatur
1010 2447 1116 2508 laetus
1146 2445 1376 2528 praesentibus

149 2536 183 2589 et
204 2528 354 2591 inanium
377 2549 446 2613 spe,
478 2551 578 2613 quum
601 2529 753 2592 auditum
781 2529 817 2591 id
837 2531 991 2613 Poppaeo
1019 2527 1153 2592 Sabino.
1203 2527 1235 2591 Is
1262 2527 1375 2590 Mace·

149 2607 269 2672 dociae
299 2620 370 2673 tum
414 2616 564 2675 intentus
603 2613 761 2675 Achaiam
793 2633 857 2696 quo
880 2633 923 2675 ue
955 2613 1103 2676 curabat.
1159 2610 1280 2699 Igitur,
1307 2631 1375 2694 quo

149 2713 231 2755 vera
252 2713 312 2755 sen
333 2698 414 2757 falsa
436 2697 830 2774 anteiret,·Toronaeum
873 2697 1131 2779 hermanumque
1151 2697 1262 2756 sinum
1275 2715 1375 2777 prae·

149 2777 321 2855 testinans,
354 2799 431 2840 mox
452 2777 632 2858 Euboeam,
666 2779 791 2865 Aegaei
823 2781 925 2840 maris
946 2780 1100 2855 insulam,
1135 2785 1170 2842 et
1199 2779 1375 2842 Piraeeum

151 2858 280 2921 Atticae
302 2879 394 2938 orae,
416 2859 494 2924 dein
506 2861 740 2924 Corinthiense
757 2863 841 2924 litus
854 2864 1088 2949 angustiasque
1101 2862 1219 2924 Isthmi
1240 2861 1375 2936 evadit,

150 2944 299 3026 marique
330 2945 396 3008 alio
425 2945 617 3089 Nicopolim
639 2945 819 3008 Romanam
851 2946 1016 3008 coloniam
1040 2947 1210 3032 ingressus
1238 2945 1286 3006 ibi
1320 2944 1375 3008 de-

148 3045 238 3086 mum
262 3029 444 3110 cognoscit,
467 3029 638 3092 solertius
659 3030 918 3114 interrogatum,
946 3032 1091 3111 quisnam
1111 3027 1211 3109 foret,
1238 3025 1375 3106 dixisse,

148 3107 195 3171 M.
219 3107 335 3172 Silano
360 3115 514 3193 genitum,
545 3121 580 3174 et
609 3112 721 3174 multis
770 3119 974 3174 sectatorum
1014 3109 1150 3194 dilapsis
1187 3109 1375 3174 ascendisse

149 3209 279 3270 navem,
310 3202 464 3276 tanquam
498 3195 632 3256 ltaliam·
661 3203 800 3277 peteret.
851 3194 1059 3278 Scripsitqne
1097 3195 1178 3256 haec
1211 3195 1373 3258 Tiberio:

150 3293 342 3412 ”titt
360 3279 860 3414 35¹t¹¹tti⁰5ittti¹tt³
880 3279 1225 3419 ”httttt'tt
1264 3369 1374 3415 .....

147 3427 229 3482 batua
255 3429 290 3483 ad
309 3379 500 3499 seditihnem3
525 3433 595 3488 Ern.
634 3448 757 3499 rumore,
788 3431 883 3504 qualis
905 3433 964 3486 tuit
988 3399 1026 3487 de,
1041 3377 1373 3510 Agrippa’losdrmot,

146 3503 191 3556 39.
211 3503 256 3556 tt.
277 3535 309 3545 -
347 3501 473 3558 Drusum
492 3503 770 3571 comessantium
802 3505 853 3575 qui
878 3505 910 3557 in
935 3505 994 3557 ima
1017 3513 1100 3576 parte
1118 3504 1221 3576 palatii
1239 3511 1303 3557 mm
1322 3521 1373 3558 cu·

149 3571 337 3630 stodiebatur.
366 3593 395 3626 r.
415 3579 442 3641 o,
462 3579 507 3632 23.
532 3573 1077 3641 D1058,1a.suet.Ttu.st.os.-
1115 3575 1282 3646 quibusdum
1300 3577 1374 3630 Goe-

148 3641 225 3696 auria
245 3644 359 3698 libertis
377 3649 451 3699 velut
470 3647 589 3716 agnitus
612 3663 664 3716 per
687 3647 833 3716 dolumque
855 3647 1071 3701 comitantibus.-
1101 3649 1132 3700 in
1151 3645 1285 3701 omuibus
1306 3647 1372 3702 edd.

148 3715 197 3768 vel
215 3725 281 3784 post
300 3716 418 3785 agnitus
438 3719 487 3772 vel
504 3727 572 3789 post
591 3717 705 3772 libertis
724 3727 752 3772 et
771 3719 891 3788 agnitos
909 3719 1026 3794 virgula
1045 3727 1089 3773 est
1105 3719 1210 3789 posita.
1238 3720 1374 3788 agnitum

148 3803 171 3838 c.
192 3787 315 3841 Mirand.
352 3787 396 3842 lta
415 3789 609 3856 scribendum,
636 3797 669 3842 ut
686 3790 809 3862 pendeat
826 3809 842 3843 a
859 3789 1075 3845 comitantibus:
1106 3807 1174 3842 nam
1198 3789 1373 3868 intelligere

148 3857 223 3910 uelut
242 3859 363 3927 agnitus
381 3869 452 3914 esset
473 3877 490 3914 a
508 3879 548 3927 ae,
575 3863 605 3914 in
623 3859 679 3914 hoo
697 3861 795 3931 positu
813 3861 919 3914 durum
937 3871 997 3928 est3
1023 3863 1094 3917 Era.
1133 3861 1267 3928 „Durum
1287 3881 1371 3916 sane:

149 3929 198 3982 sed
217 3932 282 3999 quis
301 3931 417 3986 tandem
436 3931 510 3988 haec
527 3935 567 3986 ita
586 3932 752 4004 supplebit?
780 3931 891 3986 Turbat
917 3942 1015 3988 autem
1040 3933 1144 4003 copule
1163 3933 1194 3985 iu
1214 3933 1369 4004 datusque.

147 3999 222 4066 Quid
241 4003 352 4078 igitur?
384 4003 462 4056 Num
488 4004 647 4058 delebimus
673 4021 724 4074 que
747 4021 814 4057 cum
833 4006 966 4058 Murato?
989 4018 1026 4058 an
1044 4023 1111 4057 cum
1129 4003 1212 4057 Acid.
1237 4005 1371 4081 legemus

147 4073 318 4127 comitatus?
355 4075 508 4154 vulgatam
560 4077 637 4130 otius
668 4093 787 4145 eamque
821 4093 918 4130 sanam
958 4077 1134 4148 scripturam
1166 4077 1369 4130 retinebimus.

147 4142 273 4209 Agnitus
290 4145 397 4214 pendet
416 4165 431 4199 e
450 4149 559 4201 iuvenes
576 4148 728 4217 poscitque
745 4145 883 4201 Datirum
901 4148 1069 4218 quibusdam
1087 4147 1210 4204 libertis.
1225 4146 1285 4213 (Gt.
1305 4149 1369 4204 lud

148 4213 201 4264 lll.
222 4231 251 4264 v.
272 4215 395 4268 Dotioua
412 4217 609 4282 subiectieus.)
646 4215 720 4271 Dein
744 4217 872 4284 Tacitus,
900 4221 945 4272 uti
964 4221 1048 4282 solet,
1072 4235 1126 4290 per
1144 4218 1278 4290 copulam
1298 4236 1370 4273 con-

148 4284 247 4358 iungit
264 4283 428 4340 Ablativum
452 4289 614 4342 absolutum
634 4307 701 4342 cnm
724 4288 855 4360 praeced.
881 4291 1039 4362 Participio
1063 4291 1190 4358 agnitae.
1220 4289 1267 4344 Gis
1286 4294 1315 4356 4,
1334 4293 1370 4346 bt
