2868 4792
225 182 369 248 curua
390 183 516 250 xx111.
539 183 665 252 xxm.
695 183 883 265 (numa
904 145 944 250 a.
957 183 1070 267 cao.)
1198 189 1260 255 aer

41 355 115 408 taeta
134 367 197 408 esse
215 356 262 404 aut
277 366 331 418 per
349 349 546 418 discessionem,
573 352 600 406 si
618 352 825 414 consentiretur,
859 357 906 406 asel
932 351 1093 420 conquisitis
1117 353 1260 408 sententiis

40 423 240 492 persingulas,
265 425 291 474 si
316 422 398 475 dubia
416 439 462 476 res
486 431 570 488 esset,
597 423 780 478 Tuberonem
807 438 877 478 vera
904 429 934 478 et
951 423 1068 476 Ateium
1087 423 1258 494 Capitonem

40 513 108 550 rere
127 494 305 552 contendere
323 492 406 560 dicit,
431 495 529 548 mullum
555 495 652 550 sclam
670 496 744 562 fieri,
769 511 822 547 nom
845 493 1008 548 discessione
1026 495 1112 560 lacta,
1138 497 1207 564 quod
1229 497 1259 548 ia
1286 505 1289 514 ⁴

40 567 158 620 onaibus
175 566 244 630 Sc„
268 566 348 618 etiam
373 580 440 632 quae
464 581 512 632 per
535 567 693 620 relationem
715 569 817 634 fierent,
847 565 979 618 discessio
1002 573 1070 618 esset
1093 569 1268 624 necessarias

40 639 79 692 De
98 653 143 704 eo,
173 638 226 708 qui
249 645 278 691 et
301 637 422 714 rogabat
440 639 607 704 sententias,
636 647 666 692 et
689 639 803 709 prunus
827 653 861 690 ra
883 635 991 702 abatur,
1017 654 1046 689 v.
1072 636 1109 691 ad
1132 655 1193 709 cap.
1213 641 1256 696 22.

41 729 65 764 6.
85 713 112 766 3.
141 737 173 748 -
201 726 220 760 a
238 726 287 777 pao
306 725 377 776 aqua
395 715 475 776 alque
493 709 725 776 igniacensem,
753 728 782 762 v.
805 655 950 774 adlit,
970 714 994 764 1.
1015 716 1045 762 et
1061 711 1089 774 8,
1115 713 1160 776 68,
1178 713 1204 766 2·
1224 741 1258 754 -
1308 715 1314 726 '

39 781 109 836 Mac
122 781 230 836 Scauro
248 781 336 834 datum
347 789 402 836 cet.
420 799 449 834 u.
461 779 498 834 ad
516 787 543 848 1,
556 784 582 848 7,
600 783 626 838 8.
648 797 721 834 -ae
732 781 801 834 bona
816 781 1031 848 publicarentur,
1049 779 1160 847 vata,
1172 786 1216 848 17,
1230 786 1257 840 3.

472 903 664 990 darer
716 934 839 988 xx1v.

121 1043 312 1106 Illustrium
334 1041 491 1106 domuum
514 1041 652 1106 adversa
674 1045 810 1114 (etenim
830 1041 920 1106 haud
948 1043 1089 1106 multum
1121 1041 1259 1106 distanti

39 1137 191 1211 tempore
213 1125 388 1208 Calpurnii
408 1127 571 1204 Pisonem,
601 1128 736 1190 Aemilii
763 1125 925 1211 Lepidam
954 1127 1146 1205 amiserant)
1173 1128 1258 1190 sola·

39 1214 84 1274 tio
115 1211 228 1274 affecit
257 1209 297 1273 D.
326 1209 459 1272 Silanus
488 1209 604 1286 laniae
644 1211 787 1270 lautitiae
822 1207 984 1272 redditus.
1035 1209 1155 1272 Casum
1186 1213 1258 1272 eius

38 1297 154 1378 paucis
177 1301 336 1378 repetam.
380 1291 426 1354 Ut
446 1292 556 1355 valide
578 1292 654 1354 divo
677 1293 826 1376 Augusto
849 1295 884 1352 in
907 1311 977 1353 rem
999 1293 1166 1372 publicam
1179 1295 1257 1356 For-

38 1388 131 1454 tuna,
154 1381 200 1438 ita
224 1375 314 1438 domi
335 1377 542 1458 improspera
566 1377 629 1436 fuit
650 1376 692 1443 ob
715 1373 958 1458 impudicitiam
976 1376 1062 1438 filiae
1083 1397 1121 1438 ac
1136 1379 1257 1458 neptis,

39 1459 217 1544 quasUrbe
239 1459 378 1544 depulit,
401 1457 636 1540 adulterosque
658 1478 774 1519 earum
796 1467 904 1520 morte
925 1467 983 1520 aut
1004 1461 1081 1546 iuga
1103 1462 1255 1542 punivite

39 1567 113 1606 nam
135 1545 266 1626 culpam
289 1545 379 1610 inter
400 1545 491 1606 viros
512 1562 550 1603 ac
572 1543 708 1604 seminas
731 1542 1015 1628 vulgatam‘gravi
1037 1543 1258 1606 6666166166-

38 1648 150 1690 sarum
172 1627 375 1712 religionum
396 1645 435 1688 ac
457 1626 599 1689 violatae
621 1626 801 1686 maiestatis
824 1624 1020 1708 appellando
1049 1627 1257 1688 clementiam
1305 1647 1312 1668 ⁴

39 1714 205 1772 maiorum
226 1731 366 1792 suasque
386 1711 457 1790 ipse
477 1709 567 1793 leges
590 1705 835 1794 egrediebatur.
879 1707 945 1769 Sed
967 1709 1111 1770 aliarum
1136 1711 1256 1782 exitus,

39 1794 137 1855 simul
160 1801 272 1854 cetera
293 1793 384 1853 illius
405 1793 522 1854 aetatis
544 1791 747 1866 memorabo,
769 1792 797 1851 si
818 1793 955 1866 effectis,
984 1793 1019 1851 in
1041 1811 1123 1874 qnae
1151 1791 1256 1872 tendi,

38 1879 151 1960 plures
173 1873 215 1936 ad
237 1895 333 1936 curas
355 1875 460 1937 vitam
481 1872 682 1956 produxero.
726 1874 765 1934 D.
790 1872 924 1936 Silanus
947 1875 981 1934 in
1003 1875 1095 1957 nepti
1112 1875 1257 1960 Augusti

38 1960 181 2035 adulter,
215 1977 397 2040 quanquam
419 1977 485 2018 non
506 1957 598 2018 ultra
620 1959 708 2018 foret
728 1959 891 2018 saevitum
920 1977 1016 2038 quam
1044 1967 1082 2018 ut
1109 1959 1257 2020 amicitia

37 2040 190 2106 Caesaris
212 2041 460 2124 prohiberetur,
482 2041 634 2101 exsilium
656 2039 720 2100 sibi
742 2035 966 2102 demonstrari
988 2041 1164 2113 intellexit,
1194 2062 1256 2104 nec

37 2128 101 2190 nisi
123 2123 264 2188 Tiberio
285 2126 498 2208 imperitante
520 2121 695 2204 deprecari
717 2131 866 2184 senatum
888 2139 925 2182 ac
945 2121 1132 2201 Principem
1155 2143 1256 2186 ausus

36 2218 83 2270 est
106 2207 157 2270 M.
178 2207 285 2270 Silani
305 2209 422 2270 fratris
443 2209 604 2288 potentia,
638 2205 694 2287 qui
715 2223 777 2286 per
798 2205 962 2290 insignem
984 2205 1192 2266 nobilitatem
1221 2213 1257 2270 et

36 2293 261 2373 eloquentiam
293 2289 523 2374 praecellebat.
573 2286 638 2348 Sed
665 2285 825 2347 Tiberius
857 2295 968 2386 grates
999 2289 1112 2450 apsenti
1142 2287 1255 2350 Silano
1307 2326 1309 2341 1

34 2375 192 2440 Patribus
214 2393 326 2435 coram
347 2369 534 2456 respondit,
556 2389 734 2454 aequoque
755 2369 884 2448 laetare,
916 2369 1003 2451 quod
1040 2379 1129 2432 rates
1150 2375 1256 2434 eiuse

32 2461 297 2540 peregrinatione
318 2456 495 2540 longinqua
517 2457 716 2516 reuertisset:
736 2453 831 2534 idque
852 2457 922 2516 iure
943 2452 1074 2534 licitum,
1096 2459 1173 2538 quia
1191 2475 1255 2518 non
1313 2461 1317 2470 “

34 2553 166 2604 senatus
194 2539 350 2618 consulto,
390 2559 454 2602 aon
481 2539 553 2619 tege
579 2537 690 2618 pulsus
718 2537 817 2618 soret.
862 2535 937 2600 Sibi
971 2545 1072 2600 taenea
1101 2539 1256 2602 adversus

33 2647 98 2688 eum
121 2629 272 2706 integras
291 2627 439 2704 pareretis
460 2624 512 2684 sui
533 2619 751 2701 offensionem
773 2639 874 2702 neque
895 2621 1000 2682 reditu
1021 2619 1130 2686 Silani
1150 2624 1255 2686 disso-

33 2709 113 2782 luta,
138 2729 220 2791 quoe
241 2705 410 2790 Augustus
432 2705 594 2772 uoluisset.
637 2705 714 2766 Fuit
733 2703 871 2788 posthac
892 2706 928 2766 in
949 2702 1040 2768 Urbe
1066 2726 1173 2790 neque
1194 2707 1255 2770 ho·

33 2813 134 2856 nores
155 2791 294 2874 adeptus
317 2801 376 2854 est.

102 2916 132 2967 1.
144 2909 294 2962 illustrium
311 2909 427 2962 donicens
444 2907 570 2972 aduersa,
587 2905 618 2960 h.
629 2925 654 2962 e.
673 2905 803 2960 illustras
817 2905 919 2959 domus
938 2905 969 2959 in
981 2900 1127 2972 adversius
1146 2907 1253 2962 Waltb.

31 2983 107 3037 Vera
133 2981 291 3036 uerborum
315 2980 466 3035 distinctio
490 2987 520 3034 et
537 2977 626 3034 lectio
651 2977 774 3032 debetur
796 2979 936 3030 Mercero.
967 2979 1083 3044 petitum
1107 2979 1254 3032 illustrium

31 3057 55 3112 d.
77 3056 206 3111 adversa.
244 3053 283 3106 Ae
301 3054 370 3106 enim
389 3083 421 3094 —
441 3051 591 3104 amiserant.
628 3049 735 3104 Solatia
754 3055 809 3102 cet.
835 3047 898 3101 edd.
917 3055 975 3100 vet.
1001 3055 1068 3102 ante
1092 3047 1170 3118 Lips.
1202 3049 1253 3104 Pa'..

32 3127 179 3180 renlhesis
199 3134 296 3179 tamen
315 3132 358 3179 est
377 3125 408 3178 in
428 3123 472 3190 ed.
492 3122 558 3176 Ber.
594 3153 625 3165 -
653 3121 750 3174 caeam
768 3120 825 3170 eius
841 3119 936 3184 paucis
953 3127 1078 3186 repetam,
1105 3118 1135 3172 h.
1148 3138 1172 3174 e.
1192 3139 1253 3176 666-

31 3201 156 3252 moriam
169 3205 198 3250 et
216 3197 413 3266 narrationem
432 3195 494 3250 aius
506 3203 572 3248 ante
591 3193 735 3248 omissam.
756 3209 784 3244 v.
798 3189 834 3242 ad
847 3187 883 3241 11.
895 3193 922 3256 4,
937 3192 982 3255 48,
997 3193 1020 3244 l.
1034 3191 1111 3243 Hinc
1123 3199 1153 3244 et
1169 3207 1253 3259 supra

32 3279 59 3322 et
71 3287 154 3338 super
172 3277 294 3336 repetere
305 3272 349 3334 16,
371 3271 402 3324 18
420 3285 464 3338 pr.
486 3275 515 3320 et
533 3263 616 3320 Ouid.
635 3263 767 3328 Metti,
785 3263 846 3318 308.
865 3267 900 3312 ut
913 3261 1018 3314 altiore
1033 3261 1114 3314 initio
1132 3271 1251 3330 repetere
1327 3301 1328 3304 =

31 3341 65 3394 tt.
86 3345 117 3408 2,
135 3343 180 3398 27.
211 3340 267 3393 alte
289 3346 411 3408 repetere
434 3337 527 3394 0.1s.
552 3345 581 3391 et
606 3335 703 3407 simpl.
730 3339 849 3400 repetere
868 3335 912 3396 12,
931 3333 974 3390 62.
1002 3334 1087 3386 altius
1106 3333 1251 3400 disserere,

30 3430 173 3540 ecrpogeret,
198 3410 328 3538 epipeSdifie
343 3410 531 3538 (pppirpeippol
542 3409 586 3463 rei
600 3407 738 3535 5ulterius
762 3405 902 3476 repetito)
926 3407 954 3471 3,
974 3407 1017 3462 26.
1037 3406 1080 3462 62.
1105 3405 1140 3458 Η.
1159 3409 1187 3473 4,
1207 3411 1251 3464 12.

66 3525 73 3536 .
122 3502 215 3540 orna
274 3502 290 3536 a
367 3501 383 3536 a
442 3500 485 3535 .e
533 3500 625 3558 ug..

99 3561 127 3618 2.
150 3557 188 3612 tte
206 3555 243 3611 D.
263 3557 389 3620 Augusto
406 3554 502 3606 ualida
519 3569 549 3606 sn
567 3567 620 3605 rem
637 3548 770 3618 publicam
788 3548 908 3600 Fortuna
926 3549 989 3614 suit,
1015 3550 1043 3603 ei
1060 3550 1202 3620 aspiravit
1219 3552 1251 3606 in

31 3626 167 3684 omnibus
185 3627 316 3680 consiliis
335 3625 511 3698 coeptisque,
529 3641 602 3696 quae
620 3623 656 3676 ad
674 3639 766 3692 remp.
791 3628 965 3691 spectarent,
992 3617 1034 3673 tto
1058 3621 1128 3674 domi
1153 3624 1251 3689 impro-

30 3718 112 3768 spera
131 3699 185 3764 [uit
204 3707 258 3753 cet.
283 3693 681 3762 cantuarensium.
702 3693 763 3746 Oct.
783 3716 808 3752 c.
827 3695 870 3750 65.
907 3691 1007 3746 Malim
1034 3693 1062 3744 in
1081 3694 1249 3760 republica,

29 3767 355 3898 limittit-“tt‘’
380 3768 508 3894 ”titt
527 3764 1173 3908 it‘tttt‘lt‘ttttit'lltt't‘tt
1191 3781 1251 3893 tt?

347 3885 353 3897 ·
1041 3872 1050 3898 s
1174 3873 1181 3886 ·
1240 3874 1250 3900 s

29 3934 56 3978 u,
76 3934 102 3969 c.
130 3931 177 3985 sp.
203 3879 317 3985 Eurzip!
337 3872 472 3970 (tr.”533.
499 3907 553 3981 tyb
580 3909 611 3963 dl
629 3901 723 3962 e’itta
745 3905 881 3983 pentacos
900 3903 997 3974 πέφυκ’
1019 3899 1096 3978 ἀνήρ,
1121 3903 1194 3972 πλὴν
1212 3911 1250 3966 εἰς

29 3991 196 4058 θυγατέρας.
230 3983 274 4042 Gi.
299 3985 369 4040 Xen.
397 3982 500 4038 Oecon.
525 3985 571 4048 18,
597 3985 621 4038 1.
646 3981 735 4042 Anab.
754 3986 782 4050 2,
800 3985 827 4050 6,
846 3983 892 4036 36.
920 3977 995 4032 llist.
1022 3979 1073 4032 Gr.
1094 3981 1121 4044 7,
1139 3981 1165 4034 4.
1185 3977 1249 4034 3664

32 4057 139 4116 Waltls.
175 4057 222 4111 Ita
240 4073 308 4112 vera
327 4056 424 4110 valida
441 4055 571 4110 Fortuna
598 4069 657 4106 non
675 4053 747 4108 bene
771 4053 932 4126 opponitur
954 4050 1142 4116 improsperae,
1181 4049 1249 4103 166-

50 4127 127 4192 enda
143 4129 283 4183 videntur
300 4127 395 4182 ualida
413 4128 442 4180 in
460 4143 514 4182 rem
530 4127 673 4194 publicam,
693 4125 725 4178 in
744 4127 805 4180 eius
824 4123 956 4188 salutem,
975 4129 1009 4174 ut
1028 4120 1144 4178 similia.
1164 4139 1191 4174 v.
1212 4121 1249 4176 ad

26 4151 54 4268 l,
74 4205 122 4268 76,
139 4203 166 4258 3.
187 4209 217 4256 et
235 4199 297 4256 lnd.
317 4199 356 4252 11.
375 4217 403 4252 r.
422 4199 462 4252 ln.
492 4198 576 4249 -ob
602 4197 798 4264 impudicitiam
821 4195 897 4262 filiae
914 4193 1007 4248 Iuliae
1025 4207 1067 4252 ⁴aa
1085 4193 1172 4260 neptis
1200 4194 1248 4246 Iu·

29 4274 99 4342 liae,
129 4291 202 4344 quaa
228 4271 310 4326 illius
334 4269 427 4326 Iuliae
454 4277 483 4324 ct
501 4267 647 4346 Agrippae
671 4267 733 4324 filia
759 4267 820 4325 tuit
847 4275 877 4322 et
894 4273 984 4336 nupta
1002 4262 1127 4320 Aemilio
1146 4265 1248 4334 Paulo;
