2868 4792
227 199 228 202 ‘
266 219 444 290 ,orror
465 221 574 316 xum.
608 217 794 303 (nune.
823 219 989 302 num>
1192 221 1255 288 nn

55 388 199 468 destruam
223 385 420 452 Plancinam.
463 387 605 454 Perinde
635 409 754 452 uenena
782 402 814 452 et
835 399 923 453 artes
952 399 1015 452 tom
1036 389 1179 469 feliciter
1199 407 1252 450 en·
1276 419 1279 426 ·

52 482 150 552 pertas
168 481 305 535 uerteret
327 477 362 536 in
382 470 611 554 Agrippinam,
639 477 673 536 in
696 473 814 538 liberos
836 477 918 548 eius,
941 476 1165 556 egregiamque
1186 475 1253 534 avi-

53 575 93 617 on
117 575 153 617 ac
178 565 324 638 patruum
351 559 510 638 sangnine
536 559 728 620 miserrimae
750 558 857 620 domus
877 561 1067 620 exsatiaret.
1109 553 1254 618 Biduum
1331 563 1351 602 Ν

53 639 247 720 superhaec
275 641 420 724 imagine
447 641 648 725 cognitionis
681 641 909 723 absumptum,
947 648 1089 726 urgente
1117 639 1256 700 Tiberio
1325 633 1327 640 ’

53 721 161 784 liberos
182 723 323 800 Pisonis,
344 730 484 782 matrem
506 725 557 784 uti
578 731 767 787 tuerentur.
810 723 852 784 Et
872 743 972 805 quum
987 730 1202 786 accusatores,
1217 741 1255 784 aa

53 811 140 866 testes
167 806 320 865 certatim
341 813 543 887 perorarent
574 805 794 888 respondente
815 806 920 882 nullo,
953 807 1126 866 miseratio
1203 824 1283 864 am·

52 887 163 948 invidia
198 887 392 972 augebatur.
445 889 577 949 Primus
599 891 798 952 sententiam
819 897 958 976 rogetus
979 889 1137 950 Aurelius
1187 893 1257 948 otta

51 971 152 1030 consul
188 969 277 1046 (naui
312 974 479 1032 referente
506 967 648 1032 Caesare
676 974 891 1058 magistratus
923 989 963 1034 eo
992 971 1092 1032 etiam
1119 972 1258 1031 munere

51 1052 272 1138 iungebantur)
306 1071 427 1114 nomen
453 1053 583 1114 Pisonis
610 1051 793 1116 rodendum
821 1055 914 1115 lastis
943 1055 1090 1131 censuit,
1118 1061 1257 1197 dpartem

50 1135 199 1196 bonorum
227 1134 477 1216 publicandam
517 1155 595 1217 pars
622 1145 661 1198 ut
690 1133 750 1198 Cn.
778 1137 891 1198 Pisoni
916 1135 988 1198 filio
1015 1155 1115 1198 conce
1139 1143 1256 1197 eretur

50 1217 136 1298 isque,
150 1238 353 1299 praenomen
374 1225 529 1282 mutaret.
574 1217 622 1278 M.
645 1219 731 1297 Piso,
761 1227 860 1282 exuta
881 1218 1045 1306 dignitate
1067 1227 1101 1280 et
1121 1225 1257 1300 accepto

49 1302 251 1385 quinquagies
273 1303 442 1376 sestertio,
465 1303 500 1360 in
522 1299 635 1362 decem
658 1321 761 1363 annos
782 1302 965 1382 relegatur,
987 1318 1140 1362 concessa
1161 1299 1258 1360 Plan-

48 1383 129 1442 cinae
148 1382 377 1442 incolumitate
398 1381 440 1440 ob
462 1397 578 1460 preces
599 1381 778 1462 Augustae.

109 1465 131 1515 Ι.
167 1461 294 1514 Tiberius
316 1460 520 1525 adolescentem,
548 1461 584 1515 Μ.
604 1459 746 1526 Pisonem,
778 1459 889 1514 crimine
915 1458 1008 1512 civilis
1033 1459 1100 1512 belli
1115 1461 1257 1526 purgauit,

48 1529 165 1583 absolvit.
203 1528 288 1586 Ratio
316 1533 484 1584 continetur
508 1547 570 1602 cap.
596 1533 639 1587 16.
664 1539 693 1584 et
711 1534 737 1596 2,
762 1533 797 1588 tt
816 1549 859 1601 sq.
880 1557 911 1568 -
947 1531 1042 1598 patris
1064 1529 1161 1600 qnippe
1182 1531 1259 1583 iussn

48 1607 92 1656 cet.
126 1603 239 1667 „Immo
257 1601 329 1655 talia
346 1603 440 1672 patris
459 1603 535 1654 iussa
553 1609 651 1673 potest
668 1619 703 1654 aa
720 1601 803 1658 debet
820 1602 992 1656 detrectare.
1021 1601 1066 1654 ct.
1087 1601 1164 1654 Gell.
1183 1603 1211 1668 2,
1230 1603 1256 1654 7.

48 1678 72 1722 et
87 1669 168 1726 Grot.
187 1673 225 1726 de
244 1675 308 1726 iure
325 1671 398 1726 belli
424 1689 458 1725 aa
502 1672 560 1724 acis
578 1675 606 1736 2,
625 1671 688 1728 25.“
706 1673 785 1725 Brot.
804 1674 966 1738 detrectare,
993 1690 1021 1724 v.
1041 1672 1077 1725 ad
1095 1675 1139 1738 14,
1157 1675 1201 1730 52.
1222 1699 1255 1712 -

48 1757 95 1794 can
107 1746 211 1810 pudore
228 1752 255 1798 et
272 1743 385 1808 flagitio
402 1759 457 1812 per
474 1741 506 1796 tr
522 1739 570 1796 eet
588 1742 670 1796 δυοῖν
687 1741 774 1810 dicta,
802 1753 836 1797 ut
854 1745 891 1796 H.
911 1748 938 1810 4,
957 1746 1001 1800 62.
1038 1745 1137 1796 rubore
1163 1749 1189 1796 et
1213 1745 1256 1798 in·
1317 1807 1318 1812 ἵ

46 1811 134 1874 fania:
160 1833 230 1869 nam
252 1815 339 1881 pudor
363 1831 396 1866 ao
419 1813 513 1878 rubor,
544 1815 595 1885 qui
620 1815 711 1867 animi
735 1823 929 1882 emanarunt,
954 1831 1021 1868 cum
1039 1813 1151 1879 flagitio
1170 1823 1199 1868 at
1241 1831 1257 1870 e

46 1883 148 1948 insania
171 1889 215 1942 ita
239 1886 355 1940 demum
379 1885 463 1961 iungi
486 1893 617 1955 possunt,
648 1887 673 1938 si
695 1885 767 1939 bueo
790 1889 955 1957 posteriora
973 1903 1009 1938 ex
1028 1885 1089 1939 illis
1107 1886 1202 1956 priori
1221 1905 1255 1940 us

47 1957 160 2021 pendere
177 1975 236 2030 per
254 1957 426 2010 Genitiruru
446 1955 553 2010 obiecti
572 1957 803 2023 existimaverim
832 1957 914 2011 llotlt.
940 1974 970 2026 p.
989 1960 1034 2014 33.
1055 1957 1099 2010 Cf.
1120 1958 1182 2011 Ind.
1202 1957 1255 2016 111.

46 2043 68 2076 v.
84 2029 284 2098 llendiodyoin.
323 2027 493 2093 „Flagitium
511 2025 542 2079 ln.
563 2026 582 2078 l.
603 2035 632 2080 et
651 2033 677 2094 1,
694 2031 740 2084 27.
759 2030 878 2099 proprie
899 2028 1010 2080 dictum
1029 2029 1065 2082 do
1083 2029 1144 2082 acri
1161 2031 1257 2099 turpi·

46 2115 92 2164 qne
104 2095 328 2178 ‘efflagitatione
353 2099 434 2166 ¹Hinc
452 2106 495 2150 est
512 2099 552 2151 id.
566 2098 613 2168 qd.
633 2097 727 2152 scelus
744 2099 882 2176 flagrans,
901 2100 977 2168 inpr.
996 2099 1113 2152 vitiatio
1130 2100 1178 2152 vir
1199 2101 1256 2154 in‘is

45 2178 101 2236 post
126 2179 244 2243 turpem
268 2169 408 2225 eiusmodi
434 2169 709 2246 efflagitationem.“
732 2169 861 2223 Doederl.
887 2169 995 2240 Synon.
1020 2171 1059 2226 11.
1084 2188 1112 2240 p.
1143 2119 1198 2226 142
1213 2190 1255 2242 sq.

46 2237 83 2292 ct.
101 2243 134 2296 ed
153 2243 190 2296 G.
212 2246 256 2298 12.
279 2261 309 2294 n.
328 2243 355 2296 5.
376 2272 409 2282 -
444 2240 659 2305 interfectricem
679 2241 793 2309 nepotis,
818 2243 856 2294 cf.
879 2240 942 2297 lud.
962 2240 1016 2297 111.
1041 2260 1068 2295 v.
1086 2241 1258 2310 Metonymia
1282 2279 1286 2292 .

45 2319 70 2362 et
90 2315 176 2368 Verba
193 2313 383 2366 insolentiores.
405 2345 438 2354 -
475 2311 578 2378 eripere
595 2313 713 2374 senatui,
738 2315 801 2367 eius
820 2313 982 2390 cognitioni
1001 2319 1031 2365 et
1047 2314 1185 2382 potestati
1201 2331 1257 2384 pu·

44 2383 190 2437 aiendi-
210 2387 281 2454 qnod
294 2400 347 2452 pro
365 2383 483 2436 omnibns
501 2381 604 2434 civibus
622 2383 700 2448 leges
717 2385 866 2448 obtineant,
885 2391 919 2436 ut
936 2383 1142 2438 interfectores
1161 2391 1257 2438 morte

43 2457 208 2522 puniantur3
227 2457 305 2510 Brot.
325 2487 358 2498 -
399 2455 512 2510 Vitellii
529 2460 555 2505 et
577 2453 692 2508 Veranii
708 2469 783 2522 ooce,
802 2459 840 2509 oi.
860 2471 892 2508 ea
914 2492 921 2505 .
943 2457 984 2509 to.
1004 2459 1047 2511 13.
1067 2487 1099 2497 -
1125 2455 1256 2520 delictum,

45 2535 72 2577 nt
96 2544 118 2580 c.
141 2532 177 2586 49
226 2546 249 2581 r.
271 2556 303 2566 -
342 2526 458 2580 Perinde
480 2524 537 2580 MS.
561 2523 623 2580 edd.
643 2527 707 2580 Ber.
726 2525 816 2582 Rhen.
835 2531 862 2582 1.
913 2542 938 2578 a.
958 2523 1052 2579 Gron.
1070 2527 1142 2580 Ern.
1166 2533 1196 2580 et
1217 2525 1255 2580 al.

42 2595 148 2652 Proinde
166 2546 235 2654 edd.
253 2591 343 2655 Rhea.
363 2601 389 2654 2.
399 2601 425 2654 3.
442 2596 506 2651 nlo.
517 2600 612 2666 etseq.
632 2597 715 2674 „Ego
731 2598 866 2665 concedo,
885 2597 1084 2680 promiscuum
1102 2599 1255 2668 utriusque

43 2685 96 2726 roo.
115 2689 200 2725 usum
220 2673 252 2724 in
266 2671 416 2742 plerisque
427 2667 563 2723 formulis
574 2667 717 2724 obtinere:
737 2671 814 2724 unde
829 2669 944 2736 perinde
961 2685 996 2722 oc
1012 2670 1038 2722 ei
1057 2669 1157 2725 eodem
1168 2687 1255 2724 sensu

43 2739 185 2797 invenitur
211 2743 244 2796 in
268 2743 357 2796 inser.
383 2759 428 2812 ap·
454 2741 539 2796 Grut.
565 2759 595 2812 p.
624 2745 685 2798 242.
712 2759 770 2812 quo
792 2741 908 2810 proinde
930 2755 964 2792 ac
987 2740 1014 2792 si
1037 2757 1081 2812 ap.
1112 2741 1255 2794 Muratori
1352 2797 1355 2806 Δ

41 2809 119 2868 Thes.
138 2817 161 2872 1.
178 2815 292 2939 piem·
328 2813 432 2883 Neque
450 2819 549 2866 tamen
567 2829 653 2890 nego,
681 2813 757 2880 satis„
776 2811 960 2867 luculentum
984 2811 1257 2868 discrimeninten·

42 2885 140 2940 cedere.
225 2903 293 2956 mpe
311 2893 469 2954 utrumque
493 2885 740 2954 comparationem
763 2886 905 2948 instituit,
937 2881 1050 2937 diverse
1069 2892 1190 2938 ,tantum
1208 2900 1254 2934 ra·

41 2955 121 3027 tione.
157 2957 277 3012 Perinde
294 2957 405 3010 indicat
421 2973 529 3010 nexum
548 2957 690 3026 temporis
708 2963 758 3008 aut
775 2955 845 3018 looi,
863 2955 977 3020 (Germ.
996 2955 1144 3020 ebenso)
1163 2953 1253 3020 proin-

41 3028 193 3082 deuexum
219 3044 330 3095 causae,
356 3027 432 3082 dem
460 3029 606 3104 gemitis.
650 3025 723 3080 Boni
749 3026 821 3080 libri
844 3029 913 3080 satis
931 3033 1095 3079 constantes
1113 3023 1168 3078 eibi
1186 3032 1255 3078 sunt

42 3098 68 3150 in
84 3098 138 3154 hoc
156 3100 313 3170 utriusque
330 3101 411 3154 vocis
429 3117 491 3152 usu.
528 3097 625 3176 Igitur
650 3097 765 3164 perinde
782 3103 899 3152 verteret
921 3103 967 3152 est
984 3098 1170 3152 continuaret
1186 3099 1254 3150 ver·

38 3177 108 3234 ters3
125 3171 244 3238 proinde
262 3177 378 3224 verteret
396 3171 435 3224 id.
455 3171 501 3241 qd.
521 3177 650 3224 verteret
668 3169 782 3223 ratione
799 3167 898 3222 habita
937 3168 1038 3234 retiae,
1062 3187 1119 3238 qua
1136 3167 1255 3220 fruatur

40 3243 108 3310 apud
125 3244 339 3314 imperatorem
357 3249 385 3296 et
403 3243 571 3318 Augustam.
607 3239 771 3311 Utrumque
788 3238 819 3292 h.
838 3241 860 3293 1.
910 3240 1046 3310 inveniti
1068 3239 1117 3294 sed
1134 3235 1254 3292 Tacitus

40 3311 66 3364 in
84 3313 289 3370 exhortatione
307 3322 475 3368 constanter
496 3313 585 3367 habet
609 3313 733 3378 proinde,
759 3320 793 3366 ut
819 3309 1117 3377 ululato-215⁴
1146 3308 1254 3364 Wolln.

41 3383 80 3437 ct.
98 3387 133 3439 ad
152 3388 190 3440 G.
212 3387 238 3442 5.
257 3403 286 3438 n.
305 3387 330 3442 θ.
351 3393 379 3439 et
397 3387 467 3463 Agr.
487 3389 530 3440 lo.
549 3403 578 3437 n.
593 3385 623 3440 6.
643 3381 732 3438 orell.
751 3383 787 3438 ed
805 3381 865 3436 cic.
884 3399 913 3453 p.
933 3381 994 3438 Mil.
1014 3383 1040 3436 7.
1075 3383 1199 3460 Herzog·
1218 3381 1255 3436 ad

41 3453 111 3510 Caes.
121 3458 153 3509 B.
165 3459 204 3511 G.
220 3462 246 3522 7,
256 3458 301 3512 65.
320 3457 454 3512 Hofman·
464 3458 496 3510 in
514 3455 610 3510 latinii
628 3455 733 3510 Anual.
752 3453 868 3534 paedag.
878 3453 943 3520 Vll,
961 3458 986 3509 l.
1003 3471 1033 3524 p·
1044 3455 1089 3510 32.
1101 3481 1135 3493 -
1152 3469 1254 3508 nenena

39 3535 61 3580 et
71 3535 152 3594 artes,
173 3531 213 3582 cf.
225 3525 289 3582 Iud.
302 3529 355 3582 111.
365 3547 394 3582 v.
409 3527 609 3598 Hendiadyoin.
622 3559 654 3570 -
674 3527 815 3592 egregiam
830 3526 928 3591 aniam,
946 3527 1104 3597 εἰρωνικῶς,
1121 3533 1155 3582 nt
1168 3527 1252 3592 1,5s.

100 3602 126 3654 2.
154 3601 274 3659 Biduum
296 3617 377 3668 snper
399 3599 467 3654 laec
490 3599 611 3664 imagine
634 3597 802 3663 cognitionis
828 3598 1003 3664 absumptam:
1038 3597 1151 3664 „Recte
1176 3613 1256 3664 super

38 3667 111 3722 boec:
141 3689 204 3726 non
233 3673 312 3725 enim
336 3673 491 3726 denotatur
520 3678 734 3746 argumentum,
766 3669 798 3722 in
821 3685 879 3740 quo
897 3665 1047 3722 tractando
1064 3684 1119 3738 per
1135 3667 1255 3722 biduum

38 3743 234 3810 versabantur,
261 3743 338 3814 quod
363 3745 530 3816 requireret
556 3757 636 3808 saper
653 3740 707 3806 tte,
732 3738 777 3806 (ut
794 3759 839 3812 ap.
858 3737 937 3796 Suet.
957 3739 1037 3794 Gaes-
1061 3743 1088 3796 5.
1115 3739 1210 3792 natan
1228 3745 1255 3791 et

37 3813 89 3877 ipae
106 3831 193 3884 super
212 3831 244 3868 ea
262 3831 292 3866 re
310 3814 472 3881 concionem)
496 3811 546 3866 sed
563 3830 622 3879 ree,
648 3813 727 3866 inter
744 3830 832 3882 φιαιιι
853 3812 904 3867 vel
927 3829 983 3882 qua
1000 3810 1124 3866 durante
1141 3810 1182 3864 ali
1225 3809 1255 3862 id

36 3886 219 3952 factumest,
246 3884 297 3950 (nt
314 3901 393 3954 saper
411 3901 527 3952 coenam,
550 3885 646 3950 vinam,
674 3885 768 3950 epulas
792 3882 871 3938 Suet.
889 3881 945 3935 luL
969 3883 1015 3940 87.
1043 3882 1107 3934 Oct.
1126 3885 1169 3938 77.
1184 3828 1253 3936 quib·

36 3959 74 4011 55.
93 3957 170 4014 run.
194 3976 239 4028 ep.
258 3962 286 4023 3,
304 3959 331 4014 5.
351 3961 378 4025 l,
398 3959 441 4014 22.
469 3955 550 4010 Curt.
569 3958 597 4021 8,
616 3957 662 4024 l.)
688 3955 767 4025 quod
784 3955 892 4010 eximia
908 3953 939 4010 h.
958 3953 981 4010 l.
999 3953 1145 4006 convenit.
1179 3951 1255 4004 Nem

35 4043 108 4093 snper
126 4029 174 4083 liis
195 4029 350 4105 significat,
370 4029 546 4105 cognitionis
564 4027 647 4080 illins
673 4027 782 4080 molem
799 4026 887 4082 biduo
910 4033 1024 4082 tantum
1040 4025 1171 4146 qutuisse
1187 4038 1255 4092 per-

36 4097 87 4166 fici,
105 4101 190 4171 anod
209 4101 328 4154 minime
348 4101 414 4153 vult
431 4108 549 4166 auotor3
572 4114 650 4165 snper
667 4097 745 4164 naec,
768 4099 888 4153 brevius
905 4095 1020 4165 quidem
1038 4115 1049 4146 ι
1063 4093 1122 4148 lam
1139 4093 1255 4146 oonsul-

36 4173 176 4227 tationem
206 4173 333 4242 potuisse
360 4171 479 4238 absolvi,
513 4171 634 4224 biduum
655 4177 752 4224 tamen
780 4187 840 4224 esse
862 4175 1077 4237 consumptum,
1107 4163 1176 4218 dum
1201 4163 1255 4216 illa

36 4245 257 4310 consultaretur,
276 4244 362 4312 idque
381 4251 478 4298 exacte
496 4241 638 4313 exprimit
654 4239 751 4294 Taciti
767 4247 903 4294 mentem.
939 4239 1015 4292 Nam
1034 4252 1102 4289 cum
1121 4235 1254 4360 indighna·

35 4315 110 4370 tiona
128 4315 209 4370 haec
226 4315 382 4386 eloquitur.
420 4313 514 4369 Verba
530 4313 653 4379 magiae
670 4311 838 4378 cognitionis
855 4309 984 4366 absolute
1000 4309 1095 4380 posita
1112 4315 1181 4362 nunt
1219 4321 1254 4359 oc

1200 4469 1216 4506 Χ
