2762 4788
585 149 841 254 inuentum
858 187 942 252 me.
965 187 989 250 1.
1083 171 1086 180 ’

632 353 826 410 CAPUT
862 352 937 409 lll.

258 463 415 536 Ceterum
435 463 606 552 Augustus
628 461 776 528 subsidia
803 459 1025 526 dominationi
1053 456 1230 522 Claudium
1252 455 1367 518 lllarcel·

174 549 255 626 lum,
289 549 417 610 sororis
443 548 550 610 fllium
581 547 758 610 admodum
779 545 1033 616 adolescentem,
1065 541 1263 604 Pontificatn
1282 547 1312 602 et
1328 559 1368 616 cu

174 633 243 694 ruli
268 629 458 710 Aedilitate,
491 630 540 696 M.
563 631 760 720 Agrippam,
791 629 973 718 ignobilem
998 627 1086 704 loco,
1121 625 1246 688 bonnm
1274 623 1368 686 militis

175 722 209 778 et
234 715 399 786 victoriae
427 717 565 791 socium,
602 717 778 802 geminatis
806 711 1034 786 consulatibus
1061 709 1200 782 extulit,
1234 726 1305 768 mox
1332 704 1368 767 de

173 801 289 860 iuncto
311 795 476 860 Marcello
503 817 664 898 generum
686 797 842 879 sumpsit3
864 795 1040 858 Tiberium
1058 792 1231 855 Neronem
1251 797 1283 851 et
1296 787 1368 853 Clau«

174 878 268 942 dium
290 879 439 942 Drusum
460 883 634 968 privignos
656 879 883 964 imperatoriis
914 875 1106 939 nominibus
1134 876 1240 952 auxit,
1263 875 1368 958 integra

174 965 369 1025 etiamtum
392 962 588 1026 domosua:
622 983 699 1026 nam
720 965 850 1050 genitos
873 963 900 1023 A
927 963 1024 1044 rippa
1046 957 1163 1020 Caium
1195 976 1234 1018 ac
1253 957 1368 1018 Lucium

113 1125 117 1138 ι
173 1047 210 1108 in
231 1045 392 1110 familiam
414 1045 593 1110 Caesarum
620 1044 808 1118 induxerat,
843 981 984 1106 necdum
1012 1043 1122 1125 posita
1149 1041 1273 1122 puerili
1297 1058 1368 1122 pras

173 1137 266 1192 texta
289 1125 461 1210 Principes
487 1132 667 1196 Iuventutis
696 1129 875 1212 appellari,
908 1125 1070 1190 destinari
1097 1125 1260 1200 consules,
1287 1123 1368 1204 speci<

174 1215 361 1276 recusantis
383 1215 639 1299 flagrantissime
660 1215 843 1294 cupiverat.
885 1207 931 1273 Ut
950 1209 1101 1294 Agrippa
1131 1210 1204 1270 vita
1224 1206 1368 1269 concessit

172 1295 214 1360 L.
236 1293 411 1358 Gaesarem
439 1304 573 1360 euntem
600 1294 642 1358 ad
663 1295 903 1378 Hispanienses
933 1295 1111 1370 exercitus,
1144 1287 1262 1352 Caium
1288 1305 1368 1350 remc-

173 1387 285 1442 antem
309 1377 468 1441 Armenia
499 1387 533 1442 et
559 1381 700 1440 vulnere
727 1375 912 1440 invalidum
944 1395 1035 1438 mors
1070 1376 1140 1435 fato
1169 1389 1367 1456 properare

173 1480 340 1525 novercae
373 1461 492 1524 Liviae
524 1459 620 1524 dolus
656 1461 812 1540 abstulit,
852 1459 1030 1542 Drusoque
1062 1455 1194 1540 pridem
1235 1455 1369 1528 exstincto

172 1543 267 1607 Nero
289 1544 379 1608 solus
399 1564 418 1606 e
440 1545 605 1630 privignis
627 1551 710 1607 erat.
752 1543 838 1606 Illuc
859 1549 980 1604 cuncta
1006 1560 1166 1628 verger03
1199 1539 1299 1618 filius,
1325 1535 1369 1604 col

172 1628 246 1712 lega
272 1628 424 1710 imperii,
466 1626 833 1690 consors‘tribuniciae
859 1626 1032 1708 potestatis
1067 1625 1252 1686 assumitur
1278 1621 1369 1688 omnis

173 1729 238 1793 que
265 1729 327 1792 per
355 1710 522 1773 exercitus
548 1717 747 1790 ostentatur,
781 1729 849 1771 non
876 1709 1041 1786 obscuris,
1075 1715 1115 1768 ut
1134 1716 1246 1785 antea,
1280 1705 1369 1766 matri

172 1793 314 1873 artibus,
335 1791 394 1855 sed
414 1794 521 1876 palam
549 1793 706 1856 hortatu:
747 1813 824 1854 nam
850 1811 963 1854 senem
982 1791 1170 1877 Augustum
1202 1787 1369 1852 devinxerat

171 1874 274 1955 adeo,
309 1877 361 1937 uti
387 1884 543 1957 nepotem
574 1878 711 1938 unicum
743 1875 930 1963 Agrippam
958 1875 1153 1938 Postumum
1183 1873 1218 1934 in
1256 1871 1369 1936 insulan

170 1959 357 2024 Planasiam
385 1961 578 2042 proiiceret,
613 1958 732 2022 rudem
761 1979 840 2022 sane
867 1959 1031 2022 bonarum
1059 1959 1185 2020 artium
1211 1963 1248 2020 et
1275 1955 1369 2018 robou

172 2043 326 2124 eorporis
347 2041 467 2106 stolide
489 2045 646 2119 ferocem,
668 2041 794 2108 nullius
815 2051 925 2104 tamen
944 2041 1065 2128 flagitii
1091 2047 1311 2122 compertum.
1347 2035 1369 2098 A

170 2125 308 2188 hercule
340 2123 576 2188 Germanicum
606 2125 720 2188 Druso
747 2132 861 2200 ortum
888 2134 965 2188 οοῑο
993 2121 1082 2206 apud
1112 2122 1266 2190 Rhenum
1292 2123 1369 2208 legio

170 2209 269 2270 nibus
290 2210 453 2292 imposuit
472 2211 636 2292 ascirique
657 2227 719 2290 per
739 2207 951 2292 adoptionem
972 2206 1145 2270 aTiberio
1165 2207 1276 2282 iussit,
1296 2223 1369 2288 quan

170 2311 267 2375 qnam
296 2299 383 2356 esset
410 2295 446 2353 in
478 2289 577 2354 domo
605 2291 739 2354 Tiberii
765 2292 854 2354 filins
881 2291 1034 2364 iuvenls;
1063 2287 1121 2352 sed
1170 2306 1215 2351 uo
1245 2289 1369 2372 pluribn

169 2375 387 2442 munimentis
418 2375 598 2440 insisteret.
645 2374 775 2438 Bellum
803 2394 841 2436 ea
870 2375 1069 2458 tempestate
1100 2311 1232 2436 nullum
1253 2373 1317 2434 nisi
1336 2367 1370 2434 ad

169 2459 289 2522 versus
312 2455 496 2520 Germanos
518 2467 705 2603 superarat,
726 2455 907 2520 abolendae
927 2455 1033 2546 magis
1056 2457 1213 2524 infantiae
1235 2457 1279 2520 ob
1299 2455 1370 2518 amis

169 2561 244 2642 pum
264 2560 341 2639 cqm
361 2540 527 2642 Quintilio
568 2560 644 2650 ³aro
666 2542 861 2639 exercitum,
930 2559 984 2642 am
1015 2537 1173 2622 cupidine
1199 2533 1370 2658 proiepend

168 2622 895 2791 ttttsgtttttttttstt&tutte
917 2623 1370 2790 ttttttttttttst

169 2789 272 2851 etiam
302 2805 396 2852 senes
423 2789 578 2874 plerique
614 2790 705 2854 inter
732 2789 819 2852 bella
845 2790 971 2856 civium
1001 2791 1084 2856 nati.
1126 2787 1370 2873 Quotusquisqn

99 2969 103 2982 .
167 2871 331 2954 reliquus,
359 2872 417 2956 qui
437 2891 510 2935 rem
530 2872 698 2962 publicam
717 2870 878 2939 vidisset!

239 3011 267 3065 1.
286 3005 332 3062 Gi.
350 3006 386 3061 ll.
405 3012 432 3074 1,
453 3011 488 3066 14
504 3025 546 3080 sq.
572 3008 724 3076 Angustus,
744 3009 797 3079 qni
815 3015 936 3080 praeter
953 3007 1073 3064 unicam
1097 3007 1194 3064 filiam
1212 3009 1323 3063 lulium
1347 3003 1370 3058 ni

166 3079 215 3134 hit
239 3079 403 3138 liberorum
427 3077 557 3141 heberet,
586 3097 622 3134 ex
646 3089 744 3136 cetera
766 3081 992 3153 propinquitate
1020 3099 1069 3136 sua
1096 3081 1301 3153 providendos
1328 3079 1370 3132 sib:

166 3150 263 3222 quoad
292 3151 467 3230 longissime
490 3160 597 3224 posset,
622 3171 800 3210 successores
826 3153 984 3210 iudicavits
1017 3171 1086 3208 nam
1110 3153 1262 3225 sapienter
1285 3171 1329 3224 ap.
1347 3151 1370 3204 lc

166 3224 249 3296 sepln.
269 3223 303 3280 A.
321 3225 350 3279 J.
371 3225 393 3280 l.
413 3229 455 3282 18.
477 3224 614 3280 Tiberius
637 3227 729 3281 morti
748 3227 901 3296 proximus
913 3225 1082 3300 Caligulam
1102 3233 1214 3290 monet,
1232 3223 1283 3288 τὰς
1300 3219 1370 3300 perd

166 3309 224 3358 σεις
246 3301 305 3360 τοῖς
327 3290 462 3368 ἄρχουσιν
479 3293 670 3358 ἐπικινδύνους
688 3291 768 3352 alvus
788 3301 864 3358 Mur.
884 3323 920 3340 -
941 3299 1067 3353 subsidia
1085 3299 1277 3366 dominationi,
1296 3305 1331 3349 ut
1347 3311 1370 3348 re

51 3423 53 3430 ,
166 3375 225 3422 ctor
242 3367 333 3422 iuveni
350 3374 377 3434 1,
396 3371 440 3425 at.
459 3369 531 3422 dosa
548 3369 655 3436 templis
671 3373 698 3436 2,
716 3373 760 3428 titt.
781 3387 880 3426 cusuus
899 3372 970 3426 bello
988 3373 1015 3437 l,
1033 3373 1078 3428 tt.
1098 3377 1127 3424 et
1150 3369 1219 3429 alia.
1257 3369 1370 3424 Absolnt

166 3447 197 3494 et
214 3457 271 3509 per
288 3441 411 3510 apposit.
431 3437 509 3494 dicta
527 3457 601 3510 pro:
631 3447 665 3496 ut
683 3450 778 3496 essent
795 3441 920 3496 subsidia
939 3441 1158 3510 dominationis,
1182 3443 1208 3496 ei
1232 3441 1370 3498 honoribt

166 3511 391 3569 extollerentur.
412 3511 455 3566 Gi.
467 3511 529 3566 lnd.
540 3513 592 3568 111.
611 3531 638 3569 v.
653 3513 1132 3583 AppositioetDatieueots'ectivas.
1161 3515 1324 3582 ‚‚ceterum
1334 3515 1370 3566 sut

163 3585 241 3638 sidia
253 3584 445 3640 dominationis
460 3585 572 3654 saepius
592 3593 621 3638 et
637 3603 709 3642 vere
727 3585 869 3643 dicontur
885 3585 945 3642 lilii
963 3583 1147 3656 heredesque
1166 3587 1370 3658 Imperatores

164 3653 214 3709 Sic
226 3656 391 3727 paulopost
408 3657 762 3726 quoplutiiessuesimeetie
777 3659 930 3724 insisteret,
948 3659 1116 3724 fulciretur,
1135 3659 1302 3724 niteretur;
1323 3659 1370 3710 iia

163 3729 209 3784 52
228 3744 281 3782 soa
291 3729 432 3796 legiones,
450 3743 504 3782 sos
522 3730 625 3784 classes
640 3729 755 3798 perinde
766 3731 851 3794 firm
865 3731 973 3799 imperii
989 3732 1149 3786 muenia
1167 3749 1242 3802 muer
1264 3745 1369 3786 sunm

163 3800 321 3866 liberareris,
356 3799 464 3870 Enrip.
490 3799 564 3854 Med.
583 3803 646 3858 600.
684 3803 778 3857 ‘Pisce
795 3797 948 3874 τυράννους
965 3802 1080 3868 παῖδας,
1098 3803 1189 3877 ἔρυμα
1207 3799 1332 3878 δώμασι,
1350 3803 1370 3862 (r

163 3869 203 3924 sl.
222 3873 322 3932 σθένος
340 3879 370 3926 et
387 3867 482 3926 ordios
498 3866 596 3939 ὅικων)
623 3871 702 3928 Suet.
727 3873 790 3932 cel.
810 3878 853 3932 1².
876 3875 1001 3928 medie
1027 3877 1118 3940 uulua
1148 3875 1218 3934 Sen.
1247 3893 1332 3930 cous.
1358 3889 1370 3924 a

164 3943 250 3996 Mem.
271 3945 300 4002 i.
323 3944 489 4000 adminicula
505 3945 660 4011 Augusti.“
682 3945 757 4014 Lipa.
791 3945 837 4000 lte
854 3953 1008 4012 secantur,
1028 3945 1081 4014 qui
1100 3947 1257 4002 succedere
1288 3945 1370 4000 inin

162 4015 248 4084 perio
266 4023 388 4086 possunt
406 4023 457 4070 ant
475 4014 616 4072 destinari
634 4033 829 4074 successores:
856 4033 924 4074 nam
943 4017 1060 4072 facilius
1079 4026 1109 4073 et
1126 4019 1330 4076 confidentius
1349 4019 1370 4072 ir

162 4088 258 4163 surgit
275 4087 402 4174 popuplus
429 4085 565 4174 pdrenns
583 4089 765 4160 Principem,
792 4089 885 4178 onius·
898 4099 995 4146 morte
1021 4093 1086 4146 lore
1104 4109 1134 4146 ee
1160 4093 1291 4148 liberum
1311 4099 1370 4161 put

163 4167 197 4284 :t
211 4159 1370 4306 titt*,ttttttm”tttttsttttttttitttttttttststt

161 4311 194 4358 tu
211 4303 410 4374 praesentibus
434 4306 611 4376 eqqnieecits
638 4307 714 4366 Mer.
734 4313 763 4362 et
780 4307 847 4366 ltrs.
876 4307 1023 4382 Augustus
1041 4308 1194 4386 Aprippm
1220 4311 1326 4366 andum
1345 4315 1370 4364 tr
