2774 4784
188 241 322 300 [mlv
680 229 906 296 DIALOGUS

191 411 327 490 rationi
353 432 392 482 se
418 425 678 508 responsurum
703 401 893 498 profitetur
923 399 963 470 in
988 397 1058 470 hoc
1083 395 1223 486 libello,
1258 403 1294 466 et
1325 417 1382 487 pro

189 515 305 588 nrisso
339 532 404 580 suo
438 505 609 578 satisfecit
642 527 718 598 cap.
746 502 795 576 24
815 543 866 554 —-
887 499 945 573 42.
982 499 1117 594 quibus
1143 519 1272 566 causae
1297 494 1382 564 huin

187 615 245 684 rei
269 623 306 684 et
331 616 519 700 corruptae
545 603 772 720 eloquentiae
797 593 1030 694 eaponuntur
1055 617 1174 692 neque
1193 595 1382 666 ostenditur

192 736 256 786 cur
289 707 493 804 eloquentia
525 705 656 773 veteris
689 712 724 772 et
757 701 869 772 huius
902 699 1027 770 aetatis
1062 698 1216 785 diversa,
1255 695 1320 764 sed
1342 717 1382 762 cn

190 813 255 884 illa
279 808 496 881 eminentior
528 803 638 874 luerit
672 811 708 872 et
738 801 827 870 haec
861 808 1026 868 avetere
1064 795 1181 891 gloria
1205 795 1382 866 desciverit

191 938 225 982 v.
253 935 329 1004 cap.
356 907 417 982 28.
469 905 526 976 De
552 899 770 996 differentia
795 899 897 970 eninr
929 898 1099 992 antiquae
1133 905 1168 966 et
1198 894 1382 966 recentiori

188 1008 416 1106 eloquentiae
442 1006 593 1096 eiusque
618 1001 735 1070 causis
759 1001 866 1070 unice
893 997 1055 1092 disputat
1078 995 1180 1090 Aper
1205 1018 1283 1088 cap.
1303 991 1344 1064 16
1357 1033 1382 1042 -

188 1111 250 1186 24.
278 1119 313 1180 et
338 1106 489 1201 quidem
513 1103 564 1174 ita
589 1123 704 1196 eoque
729 1097 882 1170 consilio
917 1106 960 1167 ut
994 1105 1242 1188 cognoscatur,
1275 1093 1382 1164 horuu

191 1220 403 1303 temporum
435 1202 681 1298 eloquentiam
719 1195 940 1270 dissimilem
974 1195 1125 1290 quidem
1166 1196 1335 1288 antiquae
1369 1217 1382 1260 e

192 1311 375 1382 diversam
408 1327 498 1393 esse,
539 1325 614 1370 non
648 1318 734 1368 vero
769 1297 988 1368 deteriorem
1023 1295 1087 1365 sed
1120 1293 1177 1364 illi
1211 1294 1382 1364 anteferet

192 1410 290 1496 dam,
317 1407 408 1498 (cap.
440 1403 513 1486 le.)
548 1409 584 1470 et
608 1408 747 1469 veteres
782 1407 942 1468 oratores
975 1395 1190 1488 neutiquam
1223 1396 1382 1464 immune

192 1509 305 1580 fuisse
330 1503 487 1592 avitiis,
513 1499 732 1570 recentiores
757 1521 835 1593 non
859 1497 989 1590 dignos
1016 1518 1094 1564 esee
1120 1495 1186 1588 qui
1210 1519 1231 1564 a
1257 1489 1382 1564 Messal

194 1611 471 1680 contemnantur
497 1609 533 1670 et
563 1597 792 1670 irrideantur.
825 1595 870 1682 (c.
902 1593 973 1678 15.)
1025 1591 1147 1664 Ceteri
1179 1593 1302 1683 amici,
1337 1591 1382 1662 Ma

192 1717 331 1794 ternus,
357 1701 548 1776 Secundus
573 1706 610 1770 et
634 1695 790 1768 Messala
812 1695 935 1766 ubivis
960 1694 1170 1788 praedicant
1193 1693 1382 1764 eminenti<

192 1829 273 1878 rem
298 1812 465 1875 veterum
496 1811 709 1892 temporum
742 1794 990 1890 eloquentiam
1029 1804 1203 1888 tanquam
1236 1817 1316 1864 non
1346 1793 1382 1864 dt

144 1940 152 1950 ·
193 1905 295 1976 biam
328 1912 365 1974 et
398 1923 489 1995 quae
522 1897 745 1970 defensionis
778 1893 879 1966 haud
916 1893 1086 1988 indigeat.
1121 1918 1150 1963 c.
1181 1892 1236 1967 14.
1268 1892 1326 1966 15.
1356 1889 1382 1962 lt

193 2003 253 2078 24.
284 2003 343 2076 27.
378 2001 437 2076 28.
496 1997 589 2070 Eam
625 2018 770 2091 quoque
804 1993 967 2066 defendit
999 1991 1155 2064 Messala
1197 2017 1228 2066 c.
1255 1992 1318 2066 25.
1351 1989 1382 2064 21

187 2103 366 2178 adversus
403 2098 571 2194 Aprum,
616 2097 680 2191 qui
719 2092 819 2164 eolus
857 2116 961 2164 more
1000 2116 1067 2164 suo
1106 2092 1325 2164 contradicit
1363 2091 1382 2176 (t

192 2203 231 2297 §-
257 2199 380 2286 XXI.)
406 2209 442 2272 et
471 2221 502 2269 c.
532 2193 713 2268 16-24.
741 2187 991 2287 differentium
1025 2201 1211 2264 oratorum
1244 2203 1382 2286 vetemt

193 2311 230 2372 et
263 2301 508 2372 recentiorum
542 2293 719 2382 concedit,
752 2317 827 2364 non
852 2289 1104 2364 excellentiam
1137 2291 1304 2364 illorum.
1356 2287 1382 2360 O

192 2401 228 2496 ἓ.
255 2401 376 2474 XXV.
427 2399 535 2471 Idem
559 2395 660 2489 Aper
686 2392 906 2464 obmutescit
930 2392 1017 2462 inde
1043 2417 1064 2462 a
1089 2415 1164 2486 cap.
1183 2391 1244 2466 24.
1272 2401 1312 2462 et
1336 2393 1381 2486 ipt

192 2521 377 2572 unacum
402 2499 566 2570 Materno
592 2504 629 2564 et
652 2491 822 2565 Secundo
857 2502 960 2586 urget
991 2490 1185 2562 Messalam
1211 2516 1240 2562 c.
1269 2489 1336 2564 33.
1375 2515 1381 2558 t

193 2623 269 2671 non
293 2621 407 2670 unam
433 2596 498 2666 sed
522 2592 646 2688 plures
672 2616 795 2663 causas
820 2601 1021 2685 expromat,
1046 2615 1119 2670 ‚cur
1144 2590 1381 2687 eloquentia‹

195 2709 333 2770 ceterae
358 2706 453 2767 artes
479 2693 698 2765 desciverint
722 2715 743 2760 a
767 2701 887 2762 vetere
913 2688 1040 2785 gloria.
1066 2731 1117 2744 -
1168 2691 1293 2772 Quam
1332 2713 1381 2760 vet

193 2797 283 2870 haec
308 2797 391 2883 sint,
417 2794 554 2888 patebit
578 2815 623 2861 ex
647 2792 683 2884 ἓ.
710 2791 832 2862 XXV.

279 2893 330 2990 mg
356 2893 503 2967 XXIII.
555 2893 599 2964 In
627 2888 770 2983 dialogo
795 2899 920 2961 nostro
957 2891 1003 2960 ab
1040 2890 1146 2962 initio
1180 2889 1372 2962 adfinem

193 2997 282 3068 viris
307 2992 559 3068 disertissimis
585 2989 791 3084 disputatur
816 2990 861 3060 de
887 2988 1103 3084 eloquentia,
1138 2991 1183 3060 de
1208 3011 1250 3061 ea
1276 3002 1358 3062 arte

193 3119 245 3186 re,
270 3117 363 3190 quae
388 3103 469 3164 tum
494 3090 668 3184 dignitate
694 3099 730 3160 et
753 3091 936 3182 gravitate,
969 3099 1049 3160 tum
1074 3087 1358 3184 pulchritudine

195 3194 382 3288 elegantia,
419 3203 500 3262 tum
526 3191 690 3260 ubertate
716 3198 752 3259 et
776 3190 946 3262 varietate
981 3212 1092 3284 quam
1123 3192 1286 3262 maxime
1316 3207 1381 3262 con

194 3294 388 3366 mendatur
421 3299 458 3360 et
491 3289 633 3360 animos
674 3287 854 3359 lectorum
893 3287 1006 3360 allicit
1031 3282 1091 3376 ³⁴).
1152 3290 1245 3362 Tres
1287 3301 1381 3362 aute}

190 3451 387 3464 fi——n—-u-o
392 3449 428 3458 -oe

265 3507 302 3578 ³⁴)
321 3511 399 3578 „Vix
418 3509 569 3581 quisquam
587 3509 623 3564 de
641 3507 824 3578 eloquentiae
843 3507 986 3585 dignitate
1004 3519 1033 3564 et
1071 3511 1193 3565 revitate
1211 3529 1347 3582 unquam
1369 3509 1381 3565 d

189 3583 307 3644 ‚tritavia
343 3582 559 3636 Meminerimus
577 3587 684 3645 autem,
713 3587 818 3648 quanta
836 3579 867 3630 vi
894 3580 948 3634 illa
965 3581 1044 3651 apud
1087 3599 1184 3636 raeces
1208 3581 1380 3652 Romanosq

193 3656 225 3708 in
250 3653 368 3707 iudiciis
393 3653 539 3706 dominata
567 3653 615 3718 sit,
640 3651 672 3703 in
695 3649 954 3705 consultationibus
979 3655 1155 3728 regnaverit,
1179 3654 1209 3706 in
1233 3672 1380 3730 magnorr

175 3727 327 3780 ¹'atrorum
345 3723 476 3776 laudibus
494 3721 672 3777 celebrandis
690 3721 826 3786 valuerit,
845 3720 971 3793 denique
987 3733 1094 3794 quanto
1114 3723 1209 3778 studio
1227 3742 1243 3777 a
1261 3725 1380 3780 Roman

192 3796 269 3867 quod
287 3795 321 3849 ad
339 3796 502 3848 universam
521 3793 649 3848 civitatis
666 3791 852 3862 disciplinam
871 3795 1102 3848 constituendam
1122 3804 1150 3850 et
1168 3797 1203 3849 ad
1217 3796 1338 3850 civium
1361 3819 1378 3852 a

191 3884 254 3921 mos
281 3867 313 3918 in
337 3865 585 3919 administratione
607 3863 790 3935 publicarum
813 3879 913 3917 rernm
938 3865 1077 3943 regendos
1103 3867 1268 3940 plurimum
1297 3871 1380 3924 fecer

191 3945 313 3992 tractata
340 3937 379 3990 sit
403 3945 432 3990 et
457 3935 581 3990 exculta.
625 3933 701 4000 Quae
723 3953 812 4005 quum
830 3935 911 3988 nobis
930 3935 1132 4005 obversentur,
1156 3955 1212 4008 quo
1236 3938 1336 3994 altius
1358 3961 1380 3996 et

191 4007 383 4064 assurrexisse
402 4015 431 4061 et
448 4007 640 4078 praevaluisse
659 4005 774 4070 scimus,
794 4019 829 4058 eo
846 4009 938 4082 magis
957 4009 1107 4076 miramur,
1135 4009 1212 4082 quod
1235 4028 1303 4064 eam
1338 4013 1380 4066 δν.

156 4115 177 4142 .
189 4079 381 4148 delapsamtet
399 4079 562 4154 neglectam
580 4076 702 4132 iacuisse
720 4077 778 4146 ipsi
795 4071 924 4131 Romani
935 4089 1105 4150 querantur,
1123 4099 1213 4153 eoque
1227 4085 1329 4159 magis
1352 4105 1380 4161 gs

190 4149 404 4236 domu-s,·quod,
423 4167 496 4234 quae
514 4148 599 4203 buius
618 4147 816 4200 conversionis
835 4151 947 4203 suerint
965 4169 1075 4217 causae,
1095 4169 1143 4208 eae
1162 4151 1195 4206 ab
1214 4153 1287 4224 ipsis
1311 4155 1380 4212 lion

190 4239 235 4274 nra
254 4219 374 4285 ervrbus,
394 4238 445 4292 qur
463 4221 596 4291 priorum
615 4227 778 4288 temporum
804 4217 930 4295 gloriam
957 4223 1073 4276 iamiam
1098 4225 1282 4278 interituram
1314 4229 1380 4300 dep

190 4299 267 4357 rent,
286 4292 434 4362 expositae
453 4291 535 4345 nobis
553 4289 713 4344 tradantur.
752 4289 871 4344 Accedit
889 4293 976 4362 qtrod,
996 4311 1053 4363 quo
1070 4297 1180 4350 maiore
1207 4295 1308 4351 studio
1340 4319 1380 4356 ve
