2890 4790
258 191 403 258 CAPUT
424 194 515 263 LVI.
537 195 646 262 LVII.
689 193 743 274 (Δ.
760 193 799 260 U.
816 195 886 263 779.
910 187 950 260 Δ.
964 195 1000 262 C.
1015 199 1082 276 26.)
1153 246 1156 256 ,
1225 199 1286 266 lar

492 359 688 418 carol*
739 360 860 418 LVII.

146 465 240 528 inter
267 487 350 548 quae
368 465 439 558 tdiu
467 467 630 532 meditato
661 465 858 553 prolatoque
884 471 1015 553 saepius
1038 471 1191 552 consilio,
1214 479 1286 534 tan-

62 547 139 611 dem
176 547 298 612 Caesar
332 555 367 612 in
404 549 617 633 Campaniam
664 555 773 636 specie
807 551 982 634 dedicandi
1017 555 1159 638 templa,
1198 555 1288 638 apud

63 631 212 714 Capuam
238 631 325 710 Iovi,
358 632 448 716 apud
473 635 595 698 Nolam
623 634 788 722 Augusto,
820 633 878 698 sed
905 645 1017 699 cartus
1047 639 1168 722 procul
1196 639 1288 702 Urbe

62 715 197 802 degere.
240 713 383 778 Causam
414 717 584 782 abscessus
612 739 798 802 quanquam
828 729 962 782 secutus
984 719 1150 802 plurimos
1172 729 1288 784 aucto-

62 819 141 858 rum
161 797 205 859 ad
226 797 339 860 Seiani
361 808 450 862 artes
472 798 591 876 retuli3
626 803 704 882 quia
725 809 836 863 tamen
857 800 957 864 caede
979 807 1052 865 eius
1074 813 1207 888 patrata
1229 823 1287 866 sex

61 889 179 964 postea
208 899 313 942 annos
343 883 418 964 pari
451 892 580 944 secreto
609 887 800 963 coniunxit,
833 885 1034 968 plerumque
1067 907 1287 971 permoveor,

60 985 143 1026 num
165 962 207 1026 ad
229 967 339 1046 ipsum
360 968 485 1028 relerri
505 969 620 1027 verius
642 969 688 1028 sit
714 969 888 1030 saevitiam
910 987 948 1030 ac
969 967 1153 1048 libidinem,
1184 989 1287 1052 quum

60 1049 160 1110 lactis
188 1058 372 1128 promeret,
404 1049 487 1110 locis
517 1051 750 1114 occultantem.
800 1051 904 1112 Erant
935 1054 992 1133 qui
1021 1051 1216 1130 crederent,
1250 1055 1286 1114 in

60 1138 235 1196 senectute
262 1131 416 1213 corporis
443 1152 575 1214 quoque
604 1133 754 1196 habitum
774 1132 898 1216 pudori
920 1137 1040 1198 luisse:
1084 1137 1208 1218 quippe
1235 1135 1287 1196 illi

59 1213 282 1298 praegracilis
304 1223 338 1274 et
358 1216 500 1276 incurva
528 1219 727 1297 proceritas,
760 1215 869 1279 nudus
891 1217 1013 1300 capillo
1039 1227 1169 1296 vertex,
1198 1217 1288 1280 ulce-

59 1315 140 1357 rosa
160 1297 261 1358 iacies
283 1315 322 1358 ac
344 1297 542 1380 plerumque
563 1299 836 1362 medicaminibus
858 1303 1089 1380 interstincta3
1122 1311 1155 1362 et
1177 1301 1287 1362 Rhodi

59 1387 192 1442 secreto
214 1381 325 1440 vitare
347 1389 473 1456 coetus,
497 1381 681 1444 recondere
702 1383 891 1465 voluptates
914 1387 1075 1448 insuerat.
1120 1382 1287 1446 Traditur

60 1464 164 1523 etiam
192 1465 310 1522 matris
338 1463 538 1544 impotentia
567 1473 750 1543 extrusum,
782 1486 879 1548 quam
903 1465 1141 1530 dominationis
1164 1469 1288 1528 sociam

59 1545 304 1628 aspernabatur
341 1565 447 1630 neque
480 1545 647 1628 depellere
682 1556 834 1631 poterat,
880 1571 983 1631 quum
1024 1549 1288 1620 dominationem

60 1631 170 1689 isam
217 1625 343 1690 donum
365 1631 454 1690 'eius
488 1631 679 1710 accepisset.
739 1629 827 1692 Nam
868 1629 1084 1694 dubitaverat
1117 1635 1146 1694 A
1218 1642 1289 1696 atus

60 1648 301 1794 (germanicum
331 1712 461 1774 sororis
492 1720 646 1790 nepotem
674 1719 708 1774 et
728 1715 857 1775 cunctis
878 1713 1051 1774 laudatum
1083 1717 1135 1775 rei
1197 1730 1288 1772 oma-

60 1811 126 1853 nae
147 1795 339 1874 imponere;
361 1790 420 1861 sed
440 1793 596 1872 precibus
609 1794 728 1852 uxoris
740 1794 869 1854 evictus
884 1791 1025 1858 Tiberio
1040 1795 1288 1872 Germanicum,

61 1875 128 1935 sibi
149 1875 325 1936 Tiberium
347 1876 482 1940 ascivit:
514 1873 614 1958 idque
633 1873 786 1960 Angusta
811 1877 1048 1958 exprobrabat,
1081 1879 1285 1960 reposcebat.

133 1995 160 2047 1.
186 1989 233 2044 diu
255 1989 384 2044 meditato
405 1991 575 2062 prolatoque,
604 1999 634 2046 et
658 1990 761 2058 dilata,
787 1991 896 2060 saepius
920 1992 1048 2061 coasilio,
1079 1996 1163 2050 cuius
1186 2012 1288 2052 causae
1348 2057 1353 2069 ¹

57 2078 132 2116 mox
148 2070 359 2117 memorantur.
380 2089 413 2132 ·.·
431 2063 537 2116 landem
558 2065 663 2117 Caesar
680 2064 711 2114 ia
730 2063 904 2130 Campaniam
923 2082 962 2121 ac.
982 2065 1050 2132 ivit,
1068 2069 1218 2136 proiectus
1236 2075 1286 2124 est.

60 2136 107 2188 lta
126 2133 205 2189 Pich.
226 2141 256 2189 et
273 2132 381 2186 Hiller.
401 2149 507 2187 racem.
526 2139 569 2191 31.
597 2133 640 2190 cf.
660 2132 724 2190 lna.
744 2133 796 2188 111.
817 2152 845 2190 v.
865 2135 986 2202 Ellipaes
1004 2155 1032 2190 ιι.
1053 2139 1080 2192 l.
1100 2145 1130 2192 et
1147 2137 1222 2194 Dola.
1253 2139 1289 2192 ad

61 2207 143 2261 Flcr.
163 2210 191 2270 3,
209 2207 235 2260 6.
275 2206 379 2256 Caesar
396 2205 431 2258 iil
452 2205 625 2274 Campaniam
650 2204 709 2281 leg.
733 2203 855 2276 putabat
872 2207 951 2279 Lips.
978 2207 1070 2278 (qnod
1094 2209 1126 2261 in
1154 2210 1288 2264 ordinem

59 2277 177 2346 recepit
193 2277 287 2344 Brot.)
307 2275 412 2328 Caesar
430 2275 491 2328 adit
511 2277 542 2333 G.
562 2277 662 2334 Heius.
683 2277 800 2330 coasilio
819 2279 905 2330 tendit
929 2277 981 2332 vel
999 2279 1107 2331 tendere
1126 2281 1232 2334 Caesar
1259 2281 1289 2332 ia

61 2349 94 2405 C.
115 2347 179 2419 Bip.
218 2375 251 2386 -
289 2347 459 2414 „dedicandi
486 2349 583 2415 templa
607 2347 682 2414 apud
705 2347 825 2416 Capuam
847 2349 915 2412 Ioci,
950 2349 1028 2420 quod
1053 2349 1216 2416 Capitolium
1243 2351 1288 2404 di·

60 2429 153 2486 ctum,
172 2419 245 2488 apud
262 2417 359 2472 Nolam
378 2419 516 2488 Auguste,
536 2420 587 2490 qui
607 2426 740 2474 mortuus
758 2418 810 2477 ibi.
830 2419 875 2474 Gt'.
895 2420 975 2478 Suet.
996 2419 1059 2479 Tib.
1070 2424 1113 2478 46.
1133 2421 1227 2476 etDio
1241 2425 1287 2488 66,

60 2491 126 2547 46.“
146 2491 222 2558 Lipa.
259 2489 303 2543 Cf.
329 2490 364 2543 ad
383 2493 408 2551 l,
428 2493 473 2558 1⁰,
492 2494 518 2548 4.
545 2493 644 2558 templa
667 2489 724 2546 MS.
750 2489 813 2548 edd.
838 2491 911 2549 Ern.
942 2499 972 2546 et
998 2509 1057 2550 rec.
1083 2495 1203 2560 templum
1221 2491 1285 2549 edd.

58 2570 119 2618 vet.
140 2564 220 2630 apud,
240 2563 278 2615 cf.
297 2561 361 2618 Iud.
381 2559 420 2614 11.
442 2589 474 2599 -
492 2564 542 2616 sed
558 2569 647 2615 certus
661 2562 759 2630 procrd
779 2563 853 2620 Urbe
871 2565 981 2630 aegere,
1001 2565 1039 2620 cf.
1059 2563 1095 2617 ad
1114 2569 1158 2632 ll,
1178 2570 1204 2631 1,
1223 2567 1250 2620 2.

132 2635 160 2690 2.
180 2633 295 2686 Causam
313 2633 454 2686 abscessus
474 2661 506 2672 -
525 2634 563 2687 ad
584 2633 681 2688 Seiani
705 2639 781 2686 artes
804 2635 889 2687 retuli
913 2652 974 2705 cap.
993 2638 1035 2690 41.
1059 2667 1092 2678 -
1118 2637 1201 2690 caede
1219 2638 1287 2702 elur,

60 2705 171 2771 Seiani,
194 2711 308 2772 patrata
333 2719 382 2756 aaa
397 2711 496 2770 postea
519 2722 605 2760 annos
621 2705 691 2772 pari
713 2711 816 2758 ararem
835 2706 955 2778 Capreis
974 2707 1124 2771 coniunxit,
1148 2706 1179 2761 b.
1195 2727 1218 2764 e.
1239 2725 1288 2763 sex

59 2793 154 2832 annos
178 2777 332 2830 continuos
355 2784 423 2845 post
446 2775 515 2830 illos
539 2779 670 2848 quinque
694 2778 860 2848 superiores
888 2793 978 2832 annas
998 2780 1104 2856 exegit,
1131 2781 1238 2834 mansit
1256 2779 1287 2834 in

59 2848 165 2904 eodem
183 2855 304 2912 secreto,
322 2854 357 2898 ut
376 2849 531 2901 consolatus
549 2849 713 2914 coniungere
731 2847 812 2905 Suet.
831 2848 892 2904 cal.
913 2854 955 2905 17.
976 2849 1068 2916 dinit3
1087 2851 1153 2904 Era.
1179 2851 1235 2906 sea
1245 2850 1288 2904 ibi

58 2917 230 2984 coniungere
249 2925 293 2973 est
311 2919 493 2984 continuare,
512 2927 546 2972 ut
563 2921 617 2974 inf.
637 2923 665 2986 6,
684 2921 728 2976 26·
759 2917 880 2974 Seianus
898 2921 990 2990 periit
1009 2939 1035 2974 a.
1054 2921 1088 2978 U.
1110 2925 1171 2978 784.
1193 2931 1222 2977 ct
1236 2921 1288 2976 Τί-

59 2991 160 3046 berius
187 2997 322 3044 mortuus
348 2997 392 3043 est
416 3009 441 3052 a.
461 2992 521 3047 780.
560 2991 667 3056 „Idem
684 3006 755 3045 vere
774 2990 911 3046 Tiberius
928 2989 1002 3044 abiit
1019 2992 1097 3047 Urba
1114 3012 1139 3049 a.
1158 2997 1219 3051 778.
1238 3013 1287 3048 ex·

61 3069 151 3116 eunte
169 3078 224 3116 nec
242 3061 341 3116 rediit.
377 3059 421 3114 Er
478 3063 572 3116 abfuit
589 3063 627 3116 XI
646 3079 737 3118 annos
755 3063 909 3117 continuos
928 3061 981 3128 (cf.
1001 3079 1062 3132 cap.
1082 3065 1140 3132 58.)
1160 3074 1190 3120 et
1208 3082 1288 3120 erra·

60 3133 192 3186 vitPlut.
212 3133 248 3188 de
266 3131 370 3187 exsilic
389 3077 490 3204 pbba.
510 3135 593 3188 cuius
605 3135 695 3189 verba
713 3143 781 3189 sunt
793 3135 918 3206 Τιβέριος
936 3134 966 3188 δέ
979 3139 1089 3206 Καῖσαρ
1107 3133 1138 3189 iv
1147 3137 1287 3208 Καπρέαις

60 3201 131 3258 ἔπτὰ
149 3201 193 3272 ἔτη
213 3203 328 3272 διῃτήθη
345 3201 433 3276 μέχρι
450 3211 497 3272 τῆς
514 3208 641 3272 τελευτῆς,
660 3206 719 3260 uisi
738 3207 822 3259 scrib.
841 3207 910 3261 δέκα
934 3205 985 3260 vel
1008 3207 1105 3260 ἕνδεκα
1123 3206 1178 3276 ἔτη.
1221 3209 1288 3262 Nan

61 3276 143 3332 enim
167 3275 278 3330 iuverit
302 3293 379 3342 eum,
406 3277 483 3346 quod
507 3293 567 3330 non
591 3277 692 3331 statim
715 3277 839 3348 Capreas
864 3277 983 3332 secessit
1005 3277 1151 3344 Tiberius,
1179 3281 1287 3350 quippe

60 3349 115 3420 qui
134 3349 165 3402 in
185 3346 342 3417 Campania
359 3347 411 3402 vix
429 3345 525 3402 haesit
543 3347 730 3402 dimidiatum
748 3367 867 3415 annum,
887 3356 922 3400 ut
940 3349 1050 3420 templa
1067 3349 1221 3408 dedicaret.
1249 3353 1286 3404 cf.

60 3437 125 3490 cap.
145 3421 189 3474 67.
225 3419 324 3472 Etiam
342 3437 388 3491 ap.
409 3418 488 3474 Suet.
508 3417 572 3476 Tib.
591 3422 636 3476 51.
649 3418 724 3486 ¹(lala
742 3421 845 3489 quidem
864 3419 993 3485 triennio,
1012 3436 1061 3488 qna
1078 3422 1185 3474 vivente
1203 3429 1289 3476 matre

59 3490 166 3554 abfuit)
184 3491 286 3544 malim
304 3497 360 3542 lala
379 3491 502 3542 biennio:
523 3507 538 3544 e
560 3509 655 3544 ressus
674 3491 753 3546 euim
770 3491 906 3546 Tiberius
923 3490 983 3544 fine
1001 3511 1025 3546 a.
1047 3494 1107 3550 779.
1138 3502 1168 3548 et
1193 3503 1288 3549 mater

61 3563 137 3616 obiit
153 3562 303 3632 principio
321 3579 346 3618 a.
367 3564 428 3618 782.
448 3579 476 3618 v.
498 3561 509 3614 i
544 3561 662 3628 .·t,1.“
682 3563 756 3630 Lipa.
777 3563 821 3621 Cf.
841 3565 936 3634 intpp.
957 3561 1037 3620 Suet.
1065 3592 1098 3602 -
1124 3567 1286 3634 pleramque,

62 3651 149 3703 saepe
168 3634 217 3690 rel
235 3651 455 3703 nonnunquam,
477 3651 506 3688 v.
531 3633 567 3687 ad
584 3639 612 3700 3,
631 3637 677 3702 28,
695 3635 722 3691 l.
758 3663 791 3674 ·-
814 3649 982 3702 permoveor.-
1019 3635 1118 3702 „mihi
1147 3639 1288 3692 venitin

61 3713 201 3772 mentem,
221 3703 321 3759 dubito
340 3707 376 3759 in
396 3705 485 3756 cerias
502 3704 550 3770 sil,
578 3707 617 3758 ad
633 3707 718 3775 ipram
735 3707 840 3772 referri
864 3723 987 3762 eausam.
1025 3707 1154 3762 Verbum
1178 3711 1287 3770 moveri,

59 3775 211 3843 permoum'
229 3795 244 3832 e
262 3783 402 3830 contextu
421 3775 661 3862 intelligendum,
680 3777 847 3848 diciturque
865 3779 952 3833 etiam
971 3780 1124 3854 ingenium
1143 3779 1287 3834 moveri.“

62 3847 130 3900 Era.
151 3847 330 3902 insolentior
347 3855 444 3902 lamen
455 3848 552 3902 ‘dictio
572 3855 632 3914 ιιι,
649 3851 773 3905 fortasse
791 3866 846 3920 pro
863 3865 1018 3916 permovear
1034 3851 1070 3904 ad
1082 3851 1285 3920 reputandum.

61 3951 95 3961 -
126 3936 200 3987 quam
219 3919 304 3985 factis
320 3925 459 3986 premeret,
485 3921 523 3976 cf.
549 3919 586 3974 ad
607 3923 634 3986 3,
654 3923 698 3986 36,
720 3925 744 3976 l.
771 3953 803 3964 -
831 3923 1021 3973 occultantem:
1046 3922 1078 3974 in
1103 3919 1160 3974 MS.
1186 3930 1215 3976 et
1242 3923 1285 3976 ed.

61 3993 128 4046 Ber.
148 3989 319 4044 comitantia.
341 4019 373 4028 —
393 3991 514 4060 emporia
532 4007 632 4060 quoque
649 3991 768 4046 habitum
786 3989 844 4047 lllS.
865 3992 928 4050 edd.
948 3991 1020 4044 Eru-
1045 3999 1075 4046 et
1099 4009 1158 4048 rec.
1186 4009 1285 4061 quoque

60 4064 187 4130 carparis
203 4060 322 4116 babilam
339 4059 403 4116 e'rld.
422 4063 547 4132 priores.
567 4095 600 4106 -
620 4064 715 4130 qm'ppe
732 4063 780 4117 illi
796 4062 985 4134 praegracilis
1002 4067 1029 4113 et
1054 4063 1167 4116 iasuroa
1191 4079 1288 4130 proce·

59 4134 136 4186 ritas
154 4141 209 4189 cet.
247 4133 384 4209 „Pugnat
401 4129 473 4187 haec
491 4133 648 4188 delineatio
666 4153 682 4188 e
700 4133 843 4190 diametro
862 4151 929 4188 cum
942 4131 1044 4188 'verbis
1064 4133 1145 4190 Suet.
1158 4133 1221 4188 Tib.
1240 4138 1285 4193 68.

59 4207 104 4260 De
123 4207 251 4260 veritate
268 4201 428 4258 secundum
447 4213 587 4259 neumam
604 4206 795 4276 pronuntic.“
814 4207 891 4274 Lr'pa.
928 4205 1023 4259 Immo
1041 4203 1174 4270 Suetonii
1199 4207 1286 4261 verba

60 4276 161 4333 intell.
189 4275 227 4332 de
252 4283 357 4353 vegeta
381 4273 494 4330 Tiberii
523 4283 627 4343 aetate,
661 4276 758 4332 Taciti
785 4277 821 4332 de
844 4283 980 4332 aramme
1004 4277 1065 4332 eius
1090 4277 1239 4350 decrepita
1257 4287 1286 4334 et
