2774 4784
196 211 309 271 xmv
473 211 686 278 rursmoa
707 211 765 278 ar
785 213 949 280 amum
971 213 1165 280 iunones

150 391 155 434 ¹·
197 386 408 482 primorum
435 381 665 480 Principum,
690 385 786 456 inter
811 409 903 480 quos
927 384 992 458 ille
1016 395 1103 475 erat,
1137 383 1203 456 sed
1235 380 1386 456 nonnulle

196 495 322 558 nmen
348 485 433 578 'ipro
471 485 673 556 beatissimi
707 483 844 556 saeculi
875 495 958 556 ortu
990 495 1027 556 et
1060 485 1176 556 vitam
1206 481 1386 576 Agricolae]

1 547 2 616 ]
59 581 80 656 f
198 595 372 679 tanquam
397 581 537 654 librum
562 585 866 679 praecursorium,
892 586 967 657 iam
992 609 1024 660 a.
1046 583 1092 656 U.
1111 581 1197 659 850.
1224 580 1386 674 evulgasst

79 2319 81 2324 =
198 2287 286 2348 tunc
310 2273 463 2354 latentes
488 2285 525 2348 et
549 2278 779 2371 temporibus
795 2278 1001 2350 Domitiani
1015 2278 1160 2360 infestis
1185 2277 1317 2346 virtuti
1344 2277 1386 2348 nd

195 683 353 756 videtur.
391 683 440 770 (v.
473 681 560 776 Agr.
591 683 695 757 1-3.
722 681 798 770 44.)
859 684 966 756 Idem
999 683 1099 755 haud
1132 681 1245 754 dubie
1279 683 1370 772 scrip

196 783 289 856 olim
322 783 362 852 in
395 781 517 859 lucem
555 783 755 854 emittenda
788 784 894 854 etin
930 783 990 854 his
1024 783 1262 878 potissimum
1287 779 1386 874 Histq

197 884 272 955 rias
307 891 344 953 et
369 881 554 972 Annales,
581 905 691 976 opera
722 905 798 953 non
822 884 948 954 minus
973 881 1154 972 laboriosa
1179 904 1292 977 quam
1317 877 1386 974 peti

195 981 343 1054 culosae
376 981 475 1056 aleae
499 980 618 1077 plena,
657 981 723 1052 diu
754 992 836 1054 ante
861 993 943 1054 tum
968 983 1165 1054 meditatus
1190 991 1245 1051 est
1270 989 1307 1050 et
1332 991 1386 1072 pel

197 1081 341 1177 polivit,
366 1091 448 1152 tum
465 1105 569 1152 more
584 1079 686 1174 illius
704 1083 784 1152 aevi
799 1093 834 1153 et
850 1083 1014 1154 recitavit
1028 1083 1068 1152 in
1085 1090 1190 1152 coetu
1207 1080 1386 1162 amicoruq

197 1192 234 1254 et
258 1181 305 1252 ad
330 1205 393 1252 eos
418 1181 532 1270 misit,
570 1191 612 1251 ut
636 1191 860 1270 annotarent,
894 1205 986 1276 quae
1012 1180 1284 1268 commutanda,
1320 1195 1386 1274 que

198 1279 393 1354 erimcnda
432 1277 749 1367 (circumcidendo
781 1282 1018 1376 potissimum
1052 1290 1179 1374 utpote
1208 1279 1324 1349 nimis
1351 1301 1372 1348 o

198 1377 325 1466 dacio)
358 1379 629 1469 arbitrarentur,
665 1379 779 1475 (quod
811 1380 858 1452 de
883 1381 1011 1453 Tacito
1045 1379 1178 1451 diserte
1203 1378 1314 1449 tradit
1340 1377 1368 1446 P

94 1553 96 1562 ,
196 1481 283 1552 nius
307 1502 365 1573 ep.
392 1472 427 1565 7,
446 1476 507 1551 20.
523 1475 583 1552 33.
611 1489 646 1550 et
671 1480 707 1570 8,
729 1474 780 1564 7.)
807 1503 952 1552 memor
976 1489 1255 1576 praeceptorum
1268 1477 1371 1547 Hora

197 1579 243 1652 A.
270 1578 312 1649 Ρ.
331 1601 372 1662 r.
400 1575 484 1652 386.
512 1603 589 1674 sqq.
642 1575 689 1653 Si
714 1575 805 1676 quid
828 1592 956 1652 tomen
988 1577 1080 1653 olim
1106 1575 1339 1683 Scripserie,
1385 1653 1386 1676 ἢ

196 1676 325 1753 Maeci
362 1673 565 1750 descendet
599 1675 734 1752 iudicis
767 1701 878 1752 aures
909 1675 966 1752 Et
1034 1677 1133 1752 atrio
1175 1691 1213 1748 et
1245 1677 1386 1764 control

197 1797 406 1872 nonumque
459 1791 631 1864 remotur
663 1778 700 1850 in
724 1801 861 1853 annum
879 1776 984 1852 Mem
1012 1777 1116 1852 renis
1140 1775 1240 1850 intua
1250 1775 1386 1876 peritii

198 1873 323 1950 delere
348 1799 474 1949 ticellt
502 1873 613 1956 Quod
635 1901 706 1952 non
731 1875 897 1952 edideris
906 1905 923 1961 ,-
961 1878 1080 1952 nescit
1110 1901 1185 1952 oon
1210 1877 1336 1949 misac
1362 1895 1386 1962 q

101 2023 103 2027 ·
195 1975 309 2052 verti.
360 1976 550 2048 Praeterea
574 1978 635 2048 vix
661 1987 716 2050 est
740 1979 839 2074 quod
860 1980 1084 2069 dubitemus,
1111 1979 1201 2074 quin
1218 1971 1386 2058 Quintilii

129 2095 131 2100 ’
198 2101 269 2150 nus
288 2076 418 2166 Taciti,
444 2087 486 2148 ut
504 2075 617 2148 Plinii
642 2079 809 2166 minoris,
835 2089 1048 2174 praeceptor
1072 2080 1184 2150 fuerit
1205 2087 1242 2148 et
1258 2077 1360 2169 scrip

198 2186 323 2248 noster
347 2173 499 2246 illorum
526 2177 720 2271 praecipue
744 2177 882 2249 iudicio
908 2178 1080 2250 historias
1106 2201 1190 2248 suas
1214 2179 1255 2246 in
1278 2169 1386 2266 scrinl

1372 689 1386 768 R

1372 1265 1386 1364 ὲ

1370 1371 1386 1546 ssz

1376 1569 1386 1652 ³-

1362 2069 1386 2166 g

1369 2367 1386 2458 ω

199 2377 278 2448 sine
301 2376 452 2446 summo
467 2374 629 2471 periculo
649 2377 887 2470 publicandas
903 2379 1107 2464 subiecerit,
1120 2455 1123 2460 ⁸
1134 2375 1193 2464 (ci.
1210 2375 1297 2470 Agr.
1316 2375 1353 2446 2.

174 2469 450 2555 Quintilianus
481 2486 604 2546 autem
636 2475 713 2547 illis
745 2475 914 2572 perlectis
945 2479 996 2548 ita
1027 2475 1250 2549 iudicaverit
1275 2484 1321 2546 ut
1348 2461 1386 2548 Pl

199 2575 284 2646 nius
310 2598 366 2669 ep.
395 2569 431 2664 7,
457 2571 515 2647 33.
543 2596 726 2669 auguror,
751 2599 818 2646 nec
843 2597 904 2647 me
928 2572 1033 2667 follit
1058 2573 1275 2670 augurium,
1303 2569 1384 2644 laist

185 2663 282 2746 *rias
310 2686 396 2746 tuuc
422 2670 660 2746 immortales
684 2673 848 2766 ficturos.
900 2675 945 2747 Id
970 2698 1115 2772 quoque
1134 2675 1272 2746 iudicio
1292 2675 1344 2745 ad

201 2773 293 2848 dum
317 2773 500 2868 probabili
516 2771 664 2866 colligas
681 2797 727 2844 ex
751 2772 811 2844 his
828 2773 1048 2854 Quintiliani
1072 2775 1210 2846 verbis:
1237 2771 1302 2869 qui
1331 2796 1354 2844 ο

200 2868 467 2964 nominabitur,
492 2893 587 2944 nunc
610 2869 847 2969 intelligitur.
898 2874 1069 2970 Denique
1094 2883 1131 2944 et
1155 2875 1334 2946 audaciae
1356 2865 1386 2944 Ἥ

201 2974 264 3046 citi
289 2971 514 3069 periculosae
539 2981 576 3042 et
599 2975 830 3067 temporibus
850 2973 1066 3062 Domitiani,
1093 2974 1229 3067 quibus
1253 2971 1366 3044 illei

172 3073 404 3168 ,bonoribus
429 3083 467 3144 ct
491 3074 630 3165 ingenii
654 3072 762 3146 laude
786 3073 924 3163 floruit,
959 3072 1164 3144 admodum
1190 3055 1386 3156 conveniri

93 3232 99 3248 .
200 3169 281 3246 illa:
320 3171 380 3242 cui
413 3169 585 3263 tiberiae,
622 3195 832 3268 quanquam
865 3171 1100 3245 circumcicis
1125 3195 1218 3268 quae
1242 3167 1378 3244 diarias

200 3269 379 3361 conterit,
418 3281 455 3342 et
487 3273 719 3366 praecipuam
745 3295 891 3344 causam
917 3274 1103 3346 continere
1128 3273 1320 3362 videntur,

201 3371 331 3442 exierit
354 3368 456 3444 Urbe
490 3381 527 3442 et
560 3371 799 3466 quadriennio
825 3357 978 3444 deinum
1004 3383 1087 3466 post
1112 3371 1273 3461 redierit,
1322 3373 1339 3460 (

200 3467 276 3558 45.)
303 3469 378 3542 scil.
405 3479 447 3542 ut
460 3468 728 3573 malevolorum
746 3471 977 3564 offensiones
995 3472 1147 3544 insidias
1164 3481 1386 3560 accusatore

98 3581 101 3586 '
200 3579 237 3641 et
260 3570 355 3640 iram
379 3570 528 3664 tyranni
554 3569 736 3664 effugeret.
770 3566 798 3656 ⁵)
1385 3585 1386 3656 t

1385 3685 1386 3732 l

1345 2697 1386 2842 ἓξ

1367 2951 1386 3052 Q

1342 3163 1386 3470 ,ἰξῷ-μὲ

273 3786 296 3854 ⁵)
315 3788 403 3844 conf.
419 3787 539 3860 Spaldin
564 3827 571 3842 .
591 3797 620 3844 et
638 3791 784 3846 Buttman·
804 3792 839 3846 ad
858 3792 984 3860 Quintil.
1005 3795 1047 3858 10,
1063 3793 1163 3856 blot.
1184 3799 1262 3861 etp.
1286 3793 1351 3850 ⁷11

199 3859 318 3932 Zumpt.
338 3859 406 3916 ibid.
427 3861 459 3914 in
477 3859 557 3932 Supp
572 3879 625 3915 em.
645 3861 679 3920 Τ,
692 3863 724 3914 V.
735 3881 765 3934 p.
779 3865 840 3920 41⁷.
860 3863 1018 3919 Frotscher
1034 3863 1071 3918 ad
1084 3863 1206 3930 Quintil.
1217 3863 1236 3914 l.
1257 3861 1298 3916 X.
1322 3883 1357 3936 p,

202 3939 231 3985 et
249 3931 375 4008 Herzog.
397 3931 432 3985 ad
450 3931 572 3998 Quintil.
592 3933 613 3984 l.
632 3935 665 3986 X.
683 3952 713 4004 p.
733 3937 793 3991 188.
823 3935 912 4006 Serpa
932 3943 1040 4006 quaest.
1059 3934 1165 4004 philol.
1184 3933 1266 3987 Rost.
1294 3939 1377 3996 1819

201 4002 225 4058 1.
246 4003 297 4056 Pr.
315 4004 414 4058 Manio
432 4003 503 4058 iiber
522 4003 620 4080 siuige
638 4005 694 4059 den
713 4000 876 4073 Quintilian
894 4005 1073 4061 betreffendc
1091 4007 1209 4060 Meinun
1248 4023 1269 4058 n
1294 4009 1361 4062 der
1385 4069 1386 4080 q

201 4073 319 4128 lebrten
341 4091 370 4144 p.
392 4078 435 4132 10.
464 4075 581 4130 walch.
600 4077 635 4130 sd
653 4075 765 4130 naen
807 4082 860 4136 .3.
879 4096 908 4150 p.
930 4081 992 4134 129.
1018 4079 1079 4132 130.
1108 4077 1188 4131 cons
1239 4095 1361 4132 ussum

200 4143 249 4199 die
273 4145 384 4222 griech.
409 4147 469 4200 und
491 4147 567 4202 rlim.
591 4147 742 4202 Literatur
762 4093 871 4205 dlirch.
900 4151 977 4206 1⁷95.
997 4149 1025 4201 P.
1046 4145 1087 4200 ll·.
1111 4167 1140 4220 p.
1161 4151 1221 4204 ittt.
1260 4147 1378 4207 Nicbu

201 4215 301 4271 klcine
324 4215 395 4270 hist:
413 4217 474 4272 und
498 4216 605 4288 philol.
626 4217 784 4273 Schriften.
805 4219 886 4274 Bonn
904 4221 983 4278 tete.
1012 4217 1190 4274 Boetticbsri
1208 4219 1284 4275 Lex.
1310 4223 1381 4279 Tac

202 4287 237 4340 V.
257 4287 304 4345 rr.
325 4289 409 4345 laceb
426 4291 457 4344 in
476 4289 573 4346 lehnii
591 4291 696 4346 Annsl.
715 4289 781 4356 Vll,
800 4295 825 4352 2.
846 4309 875 4362 p.
896 4293 955 4350 178.

1381 3965 1386 4004 l
