2762 4788
229 341 235 354 1
272 239 419 306 CAPUT
444 239 523 306 vll.
566 241 620 320 (Δ.
634 239 674 305 U.
686 241 759 307 767.
781 239 821 304 Δ.
838 237 874 304 C.
893 239 957 316 11.)
1184 231 1225 307 11
1271 245 1274 258 ’

19 409 73 462 toti
87 407 222 464 0666616
239 409 343 474 666161,
361 407 497 475 (111647,
516 407 578 476 tt.)
595 409 701 464 661666
718 407 845 486 Augusti
862 415 929 478 post
953 406 1109 461 victoriam
1126 405 1227 462 Aetia·

18 497 65 532 ram
84 479 159 546 (Dio
175 483 222 546 61,
246 479 440 546 1116319.)
466 481 655 551 omniumque
679 481 894 551 imperatorum
922 476 1060 532 kalendis
1086 479 1227 550 cuiusque

17 551 71 604 anui
84 551 267 622 praestitam
288 558 320 604 at
337 549 428 604 abiis
447 553 602 617 66661166,
628 558 663 604 ut
689 559 754 618 eota
781 567 831 604 sua
849 551 911 602 rim
929 548 1030 626 legum
1049 547 1227 616 obtinerent,
1338 597 1340 606 s

18 621 82 685 (nam
97 621 213 676 liberae
230 623 276 676 rei
300 659 308 673 .
327 619 508 692 temporibus
527 623 559 674 in
577 621 658 697 leges
676 621 770 675 iurari
789 619 914 688 solebat)
939 628 969 676 et
986 619 1146 674 dominatio
1172 627 1229 675 sta·

18 691 150 747 bibi-etur.
193 693 242 746 01.
298 694 327 746 16
352 695 406 757 tt,
430 696 476 746 1⁰.
510 691 585 746 Ειιι.
613 693 649 748 66
667 691 747 746 Suet.
766 689 832 744 Tib.
851 693 896 746 16.
917 691 962 746 61.
982 697 1011 744 61
1029 692 1108 760 inpr.
1134 689 1169 744 Li
1191 691 1228 744 sii

17 763 72 817 tie.
89 765 111 816 1.
144 763 181 818 ad
198 761 269 817 Tae.
299 763 376 820 Anu.
394 761 469 818 m.
505 764 585 818 Haeo
608 765 804 818 confuderunt
828 763 902 815 Mur.
930 759 1023 816 oran:
1048 761 1128 814 Brot.
1179 781 1226 816 rn.

17 843 41 888 et
54 845 78 888 et
92 833 217 891 Watth.
243 835 279 889 ab
306 840 340 902 l,
364 837 409 891 71.
447 835 537 902 „lam
561 851 632 890 vero
659 834 795 888 Tiberius
822 833 965 906 6666666
991 833 1089 904 potuit
1113 834 1158 886 ius
1182 833 1229 888 io·¹

18 906 122 960 sanium
143 905 223 960 11166
238 906 396 960 admittere
414 913 445 960 et
461 915 559 960 tamen
576 907 674 960 videri
691 905 832 969 ambiguas
850 901 1016 972 insperanti!
1050 905 1149 958 Potuit
1174 921 1230 976 par

17 985 174 1046 potorum
193 977 396 1043 tribuniciam,
414 995 471 1048 qaa
489 986 552 1031 erat
568 977 719 1048 praeditas
747 985 777 1030 et
794 977 876 1028 ouius
905 977 970 1028 iure
992 976 1081 1030 etiam
1104 975 1161 1028 alia
1184 978 1229 1030 16-

19 1051 60 1100 cit:
86 1064 120 1100 se
141 1047 259 1101 edictam
276 1048 379 1114 qam
405 1079 438 1090 -
462 1049 518 1101 risi
542 1049 710 1102 tribuniciae
730 1047 875 1115 potestatis
897 1047 1110 1114 praescriptione
1130 1047 1228 1114 possit.
1294 1061 1296 1070 ‘

19 1117 73 1171 1166
88 1117 210 1172 tribuni
227 1117 323 1190 plebis
341 1120 505 1191 antiquitus
523 1127 607 1174 erant
626 1119 804 1174 sacrosancti
822 1125 922 1172 vetere
942 1117 1006 1171 iure
1025 1115 1147 1170 iurando
1164 1115 1229 1241 ple·
1318 1177 1325 1192 ·

19 1189 57 1240 bis.
72 1207 98 1242 r.
118 1189 189 1244 lais.
209 1192 238 1255 1,
257 1193 302 1246 33.
321 1193 349 1258 ³,
367 1192 412 1246 66.
438 1190 561 1261 Dionys.
580 1190 647 1244 Hal.
666 1193 695 1257 6,
713 1193 759 1247 89.
792 1189 929 1244 Ceterum
948 1203 1008 1242 non
1026 1191 1103 1242 inest
1121 1205 1174 1242 ver
1193 1189 1229 1254 is,

20 1261 94 1328 16666
115 1258 276 1314 Tiberium
323 1262 464 1316 meirisse
488 1263 534 1315 ius
567 1261 732 1328 iurandum,
769 1261 847 1332 quod
877 1260 1001 1314 minime
1031 1257 1230 1330 putaverim.“

21 1331 106 1387 trata.
153 1330 216 1384 llla
242 1277 397 1386 mubaim
424 1333 460 1386 ad
486 1341 674 1418 arrogantem
706 1333 934 1386 moderationem
960 1329 1083 1384 Tiberii.
1121 1329 1168 1384 01.
1196 1329 1232 1384 ab

20 1403 73 1458 66.
89 1419 117 1454 ιι.
136 1403 168 1457 6.
214 1402 372 1472 Nunquam
399 1405 529 1456 iuratum
558 1421 590 1456 ι6
617 1403 706 1456 verba
733 1403 858 1455 tribuni.
900 1401 1036 1454 Tiberius
1069 1409 1166 1456 autom
1190 1403 1231 1455 ita

20 1473 93 1524 iurari
108 1472 262 1556 pumisit,
280 1473 394 1526 fflbuni
410 1481 525 1528 tautum
542 1479 685 1545 potestate
703 1491 772 1526 usus
796 1479 826 1526 et
849 1480 1015 1526 contentus.
1042 1503 1074 1514 -
1110 1472 1229 1540 apudque

18 1558 67 1594 eos:
90 1563 132 1610 ,,ι.
154 1559 183 1598 a.
209 1543 247 1594 iis
264 1544 476 1614 praesentibus,
506 1551 541 1597 ut
567 1545 641 1612 apsa
662 1545 747 1612 ipsam
774 1543 811 1596 11.
830 1545 859 1610 1,
877 1547 922 1600 ts.
958 1542 1016 1601 sed
1033 1543 1093 1621 leg.
1113 1545 1232 1598 videsue

18 1613 120 1680 apudque
138 1613 240 1668 0068.
260 1631 328 1666 narn
348 1616 379 1667 in
398 1615 551 1668 consulum
568 1615 757 1670 nominabis
775 1615 820 1668 rei
839 1615 925 1668 cario
944 1613 1109 1668 vertitur'.“
1126 1613 1230 1670 tosus.

17 1685 77 1750 anst
92 1684 192 1740 0668.
215 1700 294 1738 corr.
314 1687 388 1738 bins.
409 1685 493 1758 prob.
513 1685 611 1742 Wolf.
631 1688 683 1758 qni
702 1685 837 1757 copulam
855 1685 996 1764 languere
1012 1685 1140 1758 putabat.
1176 1683 1232 1740 set
1305 1691 1310 1712 '

19 1771 42 1806 ea
57 1758 165 1827 saepius
186 1757 228 1810 ita
246 1756 343 1810 utitur
359 1755 490 1822 Tacitus,
509 1765 539 1812 et
556 1757 629 1826 apud
646 1773 691 1810 eos
709 1757 832 1822 dictum,
851 1765 885 1809 ut
904 1757 975 1824 apert
991 1757 1076 1824 ipsam
1089 1757 1126 1809 11.
1137 1759 1165 1824 1,
1184 1757 1230 1814 79.

19 1855 42 1866 -
59 1825 158 1890 „Seius
176 1827 289 1892 Strabo,
311 1837 397 1898 pater
415 1827 523 1896 Seiani,
546 1831 640 1900 praef.
680 1837 755 1882 raet.
784 1843 851 1880 eum
870 1827 944 1881 6116.
982 1825 1038 1881 666
1083 1829 1141 1881 atri
1166 1827 1232 1883 data

17 1895 34 1946 1
104 1899 129 1951 11
147 1899 417 1963 administratione,
436 1898 515 1951 solus
534 1899 637 1954 661666
655 1847 746 1952 Kline.
766 1917 795 1951 v.
816 1915 879 1968 esp.
898 1901 944 1956 14.
963 1901 992 1964 4,
1011 1903 1037 1954 1.
1056 1845 1168 1965 biset,
1185 1901 1230 1954 19.

18 1967 49 2017 Vt
74 1972 128 2034 .2‚
146 1972 211 2025 12¹1.
250 1968 312 2022 061·
335 1985 407 2022 vero
435 1971 559 2022 omissus
584 1971 679 2023 Praei.
706 1969 803 2022 Urbi?
827 1970 945 2036 .Gredo,
1011 1969 1230 2024 1666661611.

18 2033 114 2092 16666
132 2039 271 2095 Statilius
290 2038 445 2093 661666166
463 2047 537 2106 erat,
556 2041 605 2094 661
623 2039 690 2094 Piso
709 2039 848 2094 suffectus
872 2047 940 2116 post
961 1987 1075 2110 ffiquot
1102 2057 1192 2096 annos
1215 2057 1231 2092 a

16 2105 132 2164 Tiberio.
167 2129 199 2166 v.
222 2109 259 2164 ad
284 2109 313 2175 6,
339 2114 383 2165 11.
430 2109 460 2162 0.
484 2111 636 2164 Manios
657 2112 815 2177 praefectos
834 2125 964 2176 annosae,
983 2111 1232 2182 61661666ρή-

17 2197 70 2232 nes
86 2181 119 2235 in
136 2197 172 2237 eo
190 2195 325 2236 munere.
361 2179 387 2234 A
450 2189 511 2234 stus
528 2181 609 2235 buno
629 2182 843 2258 mag-istratum,
863 2182 935 2234 olim
955 2182 1230 2250 extraordinarium,

18 2253 78 2306 ess
99 2253 284 2308 oranaim
311 2249 368 2317 (os.
421 2255 476 2322 .s‚
494 2253 540 2309 oe.
578 2251 634 2305 ιιιο
652 2255 697 2320 sa,
715 2253 761 2308 ιι.
780 2253 825 2320 ιι,
845 2255 870 2307 1.
892 2255 934 2308 ιι.
961 2251 1044 2306 sues.
1072 2251 1149 2330 eug.
1169 2253 1231 2321 ιι.)
1306 2241 1308 2252 ’
1330 2257 1333 2266 ’

18 2331 69 2378 eta
222 2341 239 2376 a
255 2323 377 2408 populo,
395 2323 455 2376 nisi
472 2323 574 2390 fallor,
592 2325 689 2377 tenuit
707 2324 776 2377 dum
794 2324 881 2388 vixit,
900 2332 950 2376 aut
988 2323 1054 2377 aulo
1072 2333 1140 2379 ente
1153 2339 1232 2378 suor-

17 2403 66 2448 tem
85 2415 120 2449 su
153 2395 239 2448 tituit
256 2394 313 2447 aibr
330 2393 509 2448 Turranium
527 2396 635 2460 istums
664 2395 724 2446 nisi
749 2393 837 2449 verba
860 2391 929 2447 Tac.
1000 2399 1094 2462 n.11,
1119 2397 1164 2452 31.
1183 2413 1230 2466 pr.

16 2463 93 2522 aliter
117 2465 240 2536 accipis.
277 2463 455 2519 ’1116661661
482 2467 638 2519 nominant
663 2467 752 2520 etiam
779 2465 865 2520 ovid.
892 2481 927 2518 ex
951 2465 982 2518 P.
1002 2468 1031 2531 t,
1056 2469 1099 2532 16,
1127 2469 1172 2522 19.
1202 2475 1232 2520 et

18 2536 82 2592 1116.
100 2541 131 2604 1,
151 2541 180 2594 1.
198 2538 227 2602 9,
246 2535 298 2594 6.“
325 2537 402 2605 lips.
440 2537 577 2590 Fortasse
595 2543 625 2589 et
644 2535 706 2590 016.
726 2537 762 2590 ad
781 2537 842 2590 Att.
865 2540 891 2603 1,
910 2537 937 2590 6.
957 2539 984 2603 6,
1003 2539 1030 2592 9.
1060 2535 1177 2594 61666.
1196 2535 1232 2591 66

18 2607 228 2663 16661616.
255 2607 307 2661 ubi
325 2609 352 2661 ei
369 2609 539 2680 procuratio
559 2607 686 2678 quidem,
705 2623 764 2661 nou
790 2609 975 2686 praefectura
999 2607 1152 2675 16116166,
1182 2607 1234 2662 sed
1286 2611 1293 2628 ‘

17 2681 185 2747 pracmtio,
203 2680 320 2762 opinor,
338 2695 487 2734 annonae:
515 2697 582 2732 nam
600 2679 768 2750 praelectas
786 2694 916 2732 annonae
940 2679 1051 2732 dicitur
1073 2681 1161 2733 etiam
1185 2693 1230 2732 oss-

18 2753 226 2818 ratoesmests
242 2753 341 2818 popolo
359 2749 502 2803 ridendi
525 2749 605 2803 Suet.
624 2748 700 2826 Aug.
719 2752 765 2806 37.
801 2749 846 2803 01.
875 2750 910 2804 ad
933 2754 977 2816 11,
999 2753 1044 2806 tt.
1072 2751 1110 2805 11.
1129 2753 1156 2816 4,
1183 2751 1229 2808 66.

19 2819 108 2878 hren.
127 2823 163 2876 66
180 2823 289 2898 veetig.
308 2823 339 2874 P.
358 2821 393 2875 11.
412 2839 439 2876 e.
458 2823 485 2876 9.
503 2838 534 2892 p.
554 2823 616 2876 116.
638 2851 672 2863 -
692 2821 890 2887 praetoriarum
904 2820 1050 2874 catarsina
1059 2823 1230 2889 praesentes:
1254 2867 1257 2884 ,

20 2893 105 2956 „tales
121 2895 288 2966 praefectos
305 2892 422 2966 primus
445 2892 578 2945 instituit
596 2891 744 2968 Augustus
769 2899 799 2946 et
817 2891 933 2965 quidem
951 2893 1032 2945 duos.
1061 2909 1090 2944 v.
1110 2892 1166 2946 Dio
1184 2893 1230 2958 61,

18 2965 56 3018 Ἄ.
73 2969 120 3032 66,
136 2967 181 3021 19.
216 2963 299 3018 Unus
317 2964 429 3017 iuravit
445 2969 480 3017 ut
498 2963 634 3036 superior
645 2971 675 3016 et
684 2963 807 3018 alterius
818 2963 907 3015 simul
926 2964 1023 3016 vicem
1035 2959 1232 3034 suscipiens.“

21 3033 421 3101 71611161.01.6611,1,1.

80 3110 109 3164 4.
138 3106 264 3162 ribertus
286 3113 383 3158 666616
403 3119 452 3173 per
474 3105 596 3158 centies
621 3104 771 3173 incipiebat
794 3113 849 3159 oet.
881 3104 928 3160 01.
948 3105 984 3158 ad
1007 3107 1229 3162 6.1.6.1.-

21 3184 100 3230 tuere
116 3193 147 3232 re
161 3178 280 3246 6611166,
297 3195 327 3230 v.
345 3175 382 3230 aci
400 3194 426 3230 6.
444 3181 472 3233 1.
491 3195 523 3230 ιι.
542 3180 569 3233 3.
589 3207 623 3219 -
642 3183 668 3229 et
686 3176 828 3250 ambiguus
852 3176 1011 3244 imperandi,
1036 3193 1066 3229 v.
1092 3177 1231 3236 166111.

21 3265 45 3298 e.
61 3249 181 3302 Geaitios'
196 3246 353 3301 Adiectiois
369 3248 465 3302 issati.
484 3275 518 3287 —
547 3247 670 3314 edictam,
696 3247 871 3313 madm-
893 3252 972 3303 1.-
1000 3245 1164 3300 tribuniciae
1180 3264 1230 3316 po·

23 3321 124 3372 tuteris
136 3319 360 3388 promptiones
377 3337 443 3372 nans
462 3319 576 3372 aibant
593 3318 635 3389 pt.
657 3319 703 3372 ins
721 3317 863 3372 habebant
880 3317 1003 3396 cogendi
1022 3327 1148 3386 senatus,
1172 3335 1230 3374 non

24 3393 210 3516 was
229 3390 353 3456 vellant,
366 3389 449 3462 'quob
466 3389 511 3444 Au
553 3397 598 3443 sto
616 3389 725 3457 datum,
749 3397 783 3442 ut
808 3398 837 3444 et
864 3390 909 3442 ius
927 3389 1080 3444 relationis
1107 3391 1231 3462 primae,

139 3471 225 3518 eret.
249 3462 297 3516 01.
316 3460 397 3516 ado.
416 3463 443 3518 1.
463 3479 494 3514 ιι.
524 3499 541 3532 ¹.
570 3460 650 3514 0611.
670 3464 715 3528 14,
736 3463 763 3515 7.
782 3463 810 3517 8.
846 3460 965 3526 nto-41,
985 3463 1028 3516 15.
1048 3463 1095 3526 63,
1113 3465 1161 3520 61.
1184 3463 1231 3526 69,

26 3531 62 3584 11.
94 3531 211 3606 Dionys.
232 3533 300 3587 1161.
325 3537 371 3600 1⁰,
397 3535 442 3589 31.
480 3531 560 3586 Suet.
586 3530 652 3586 Tib.
671 3535 717 3588 13.
743 3532 842 3602 ibique
862 3533 980 3586 Gasaub.
1007 3533 1231 3600 praescriptione,

26 3605 190 3725 We
206 3593 319 3658 tribuni
336 3603 434 3658 titulo.
455 3602 501 3658 01.
522 3603 557 3656 aci
575 3603 610 3656 11.
622 3607 649 3671 1,
673 3603 718 3659 66.
739 3633 772 3646 -
792 3604 892 3671 posuit,
911 3605 1075 3676 proposuit,
1089 3613 1123 3656 ut
1137 3607 1165 3671 t,
1183 3607 1228 3662 17.

83 3673 361 3731 1616161616
377 3675 463 3742 simpl.
481 3691 531 3743 pro
549 3689 631 3742 comp.
651 3707 685 3717 -
703 3675 751 3726 aab
770 3675 897 3741 Augusto
916 3679 1054 3742 acceptae,
1074 3693 1103 3728 r.
1123 3691 1186 3748 eap.
1202 3679 1229 3742 3.

89 3747 118 3800 Ι.
148 3747 179 3802 ds
197 3746 344 3804 tussibus
365 3747 489 3814 parentis
513 3763 543 3800 se
565 3747 744 3799 consotiorum
769 3763 831 3801 esse
854 3746 961 3800 Patres.
1000 3743 1046 3805 01.
1065 3763 1134 3816 esp.
1154 3749 1180 3804 8.
1201 3757 1230 3804 et

30 3813 59 3866 ai
78 3817 110 3882 6,
133 3819 210 3874 1-
245 3833 328 3887 seque
352 3817 580 3872 abscederesea
598 3832 719 3884 corpore,
738 3833 766 3872 v.
786 3817 967 3884 661,16,1.
996 3817 1150 3882 „Corpora
1171 3835 1228 3873 non

31 3885 111 4012 'fb'
126 3887 391 4016 semiim?
390 3883 567 4027 51111ξί11
576 3887 888 4012 ..11011111ιῖ11
900 3885 1133 4013 61111111
1134 3905 1190 4014 ⁰¹¹?
1192 3891 1230 4015 :i

33 3995 160 4116 hebeto
177 4031 316 4116 ingesti,
340 4031 424 4102 quasi
446 4031 670 4107 magistratuum
696 4031 854 4116 praepipue
879 4039 955 4085 osset
979 4037 1009 4082 et
1034 3977 1165 4097 eorumq,u
1179 4034 1230 4102 qui

34 4097 201 4182 'fflffls
217 4117 319 4156 curare
332 4104 420 4156 16666
436 4103 561 4156 aemonis
576 4101 659 4154 illins
677 4109 707 4155 et
721 4103 780 4154 virs
799 4119 883 4172 supra
899 4099 1012 4156 viros.“
1027 4101 1103 4168 Lips.
1132 4103 1230 4168 „Haeo
1347 4123 1349 4129 ’

34 4163 126 4238 ,ᾳιι
141 4171 314 4244 aliorumque
338 4173 545 4243 interpretatio
563 4173 661 4226 16666
688 4171 796 4226 habere
820 4189 878 4224 non
897 4187 981 4242 posse
1000 4171 1134 4240 videtur,
1162 4175 1231 4245 quia
1279 4225 1286 4244 ,

33 4239 143 4306 pinta
154 4243 203 4298 im
216 4246 310 4328 pietas
328 4251 420 4309 esset,
438 4259 497 4296 666
514 4244 647 4310 petticeas
660 4257 769 4304 66666,
789 4243 912 4309 661666,
930 4243 998 4313 qaia
1018 4243 1085 4298 1666
1104 4261 1163 4298 666
1181 4263 1231 4316 ap·
1321 4239 1328 4258 ⁸

157 4313 229 4367 stica
244 4317 339 4366 'senem
354 4315 542 4382 pernoctatus,
561 4315 697 4386 denique,
757 4315 784 4368 ia
802 4314 929 4367 discessit
948 4329 966 4366 a
985 4327 1096 4382 corpore
1107 4315 1231 4394 Augusti

59 4397 70 4429 ¹
126 4379 132 4392 '
160 4387 285 4458 ,quippe
302 4387 355 4454 qui
371 4385 430 4440 fuit
447 4384 563 4456 Romae,
583 4393 715 4442 senatum
756 4385 835 4440 abuit
852 4391 880 4440 et
897 4385 931 4438 66
940 4383 1085 4441 bonoribus
1099 4387 1254 4464 Augusto..
