2890 4790
136 165 142 187 '
194 199 257 266 us
593 195 1025 264 crusciniacum.
1068 235 1072 252 .

639 363 832 422 cesus
889 331 958 422 κη

278 471 332 534 Ad
352 489 391 536 es
412 469 580 552 Tiberius,
602 470 735 536 laudate
755 473 878 556 pietate
899 472 1012 538 Seiani
1031 472 1165 556 suisque
1190 473 1226 534 in
1246 491 1316 534 eum
1342 469 1386 532 tse-

130 579 137 596 .
198 555 324 618 neliciis
345 554 475 619 modice
501 557 681 640 percursis,
708 575 809 640 φιιιηι
834 565 964 640 tempus
991 564 1147 638 tanquam
1174 555 1216 618 ed
1242 557 1389 652 integram

197 638 476 702 consultationem
510 639 692 723 petivisset,
724 637 893 707 adiunxit:
937 637 1063 704 Ceteris
1095 636 1279 702 mortalibus
1304 655 1336 700 sn
1360 657 1389 697 eo

197 730 286 784 stare
313 721 461 802 consilia,
486 721 565 806 quid
589 721 654 786 silei
682 721 856 786 conducere
879 731 1011 805 putent:
1040 719 1225 804 Principum
1253 721 1390 784 diversam

198 823 267 868 esse
285 817 412 882 sortem,
444 805 559 888 quilius
576 809 753 888 praecipuo
774 825 874 869 rerum
902 806 947 868 ad
966 803 1081 888 famam
1109 805 1289 888 dirigenda.
1328 803 1390 866 ideo

121 912 139 944 s
198 907 233 950 se
260 907 324 950 non
351 889 430 953 illuc
460 889 637 967 decurrere,
669 889 755 972 quod
779 903 955 971 promptum
982 892 1151 970 rescriptu,
1188 907 1282 969 posse
1307 889 1390 968 ipsun

198 969 324 1036 Liuiam
346 981 499 1051 statuere,
520 971 693 1037 nubendum
719 983 795 1054 post
821 971 964 1038 Drusum
992 993 1034 1036 an
1054 977 1089 1038 in
1108 972 1279 1054 penatibus
1298 972 1390 1034 iisdem

200 1054 397 1118 tolerandum
417 1054 564 1118 iuberet:
586 1077 654 1120 esse
674 1055 726 1118 illi
746 1065 873 1120 matrem
893 1067 925 1120 et
947 1059 1060 1136 auiam,
1084 1059 1240 1137 propiora
1262 1055 1389 1118 consilia.

134 1189 137 1223 ,
200 1135 385 1218 Simplicius
406 1150 558 1220 acturrcm,
580 1140 619 1202 de
639 1141 816 1204 inimicitiis
859 1144 966 1204 rimum
976 1137 1190 1287 Aprippinae,
1211 1159 1292 1222 quas
1312 1139 1390 1218 longe

159 1285 163 1302 ,
199 1225 308 1284 acrius
333 1239 476 1296 arsuras,
512 1226 542 1285 si
569 1225 795 1286 matrimonium
856 1227 940 1288 ioiae
970 1235 1055 1286 veut
1088 1227 1122 1286 in
1176 1233 1264 1285 artes
1291 1221 1390 1284 domita

202 1303 373 1370 Caesarum
394 1307 610 1370 distraxisset.
654 1306 712 1370 Sic
733 1325 856 1390 quoque
875 1327 1033 1388 erumpere
1059 1243 1296 1370 resulutionem
1319 1305 1390 1385 lemi-

200 1405 311 1451 narum
337 1407 435 1472 eaque
462 1390 624 1452 discordia
645 1400 774 1472 nepotes
794 1409 870 1453 suos
892 1391 1041 1454 conuelli:
1072 1391 1153 1473 quid
1171 1395 1202 1455 si
1224 1389 1391 1453 intendatur

202 1481 356 1536 certamen
379 1474 439 1537 tali
461 1473 635 1556 contagiet
655 1473 793 1538 Falleris
815 1477 906 1552 arim,
921 1471 1055 1554 Sciam,
1076 1477 1107 1538 si
1129 1484 1159 1536 te
1179 1493 1349 1536 mansurus
1366 1474 1391 1532 in

141 1605 147 1620 .
201 1555 306 1618 eodem
328 1557 440 1622 ordine
458 1567 556 1638 putas
578 1566 608 1620 et
624 1552 763 1630 Liviam,
785 1578 866 1640 quae
878 1557 914 1624 C.
930 1557 1073 1636 Caesari,
1093 1576 1166 1622 mos
1177 1555 1291 1622 Druso
1309 1563 1391 1634 nupta

200 1637 316 1718 fuerit,
339 1660 376 1702 ea
395 1651 496 1703 mente
516 1649 670 1714 acturam,
691 1650 727 1704 ut
750 1659 815 1704 cum
837 1641 957 1723 Equite
977 1641 1118 1706 Romano
1139 1653 1294 1704 causant.
1331 1639 1391 1719 Ego

97 1763 98 1766 =
200 1731 239 1784 ut
260 1726 371 1800 sinan,
394 1724 538 1786 credisne
555 1743 719 1802 passuras,
748 1727 804 1806 qui
823 1723 957 1805 fratrem
978 1728 1057 1800 eius,
1086 1725 1143 1806 qui
1165 1735 1289 1806 patrem
1313 1725 1393 1785 maio-

202 1823 314 1888 resque
333 1815 461 1869 nostros
482 1810 517 1869 in
537 1809 660 1869 mmmis
680 1809 820 1888 imperiis
845 1807 973 1872 videre!
1018 1809 1076 1873 Vis
1105 1817 1141 1870 tu
1168 1806 1292 1892 quidem
1316 1809 1393 1869 istum

153 1928 173 1980 'r
200 1893 292 1952 intra
313 1887 412 1951 locum
432 1893 562 1964 sistere3
574 1889 641 1952 sed
660 1891 711 1954 illi
731 1893 941 1973 magistratus
958 1901 989 1954 et
999 1895 1163 1972 primores,
1185 1895 1245 1974 qui
1262 1903 1292 1954 te
1308 1891 1393 1952 inrito

197 1981 404 2054 perrumpunt
425 1973 629 2056 omnibusque
649 1973 687 2036 de
709 1973 802 2038 rebus
814 1974 993 2053 consulunt,
1017 1977 1190 2038 excessisse
1206 1977 1270 2040 iam
1289 1973 1392 2055 pridem

150 2081 152 2088 >
202 2069 346 2138 equestre
365 2055 534 2140 fastigium
556 2058 712 2138 longeque
732 2060 852 2122 antisse
870 2063 977 2138 patris
996 2061 1056 2123 mei
1075 2059 1247 2138 amicitias,
1274 2078 1334 2121 non
1351 2076 1393 2117 oc-

203 2139 283 2202 culti
303 2137 414 2220 ferunt
432 2160 551 2224 perque
578 2141 730 2204 inuidiam
760 2145 808 2206 tui
834 2161 879 2204 me
905 2162 1029 2224 quoque
1056 2143 1214 2207 incusaret.
1259 2139 1304 2207 Ar
1329 2143 1393 2202 enim

200 2220 375 2305 Augustus
415 2225 514 2309 filiam
553 2243 639 2285 worn
671 2225 788 2307 Equiti
817 2224 959 2308 Romano
992 2226 1119 2288 tradere
1148 2225 1319 2290 meditatus
1345 2235 1391 2285 est.

97 2375 99 2383 ,
201 2307 321 2370 Mirum
342 2305 478 2386 ltercule,
499 2309 539 2384 si,
562 2325 654 2390 quum
675 2311 709 2370 in
730 2311 830 2371 omnis
851 2327 946 2372 curas
966 2307 1199 2372 distraheretur
1224 2312 1393 2372 immensum·
1419 2335 1420 2338 ¹

201 2409 262 2472 que
273 2389 382 2453 attolli
389 2391 584 2471 procideret,
606 2409 692 2474 quem
706 2395 927 2455 coniunctione
945 2393 1004 2457 tali
1022 2413 1118 2472 super
1132 2394 1214 2469 alios
1231 2393 1392 2466 extulisset,

203 2473 240 2539 C.
269 2471 466 2538 Proculeium
493 2483 525 2538 et
551 2474 701 2556 quosdam
728 2479 762 2538 in
790 2475 984 2540 sermonibus
1017 2475 1129 2558 induit
1161 2479 1289 2560 insigni
1321 2487 1402 2538 trem.

111 2583 113 2595 ·
201 2555 365 2640 quillitote
390 2561 487 2632 vitae,
515 2557 613 2622 nullis
641 2559 688 2620 rei
711 2557 860 2640 publicae
887 2561 1028 2642 negotiis
1053 2563 1238 2640 permistos.
1287 2559 1350 2626 Sed
1370 2556 1394 2616 si
1419 2637 1420 2640 Ἴ

201 2639 402 2704 dubitatione
431 2637 579 2723 Augusti
610 2661 778 2716 movemur,
843 2653 941 2706 uento
980 2643 1119 2708 validius
1149 2654 1207 2718 est,
1249 2645 1332 2726 quod
1356 2637 1420 2714 Mw

201 2719 383 2804 Agrippae,
403 2743 475 2786 mos
493 2723 571 2788 milri
592 2724 785 2788 collocaviti·
839 2735 912 2809 tque
932 2745 993 2808 ego
1015 2726 1093 2789 iaec
1110 2747 1170 2808 pra
1187 2731 1329 2793 arnidtia
1344 2741 1393 2785 nan

201 2807 378 2869 occultavi.-
401 2817 534 2870 eeterum
555 2825 653 2890 nequ
675 2811 740 2872 tuis
761 2828 859 2892 neque
874 2807 989 2874 Liuiae
1009 2811 1181 2876 destinatis
1205 2809 1393 2882 adoersalror.

206 2891 276 2971 lpse
296 2890 375 2972 quid
394 2891 484 2954 intra
504 2894 637 2954 animum
652 2891 874 2969 salutaverim,
897 2893 1013 2978 quidus
1034 2894 1140 2958 adlruc
1166 2891 1393 2960 necessitudini·

203 2973 262 3037 bus
284 2977 452 3038 immiscere
479 2985 510 3038 te
536 2971 613 3038 miii
636 2995 754 3056 parem,
786 2979 925 3040 omittam
953 2977 997 3040 ad
1022 2999 1171 3057 praesens
1198 2979 1327 3060 referre.
1365 2971 1394 3036 ll
1419 3005 1420 3010 ¹

204 3065 325 3120 lantum
346 3061 494 3140 aperiam,
515 3057 600 3122 nillil
620 3079 687 3122 esse
709 3071 772 3120 tarn
793 3059 956 3137 excelsum,
984 3061 1070 3144 quod
1090 3081 1152 3130 non
1173 3067 1309 3128 virtutes
1328 3065 1393 3124 israe

203 3151 337 3224 tuusque
358 3145 392 3206 in
410 3162 457 3205 me
476 3145 598 3206 animus
618 3152 806 3218 mereantur,
832 3144 970 3227 datoque
999 3154 1135 3227 tempore
1162 3147 1213 3211 vel
1238 3143 1273 3212 in
1299 3151 1393 3210 senatu

202 3225 253 3288 oel
271 3229 306 3290 in
327 3228 477 3290 macione
497 3245 561 3290 non
582 3226 733 3290 reticebo.

233 3399 236 3404 -
274 3365 299 3415 l.
318 3361 366 3414 Ad
382 3378 416 3416 ea
438 3361 569 3416 Tiberius
588 3393 620 3404 -
648 3361 791 3426 adiunxit,
811 3364 884 3418 scite
903 3366 1076 3436 respondens
1096 3362 1132 3420 sd
1150 3366 1275 3444 singule.
1303 3361 1393 3432 „Dubi-

203 3439 292 3498 tetur,
311 3450 381 3488 esne
399 3433 564 3486 adiancerit
582 3451 653 3489 voce
671 3436 838 3505 inscripto.
859 3435 977 3501 Censeo,
997 3436 1132 3492 Seianum
1151 3439 1247 3522 ipsum
1258 3456 1306 3492 sua
1325 3451 1393 3488 sorau
1419 3475 1420 3486 .

202 3505 368 3572 porrexisse
397 3503 515 3558 Tiberio
542 3506 693 3560 codicillos
721 3505 928 3576 Tiberiumque
960 3508 1021 3561 illis
1050 3509 1189 3580 perlectis
1219 3527 1290 3566 voce
1314 3507 1393 3560 statim

202 3574 340 3698 pietatem
358 3573 455 3630 Seiani
475 3576 635 3632 laudavisse
653 3594 686 3631 uc
704 3597 754 3631 sue
777 3579 809 3630 in
832 3595 899 3632 euin
923 3579 1061 3634 beneficis
1086 3581 1198 3635 modice
1220 3579 1392 3652 percurrisse
1419 3575 1420 3582 ’

223 3645 305 3700 sindo
323 3647 414 3716 petito
431 3645 468 3700 sd
486 3648 728 3704 consultationem
747 3657 877 3718 tempore
896 3651 1004 3721 scripto
1029 3651 1077 3704 illi
1100 3650 1210 3709 dedisse
1233 3665 1393 3723 responsum

204 3715 284 3782 Quot
310 3717 436 3770 innuunt
461 3719 549 3774 rerba
571 3737 630 3790 seq.
667 3719 731 3774 ideo
757 3737 786 3774 se
813 3736 868 3774 non
892 3721 962 3774 illuc
980 3723 1138 3786 decurrere,
1167 3725 1242 3794 quod
1255 3727 1394 3791 proruptum

204 3787 376 3858 rescriptu.“
394 3787 470 3846 Picis.
507 3790 553 3842 Ex
580 3789 626 3844 isis
651 3791 747 3860 potius
771 3791 905 3868 colliges,
933 3791 1082 3850 Tiberium
1107 3811 1198 3865 pauca
1221 3795 1344 3867 primum
1360 3807 1395 3840 rt·

203 3861 363 3930 scripsisse,
381 3861 513 3914 laudasse
531 3893 563 3906 -
580 3861 758 3930 percurrisse
777 3893 809 3906 -
825 3863 975 3932 pelioisee3
1002 3881 1080 3918 nunc
1098 3880 1168 3918 vero
1187 3867 1224 3918 iis
1249 3862 1395 3920 adiuerisu

202 3929 283 4006 ipsc.
301 3964 335 3975 -
371 3933 516 4002 integrans
532 3933 776 3998 consultationem,
804 3953 831 3986 r.
850 3933 887 3990 ud
904 3940 930 4000 3,
949 3939 977 4000 8,
998 3941 1021 3992 1.
1042 3965 1074 3978 ·-
1112 3937 1223 3991 Ceteris
1245 3933 1394 3992 mortalitas
1419 3995 1420 4000 ἵ

203 4001 235 4056 in
258 4019 289 4056 ea
316 4009 395 4056 stare
419 4004 540 4070 consilia
564 4033 597 4046 -
622 4004 786 4074 Principum
821 4005 962 4060 diuersam
988 4023 1048 4060 esse
1073 4004 1179 4060 seriem
1202 4019 1257 4064 eet.
1294 4005 1393 4060 Tacitus
1419 4059 1420 4062 ,

204 4075 333 4144 respexit
359 4075 395 4128 ecl
419 4073 488 4128 Sall.
517 4077 579 4130 Cet.
598 4081 641 4132 ΕΙ.
660 4075 710 4130 ubi
729 4075 832 4132 Caesar
851 4078 916 4150 peri
935 4079 1080 4132 sententis
1097 4077 1231 4146 disserit,
1250 4079 1324 4148 Lips.
1357 4074 1393 4127 Cs-

203 4144 292 4198 etism
311 4143 382 4200 sall.
401 4147 465 4232 lug.
484 4149 528 4203 85·
548 4157 577 4202 et
595 4147 723 4202 lurensi
742 4151 769 4212 8,
789 4151 840 4206 tes
859 4168 902 4220 eq·
940 4149 971 4202 in
990 4167 1021 4202 ea
1039 4157 1128 4216 stare,
1147 4151 1307 4207 subsistere.
1341 4147 1393 4198 N⁰¹1

204 4215 342 4270 excedere
361 4217 400 4283 id,
420 4216 499 4272 sich
517 4217 649 4274 durani
663 4217 933 4281 beschriinkens
956 4220 1062 4288 itlaltlr.
1079 4253 1107 4264 -
1135 4223 1287 4290 praecipua
1305 4233 1393 4274 rerum·

203 4284 393 4352 vadati,
415 4291 492 4344 1.-
530 4289 597 4343 ldeo
621 4307 651 4344 se
677 4305 732 4344 nan
751 4290 830 4356 illuc,
856 4291 891 4344 sci
916 4291 955 4358 id,
979 4291 1141 4356 decurrere,
1166 4297 1239 4364 quod
1254 4297 1394 4364 promptum
