2762 4788
85 195 318 260 ustorum
340 195 369 257 Δ
391 194 558 261 'raclio
579 194 904 262 VULGA'I‘ORUM.
927 198 955 282 ᾗ.
969 195 1130 264 xxvnl.
1171 195 1220 250 GV

20 391 48 438 re
74 367 193 460 magis
224 367 381 460 dignitas
416 375 452 436 et
480 368 707 462 praestantia,
744 391 856 463 quam
881 365 1082 440 multitudo
1108 365 1216 442 MSS.
1243 399 1247 408 ·

19 469 229 564 respiciatur.

97 567 158 638 Ex
195 564 264 636 illo
300 563 472 636 oodiurm
508 566 753 638 recentiorum
790 589 942 640 recensu
974 569 1218 662 ⁸cognoscitur

17 669 145 738 dirersa
168 687 301 736 eorum
325 663 480 756 indoles,
504 689 618 760 quam
643 667 737 738 bene
761 668 837 738 iam
861 667 1094 739 adumbravit
1114 666 1218 741 Wal-

18 767 82 838 ther
105 766 170 836 liis
195 766 330 853 verbis,
355 765 491 859 quibus
505 789 687 860 perpauca
700 767 871 838 adiiciam
888 769 1033 838 uncinis
1057 767 1217 838 incluse:

17 869 189 962 ,Nepotes
213 864 257 935 hi
288 865 367 936 sive
390 875 612 960 pronepotes
644 866 783 938 codicis
815 865 1020 939 Florentini
1055 865 1129 958 [vel
1153 890 1219 962 po·

16 970 72 1038 tius
100 965 309 1058 archetypi,
348 987 393 1035 ex
423 967 499 1060 quo
528 975 565 1036 et
595 962 657 1036 hic
681 966 797 1038 codex
833 976 870 1037 et
901 965 957 1036 illi
991 963 1216 1054 ductisunt]

17 1067 161 1138 induas
185 1065 423 1158 potissimum
448 1064 693 1138 discesserunt
705 1063 876 1156 familias,
901 1089 1057 1162 quarum
1069 1065 1218 1137 alteram

16 1168 161 1238 dixerim
188 1164 437 1254 Genuensem,
462 1163 613 1235 alteram
632 1165 837 1236 Romanam
861 1189 1017 1260 eamque
1043 1189 1110 1236 avo
1136 1188 1218 1260 pro-

16 1269 157 1360 piorem.
222 1261 308 1354 [Illa
338 1259 532 1357 appellatio
566 1265 684 1358 aptior
715 1287 826 1359 quam
858 1261 975 1352 haec]
1039 1264 1101 1336 Ad
1125 1264 1219 1335 hanc

15 1369 188 1458 present
231 1373 312 1435 tum
350 1363 493 1434 codices
535 1361 643 1435 MSS.
683 1363 849 1436 Vaticani
890 1362 996 1439 1863.
1035 1375 1072 1436 et
1112 1361 1217 1440 1864.

15 1466 134 1561 Regius
163 1463 392 1548 parisiensis,
418 1459 623 1534 Gorbinelli
650 1460 705 1551 [et
728 1460 998 1553 Farnesianus],
1035 1473 1117 1534 term
1142 1462 1219 1534 edi·

16 1569 54 1636 tio
75 1563 281 1661 Spirensis.
334 1559 406 1652 [cf.
439 1562 482 1632 N.
509 1557 546 1635 3.
573 1561 607 1636 4.
638 1562 693 1634 10.
722 1562 779 1634 11.
810 1559 881 1651 13.]
933 1563 1112 1634 Eiusdem
1138 1563 1218 1636 stir-

16 1667 59 1758 pis
80 1662 210 1761 proles
233 1660 379 1733 videtur
403 1683 482 1732 esse
507 1660 621 1732 codex
644 1659 848 1754 Agricolae,
879 1683 1089 1757 quanquam
1114 1662 1218 1756 dege-

16 1789 65 1836 ner
90 1776 128 1838 et
159 1762 350 1834 maiorum
381 1761 632 1832 auctoritatem
668 1783 800 1854 parum
838 1783 977 1832 mirans.
1041 1759 1219 1833 Plurimis

16 1863 87 1936 locis
111 1864 178 1935 liic
203 1861 301 1932 liber
325 1860 506 1932 consentit
530 1883 618 1931 cum
642 1859 804 1933 editione
824 1857 1011 1954 Spirensi:
1036 1882 1129 1955 quae
1149 1860 1217 1932 ubi

15 1975 120 2057 aperta
157 1961 306 2034 laborat
333 1960 606 2054 depravatione,
642 1959 758 2032 codex
780 1957 974 2054 Agricolae
998 1957 1218 2055 plerumque

16 2063 163 2159 indulget
189 2059 416 2134 emendandi
440 2059 574 2131 strrdio.
624 2057 790 2132 Alterius
813 2057 976 2130 familiae
1001 2059 1089 2130 haec
1114 2061 1218 2130 inno·

17 2174 147 2235 tuerunt
172 2163 315 2254 capita:
339 2159 539 2232 Vaticanus
568 2157 674 2235 1958.
703 2157 756 2248 [et
779 2155 906 2248 2965]
933 2168 1007 2231 tres
1033 2157 1218 2230 Oxonien-

17 2288 60 2334 ses
81 2275 117 2336 et
142 2258 468 2355 Guelferbytanus.
510 2255 585 2348 [Cf.
609 2257 652 2330 N.
678 2257 802 2334 5—9.
828 2269 867 2330 et
895 2254 967 2346 lt]
1007 2257 1064 2330 Ex
1088 2258 1218 2330 eodem

17 2365 97 2436 tonte
123 2361 222 2453 [non
247 2361 333 2430 satis
359 2355 466 2453 puro]
495 2357 675 2430 derivatae
705 2368 791 2429 sunt
824 2357 1014 2429 editiones
1028 2355 1218 2430 Puteolani

17 2461 57 2552 {et
77 2462 267 2559 plurimae
290 2454 483 2548 veterum}
509 2498 559 2512 -
609 2453 736 2529 Codex
759 2456 941 2530 Budensis
978 2459 1074 2528 inter
1105 2466 1219 2530 utras-
1341 2523 1346 2528 .

15 2587 73 2656 qne
95 2559 264 2635 familias
287 2557 449 2648 fluctuat,
473 2567 516 2628 ut
538 2555 691 2647 nescias,
731 2557 778 2629 ad
802 2581 892 2651 quas
916 2557 1112 2652 praecipue
1137 2580 1218 2652 per-

15 2663 118 2736 ineat
172 2657 419 2754 Reliquorum
443 2657 615 2728 codicum
638 2655 783 2733 indoles
807 2657 920 2728 nimis
943 2655 1064 2728 adhuc
1078 2655 1219 2728 occulta

15 2764 152 2898 milk
186 2781 299 2856 quam
337 2767 379 2828 ut
415 2755 503 2829 certi
541 2755 631 2851 quid
666 2756 712 2830 de
743 2780 871 2830 eorum
909 2780 1040 2852 genere
1074 2754 1218 2830 definiri

15 2873 112 2954 tm*

196 3033 244 3108 11.
296 3029 530 3106 MINORUM
556 3027 734 3105 TAGITI
758 3027 1028 3105 LIBRORUM.

96 3191 132 3284 ἓ.
159 3185 308 3265 XXIX.
344 3186 396 3258 Hi
421 3207 588 3259 seorsum
604 3184 742 3279 vulgati
758 3195 854 3275 sunt,
880 3183 912 3254 si
926 3181 1110 3276 exceperis
1127 3181 1220 3252 duos

16 3289 157 3379 odias,
186 3287 452 3359 Famesiannm
477 3309 505 3356 s.
531 3283 812 3379 Neapolitanum
837 3293 874 3355 et
894 3283 1220 3354 vindobonensem

17 3387 77 3459 sire
101 3387 301 3472 Sambuci,
329 3387 375 3458 de
400 3385 535 3480 quibus
560 3409 594 3454 v.
621 3407 732 3478 supra
755 3383 799 3456 N.
830 3381 884 3456 13.
911 3391 947 3454 et
970 3381 1029 3454 21.

238 3538 277 3602 Δ,
321 3533 576 3598 clanculus
598 3531 708 3596 VITA
728 3529 987 3596 AGRIGOLAE.

104 3665 135 3735 l.
168 3655 300 3736 Gades
328 3654 416 3734 MS.
441 3655 551 3728 nobis
575 3657 733 3750 ignotus,
759 3679 803 3726 ex
829 3677 904 3748 quo
930 3650 1121 3726 Puteolani
1146 3651 1221 3722 edi·

20 3761 264 3855 indescriptis
288 3768 355 3832 est.
397 3754 454 3830 Gi.
490 3754 635 3830 walah.
668 3755 784 3826 Praei.
818 3753 863 3825 ad
895 3752 981 3847 Agr.
1012 3775 1056 3847 p.
1082 3751 1147 3824 IV.
1187 3762 1224 3822 et

21 3857 71 3930 11.
94 3885 131 3931 n.
161 3859 200 3934 4.

99 3960 137 4034 2
168 3953 295 4032 teleta·
324 3955 468 4048 Ursini,
492 3958 540 4050 de
564 3979 637 4051 quo
663 3957 699 4028 v‘.
727 3955 806 4026 eins
832 3953 1019 4026 Annotatt.
1047 3951 1092 4020 ad
1118 3949 1223 4024 Taci-

24 4067 96 4150 um,
127 4081 290 4154 quarum
314 4067 496 4152 excerpta,
514 4065 655 4128 exstant
685 4056 725 4125 in
751 4053 894 4148 Fragm.
935 4061 1019 4124 vett.
1048 4047 1222 4120 Historia.

23 4157 147 4232 collect.
178 4158 227 4228 ab
241 4157 325 4229 Ant.
348 4156 568 4252 Augustino,
594 4155 738 4226 emend.
766 4153 843 4224 att.
869 4150 1019 4238 Ursino,
1045 4147 1221 4242 Antverp.

27 4256 112 4334 1591.
140 4260 179 4334 8.
236 4257 290 4330 ΑΙ)
328 4257 460 4330 eodem
485 4254 620 4329 Ursino
659 4252 827 4326 laudatur
857 4248 955 4326 ottae
988 4245 1082 4322 liber
1107 4271 1136 4356 c.
1168 4247 1221 4322 19.
