2774 4784
307 171 366 235 os
387 171 503 236 aare
523 172 758 245 onerosus.
802 175 830 258 a.
853 173 962 242 xxu
1107 179 1243 234 ιω

30 341 200 412 resimas:
228 341 445 416 delectamet
470 343 570 415 enim
594 355 630 415 te
655 353 691 416 et
715 343 810 439 Apri
842 347 1133 420 accuratissimus
1167 373 1240 421 ser·
1364 325 1372 341 “

29 465 93 530 mo,
116 465 196 536 qno
224 441 446 534 Maternum,
471 455 514 514 ut
537 467 558 514 a
583 445 817 534 commercio,
842 447 942 540 quod
966 471 1065 519 nunc
1091 447 1241 521 haberet

30 565 102 610 mm
125 541 266 632 Musis,
296 543 344 612 ad
379 543 543 614 studium
576 545 663 614 artis
697 545 873 616 oratoriae
904 568 990 618 cum
1014 545 1122 619 laude
1148 547 1239 619 olim

29 641 198 710 exercitae
225 641 373 730 rediret,
399 642 609 714 exhortatus
634 653 701 732 est,
727 653 764 714 et
788 643 944 716 Materni
977 670 1044 740 pro
1068 649 1239 718 carmini-

29 741 86 810 bu
109 741 192 810 suis
219 739 314 812 laeta
337 751 450 837 utque
475 752 599 836 poetas
626 743 772 813 defendi
797 743 948 816 decebat
979 745 1170 816 audentior
1203 757 1240 818 et

29 851 215 932 poetarum
242 863 354 935 quam
380 851 566 914 oratorum
600 841 759 913 similior
791 845 915 914 oratio.
967 844 1028 915 Me
1057 837 1155 936 vero,
1190 847 1240 917 ait

27 937 90 1029 ille,
128 949 169 1010 ct
206 964 330 1012 sermo
362 941 442 1034 ipse
473 940 617 1014 infinita
648 940 833 1035 voluptate
875 942 1062 1034 affecisset,
1103 945 1239 1038 quippe

28 1043 81 1133 qui
105 1064 185 1110 non
214 1041 339 1111 rninus
363 1041 481 1130 vobis,
515 1041 678 1111 Materne
703 1051 740 1112 et
766 1040 945 1133 Secunde,
971 1045 1148 1136 congruit,
1175 1045 1239 1138 qui

27 1164 90 1210 non
115 1139 332 1210 forensibus
356 1149 498 1211 tantum
522 1141 689 1233 negotiis,
715 1141 779 1211 sed
804 1141 915 1212 etiam
936 1143 1106 1236 poeticae
1123 1151 1158 1213 et
1183 1141 1238 1212 hi-

24 1241 150 1310 storiae
187 1239 313 1310 audio
337 1239 484 1332 ingenia
506 1249 626 1311 vestra
651 1241 836 1330 exercetis,
871 1265 983 1335 quam
1008 1241 1089 1332 tibi,
1126 1241 1238 1335 Aper,

22 1341 83 1432 qui
118 1339 243 1410 otium
281 1348 388 1408 tuum
421 1340 539 1410 mavis
569 1361 743 1412 novorum
775 1336 959 1412 rhetorum
991 1365 1096 1412 more
1128 1365 1238 1436 quam

18 1451 178 1510 ceteruia
207 1451 398 1510 oratorum
422 1462 646 1510 consumere.
672 1463 750 1534 cap.
781 1440 836 1514 14.

116 1539 233 1610 Hisce
257 1538 379 1609 verbis
403 1539 563 1610 irritatus
588 1538 708 1635 Aper:
735 1539 779 1627 (c.
811 1538 880 1626 15.)
906 1539 988 1612 Non
1013 1541 1160 1633 desinis,
1183 1542 1239 1612 in-

16 1642 108 1734 quit,
132 1637 303 1730 Messala,
328 1649 458 1710 cetero
482 1651 623 1710 tantum
647 1635 842 1728 admirari,
880 1653 1088 1712 nostrorum
1121 1653 1240 1712 cutem

15 1755 222 1843 raporum
246 1733 376 1810 studio
406 1751 635 1810 contemnere
665 1753 775 1834 otqrrc
809 1737 983 1816 irridere.
1044 1740 1146 1820 Quin
1169 1743 1239 1811 im-

15 1863 163 1912 memor
188 1850 274 1912 tuae
298 1849 336 1910 et
358 1837 502 1934 Aquilii
524 1839 655 1933 Reguli
681 1840 802 1911 fratris
828 1841 882 1912 tui
901 1839 1129 1936 eloquentiae
1154 1865 1238 1912 con-

13 1941 167 2013 tendisti
194 1939 404 2034 aliquando,
440 1939 610 2012 neminem
646 1935 716 2012 loc
742 1953 906 2042 tempore
938 1953 1123 2014 oratorem
1148 1963 1238 2031 crae,

11 2045 77 2118 tut
103 2065 184 2136 cap.
221 2040 254 2112 l.
297 2062 410 2135 neque
451 2039 542 2112 enim
583 2039 641 2112 itu
673 2036 904 2156 appellantia
936 2041 1011 2113 niai
1043 2041 1238 2134 antiquos:

9 2141 142 2213 lonn
177 2153 301 2212 cutem
331 2155 531 2242 teniporarm
564 2135 698 2214 diserti
737 2139 978 2214 causidici
1018 2153 1054 2212 et
1098 2137 1237 2213 cdoo-
1276 2211 1278 2225 ,

9 2242 121 2313 cati
158 2252 199 2312 ct
239 2239 446 2340 patroni
491 2243 528 2311 ct
574 2235 721 2336 quidoia
757 2239 889 2342 potius
928 2263 1033 2338 quom
1072 2253 1236 2313 orato-

8 2335 302 2428 reuocanda)
340 2349 448 2434 atque
479 2338 520 2410 id
545 2365 601 2430 eo,
638 2341 760 2430 credo,
795 2340 980 2432 audacius,
1023 2341 1122 2434 quod
1160 2363 1237 2410 ma-

1 2441 194 2535 lignitatis
229 2436 398 2532 (maligni
430 2439 471 2509 in
504 2437 574 2510 hoc
607 2450 755 2534 tempus
789 2441 941 2536 eiusque
970 2449 1128 2512 oratores
1162 2441 1237 2510 ani-

2 2543 84 2626 mi)
116 2540 332 2634 opinionem
357 2563 431 2610 non
455 2539 651 2629 verebaris,
677 2564 794 2635 quum
819 2563 901 2611 eam
925 2539 1092 2678 plotium,
1127 2564 1237 2636 quam

1 2643 81 2712 tibi
124 2637 188 2710 alii
225 2639 441 2728 concedunt,
477 2639 557 2731 ipae
594 2640 664 2710 tibi
703 2640 897 2734 denegares
946 2635 984 2726 ⁷).
1044 2636 1236 2711 Messala.-

18 2768 50 2812 ε.
87 2739 167 2824 15)
216 2738 343 2832 Neque
367 2736 469 2807 illius
495 2739 693 2809 sententiae
715 2743 816 2810 nunc
840 2763 902 2810 me
920 2741 1092 2834 poenitet,
1117 2763 1236 2833 neque

7 2851 68 2912 ut
101 2835 321 2911 Secundum
346 2847 409 2908 aut
432 2836 641 2908 Maternum
666 2849 729 2909 aut
752 2848 788 2909 te
813 2839 951 2934 ipsum,
976 2839 1089 2933 Aper,
1123 2861 1236 2932 quan·
1297 2843 1299 2846 ’
1344 2913 1345 2918 ,

8 2961 134 3010 ruam
155 2937 342 3008 interdum
369 2936 536 3022 (comiter
560 2934 866 3040 proptereaque
899 2938 958 3008 vel
991 2939 1115 3032 potius
1149 2959 1235 3008 aeni-

0 3039 97 3124 μεν)
144 3036 183 3106 in
217 3037 442 3107 contrarium
480 3035 654 3129 disputes,
693 3037 796 3108 aliter
834 3039 966 3108 sentire
1005 3037 1124 3108 credo.
1185 3035 1238 3106 At

21 3139 137 3208 elim
160 3133 289 3231 aliquis
314 3144 478 3205 vestrum
504 3145 684 3206 scrutetur
717 3159 757 3206 ac
795 3137 922 3208 reddat
958 3157 1094 3208 couaoa
1132 3129 1236 3208 laisa

6 3235 189 3331 'finitae
218 3231 457 3330 differentiae
494 3244 530 3306 et
561 3257 626 3306 cur
656 3259 678 3304 a
702 3234 878 3307 Cicerone
911 3245 972 3306 aut
996 3235 1127 3306 Asinio
1152 3233 1236 3306 Pol-

0 3343 112 3408 ione
150 3331 355 3428 longissime
389 3330 511 3406 abunt
547 3333 776 3406 celeberrimi
809 3335 920 3406 huius
950 3337 1031 3406 aevi
1065 3344 1235 3424 oratores,

2 3500 6 3501 γ
61 3435 268 3510 Dentibus
303 3432 405 3524 Aser,
438 3432 557 3505 Iulius
590 3433 786 3506 Africanus
820 3445 882 3506 aut
907 3459 973 3506 vos
999 3435 1083 3530 ipsi,
1116 3431 1236 3505 multo

73 3601 125 3668 ³⁷)
150 3601 323 3656 Humaniter·
339 3601 397 3656 hoc
415 3602 542 3668 dictum,
562 3602 611 3656 sed
629 3603 681 3657 illa
698 3603 804 3690 Reguli
822 3604 932 3657 mentio
950 3619 1009 3656 non
1027 3601 1122 3657 aliena
1139 3601 1236 3656 videri

0 3704 24 3737 μ
62 3681 92 3729 tt
116 3692 143 3726 a
168 3674 332 3740 malignitate
350 3681 381 3728 et
397 3673 603 3728 amaritudine:
628 3691 695 3728 nam
713 3674 764 3728 luc
788 3683 850 3730 erat
868 3675 999 3728 omnium
1025 3672 1163 3746 bipedum
1185 3691 1236 3726 ne-

3 3749 180 3807 ,mimus
195 3753 222 3799 et
237 3747 363 3800 famosus
382 3745 504 3800 delator.
522 3765 551 3799 v.
572 3745 608 3800 ad
625 3745 661 3802 ll.
681 3749 709 3811 «l,
728 3749 772 3802 42.
801 3754 831 3802 et
847 3745 922 3803 Plin.
947 3764 991 3818 ep.
1010 3750 1036 3812 l,
1055 3748 1080 3802 5.
1101 3741 1172 3811 Μ,
1191 3747 1233 3800 2⁰.

0 3840 5 3847 e
38 3825 69 3876 2
93 3821 133 3882 6,
162 3817 190 3869 2
221 3816 300 3870 ldern
318 3825 416 3870 tamen
433 3817 513 3888 Aper
530 3817 662 3887 impense
682 3817 769 3872 etiam
787 3817 955 3872 laudaverat
973 3819 1034 3874 cb.
1055 3825 1085 3870 et
1102 3820 1128 3872 8.
1148 3815 1235 3886 Eprii

21 3887 153 3944 aroelli
179 3893 203 3937 et
217 3887 293 3940 Vibii
311 3887 420 3958 Crispi,
438 3889 632 3958 pessimorum
649 3887 803 3942 hominum
821 3897 850 3942 et
868 3897 1078 3954 accusatorum,
1097 3887 1236 3956 eloquen-

17 3981 76 4028 ω,
109 3971 202 4029 quac
225 3975 241 4012 a
262 3961 392 4013 Materno
415 3975 439 4015 c.
462 3962 503 4016 lt
528 3967 607 4014 recte
631 3959 741 4012 dicitur
767 3962 874 4013 lucroso
892 3967 918 4013 et
944 3961 1126 4025 sanguinaria,
1152 3959 1235 4010 cuius

0 4060 1 4067 κ
74 4039 112 4084 e!
134 4029 656 4084 ramareamrrsmortomatu
674 4037 699 4084 et
717 4031 848 4083 inlocum
866 4030 1067 4098 telirepertuar
1094 4036 1162 4083 nani
1186 4027 1235 4080 illi

6 4121 50 4158 .εῇ
71 4100 252 4156 uebatur
269 4111 331 4156 arta
349 4119 399 4156 sua
416 4101 542 4170 dicendi,
560 4112 593 4156 ut
612 4103 740 4157 innoxiis
759 4118 843 4173 opem
862 4105 977 4157 ferrent
1001 4110 1030 4156 et
1047 4100 1234 4172 praesidium,

57 4185 100 4229 ιι
127 4175 248 4226 mum
264 4173 301 4227 iia
317 4181 347 4227 et
363 4180 516 4239 terrorem,
545 4174 714 4244 periculum
735 4181 764 4229 et
786 4173 948 4244 perniciem
972 4179 1108 4244 pararem
1135 4179 1165 4226 et
1188 4169 1235 4226 lu·

9 4267 79 4302 u
104 4241 201 4299 inda
215 4244 344 4300 lacerem.
370 4243 415 4300 Cf.
435 4261 460 4299 c.
480 4247 522 4303 1³.
542 4253 573 4300 et
591 4246 654 4316 lud.
674 4243 697 4301 Ι.
