2890 4790
225 224 367 290 CAPUT
390 223 498 290 XXX.
523 223 650 334 XXKXI.
674 223 729 305 (l.
742 224 779 292 U.
797 227 870 294 lib.
893 227 932 292 Α.
946 225 1063 333 Odi.)
1186 227 1265 351 llllx

29 397 74 460 72,
93 397 120 452 2.
141 393 209 448 ideo
237 398 330 447 uelum
352 393 386 446 de
410 389 550 462 praemiis
574 395 769 446 armenorum
787 392 941 457 abolendis,
959 394 988 446 si
1006 393 1069 466 quis
1086 391 1248 456 maiestatis

26 466 190 536 postulatus
208 462 253 530 (v.
272 463 309 518 ad
326 467 353 528 1,
372 467 417 527 ll,
439 465 475 530 1.)
493 469 559 516 ante
575 465 730 532 perlectum
746 463 886 518 iudicium
901 480 934 518 se
952 464 1014 534 ipse
1031 463 1090 518 uilo
1106 463 1248 532 priuatis-

29 545 82 592 set.
103 535 255 600 Delatores
283 543 380 590 autem
399 533 534 588 Tiberius
557 535 734 605 suspiciosus
765 536 903 607 Princeps
928 537 1045 590 fovebat
1061 553 1095 590 ao
1112 544 1249 613 protege·

28 611 87 672 bat,
106 613 141 661 ut
158 607 303 662 divideret
321 612 350 660 et
368 605 559 676 imperaret.·‘
578 605 660 660 Brol.
697 605 734 660 la
751 606 801 676 qul
824 607 857 660 ia
879 613 960 660 reatu
986 607 1104 672 decedit,
1137 605 1249 676 integri

30 687 125 734 statua
150 677 275 732 decedit:
307 677 502 746 exstinguitur
532 677 608 730 euim
632 675 746 735 ,asma
781 678 964 742 mortalitate,
995 675 1054 731 nisi
1082 675 1147 748 quia
1173 680 1248 746 torte

29 749 243 804 maiestatis
261 764 346 802 reus
364 747 431 814 luit,
449 747 567 818 Ulpian.
587 747 608 804 l.
627 748 678 805 fin.
706 747 773 825 Dig.
793 749 827 802 ad
846 750 904 828 leg.
924 750 980 804 lul.
1000 749 1114 803 maiest.
1142 748 1187 806 Gi.
1208 749 1248 814 11,

29 827 56 878 3,
78 825 125 886 Μ,
143 823 187 877 ⁵4·
207 821 252 884 ¹⁶,
270 823 314 876 ω·
343 820 387 876 ⁶²·
407 823 451 876 6⁴·
477 823 521 882 1⁶,
539 821 583 875 33·
608 817 687 877 suet.
707 822 737 874 in
761 819 825 874 Tib·
844 824 888 878 Μ,
908 821 939 874 in
958 821 1027 877 Ner.
1045 823 1091 877 ³⁷·
1122 819 1248 876 anthera

30 893 65 946 de
85 893 137 950 off.
156 891 230 946 dom.
249 891 323 968 Aug.
342 893 369 954 3,
388 893 432 948 27.
450 908 479 1014 p.
499 907 539 943 m.
559 893 619 948 tet.
639 891 715 962 inpr.
744 891 823 948 Paul.
843 891 910 947 Rec.
938 890 1018 946 Sent.
1043 894 1133 958 5,12.
1160 899 1190 946 et
1207 891 1250 944 ibi

31 967 130 1036 intpp.
151 962 309 1030 „Ceterum
327 977 452 1016 morsro
467 962 581 1016 unteria
607 961 671 1015 illis
695 963 873 1035 temporibus
892 963 999 1017 usitata
1017 979 1076 1016 non
1088 963 1250 1018 remedium

31 1037 124 1090 animi
153 1041 205 1100 est,
240 1034 290 1088 sed
312 1035 407 1097 buron,
435 1041 464 1086 et
488 1033 619 1088 imbelles
649 1031 781 1088 homines
806 1035 934 1088 Stoicam
958 1028 1098 1090 ἀπάθειαν
1124 1033 1251 1088 ridicule

31 1105 224 1162 ostentabant.
261 1105 304 1158 Ex
326 1104 455 1158 omuibus
477 1103 569 1176 bouis,
597 1121 668 1174 quae
685 1103 795 1158 bomini
813 1106 917 1160 tribuit
937 1113 1051 1172 notura,
1070 1107 1177 1159 nullum
1192 1121 1250 1158 me·

31 1177 90 1230 lias
118 1176 283 1245 tempestiuo
313 1182 412 1240 morte,
449 1175 535 1245 idque
559 1177 592 1228 iu
617 1191 651 1228 eu
673 1177 817 1244 optimum,
849 1178 924 1248 quod
946 1177 1028 1230 illum
1053 1176 1112 1230 sibi
1133 1175 1251 1248 quisque

30 1253 183 1316 praestare
204 1247 311 1316 polerit
337 1247 413 1302 Pliu.
438 1249 528 1310 28,1.
565 1245 622 1302 Sed
647 1248 748 1302 verior
772 1250 917 1304 sententia
934 1247 1028 1302 Taciti
1055 1249 1090 1304 H.
1110 1251 1139 1314 2,
1157 1251 1204 1312 46,
1222 1251 1249 1303 l.

32 1319 164 1374 Socratis
187 1337 233 1390 ap.
252 1319 325 1372 Plat.
345 1316 447 1372 Phned.
471 1315 505 1370 Τ.
527 1319 551 1370 Ι.
579 1335 609 1390 p.
629 1319 673 1375 62.
704 1319 827 1374 Aristot.
846 1318 945 1374 Bthio.
970 1320 1006 1373 ad
1023 1319 1137 1376 Nicom.
1157 1323 1185 1384 6,
1205 1323 1249 1378 u.

33 1390 95 1447 cia.
117 1389 231 1446 desen.
251 1393 296 1445 ⁷³.
316 1398 456 1444 etsomn.
481 1389 560 1459 Soip.
580 1393 605 1444 2.
624 1389 795 1462 Properatae
813 1391 917 1444 martit
935 1392 1065 1462 praemia
1087 1393 1172 1444 fuere
1199 1389 1253 1443 sub
1335 1449 1336 1457 ἵ

33 1463 129 1533 lmpp.
149 1477 273 1532 quorum
291 1460 442 1524 intererat,
467 1477 522 1531 per
539 1463 582 1514 ias
603 1469 631 1516 et
649 1465 729 1516 neias
749 1462 978 1516 dominationem
995 1463 1122 1518 timuere.
1158 1462 1252 1514 Anto-

33 1535 123 1588 ninus
142 1551 168 1590 ι.
186 1531 220 1586 U.
240 1535 303 1588 966.
328 1532 435 1596 sanxit,
465 1539 498 1583 ut
515 1531 587 1586 bons
606 1547 718 1596 eorsun,
742 1535 792 1604 qui
812 1535 987 1588 conscientia
1006 1532 1141 1586 crirninis
1158 1540 1252 1586 metu·

34 1622 91 1674 qne
110 1604 225 1657 iuturae
245 1603 403 1656 sententiae
421 1619 522 1656 suanus
542 1603 596 1658 sibi
616 1603 794 1669 intulissent,
813 1605 883 1658 fisco
901 1605 1132 1668 vindicarentur,
1151 1619 1255 1658 eorum

34 1691 117 1740 sero,
185 1690 216 1727 os
240 1673 341 1729 dolore
366 1675 522 1743 corporis,¹
537 1675 632 1728 taedio
651 1677 737 1740 ritae,
768 1679 869 1730 terrore
896 1685 925 1730 et
943 1677 1054 1730 insania
1072 1677 1167 1730 aliove
1185 1691 1254 1728 casu

34 1750 129 1800 vitam
197 1743 263 1800 iisse
291 1745 482 1810 constitisset,
511 1745 547 1798 sd
570 1762 749 1802 successores
773 1748 966 1818 pertinerent.
994 1765 1021 1802 v.
1048 1747 1115 1802 God.
1137 1747 1185 1800 lx.
1204 1748 1251 1799 tit.

34 1819 101 1874 bll.“
126 1817 209 1870 Brot.
234 1815 270 1868 sd
287 1817 314 1880 6,
332 1819 378 1872 29.
399 1846 430 1858 -
468 1815 618 1886 ibaturque
641 1818 673 1870 s'u
697 1835 757 1872 eum
782 1817 960 1884 scatentium,
990 1818 1021 1870 ni
1040 1847 1073 1858 -
1092 1818 1252 1872 caesor·-

35 1894 205 1959 eonqaeslas
224 1891 306 1952 esset,
324 1904 352 1940 v.
371 1887 406 1941 ad
425 1891 450 1952 1,
469 1891 513 1952 35,
531 1891 558 1946 ³.
579 1897 608 1942 et
626 1894 653 1955 3,
674 1893 717 1954 23,
736 1893 762 1945 2.
784 1917 817 1930 -
851 1891 958 1958 palam,
978 1907 1003 1942 v.
1016 1889 1051 1944 ad
1065 1893 1108 1953 ll,
1122 1893 1203 1956 22,1.
1219 1919 1252 1932 -

35 1979 95 2013 rem
112 1959 253 2026 publicam
272 1959 303 2011 iu
318 1957 473 2026 praecipiti
491 1959 567 2024 loco,
585 1957 614 2012 h.
627 1979 652 2015 c.
673 1961 703 2012 in
724 1976 835 2014 susnmo
853 1961 986 2031 periculo
1006 1977 1075 2015 esse.
1104 1958 1154 2014 Sic
1169 1975 1254 2028 prae·

35 2031 142 2102 cipitia
154 2038 183 2084 et
194 2031 315 2098 abrupta
327 2029 465 2082 dicuntur
482 2032 656 2100 periculosa.
676 2032 723 2085 Cf.
738 2035 781 2098 15,
792 2033 827 2090 29
840 2049 885 2102 pr.
905 2029 970 2096 (ubi
989 2037 1051 2086 luta
1063 2037 1089 2084 et
1109 2030 1255 2086 salutaria

36 2101 238 2174 opponuntur)
255 2101 291 2155 ad
308 2104 336 2167 5,
354 2103 382 2164 ³,
404 2106 428 2156 l.
439 2109 478 2153 ‚et
496 2101 567 2178 Agr.
587 2105 630 2158 42.
648 2121 677 2159 n.
697 2105 723 2158 5.
736 2135 767 2145 -
788 2103 917 2156 custodes
935 2117 1039 2168 eorum,
1059 2119 1088 2156 r.
1107 2103 1143 2155 ad
1160 2105 1187 2168 3,
1206 2103 1253 2164 te,

36 2179 63 2230 3.
82 2205 115 2218 -
136 2185 290 2242 uunquam:
310 2173 341 2228 in
358 2170 417 2226 MS.
436 2188 566 2241 uuquam,
585 2181 723 2244 tanquam
740 2175 832 2228 luerit
849 2181 876 2226 et
899 2189 934 2226 ue
954 2174 1055 2242 poenit
1073 2191 1098 2242 q.
1117 2188 1253 2242 uuquoern3

36 2245 119 2302 nest
141 2275 174 2288 ·-
208 2259 262 2312 per
275 2243 407 2312 praemio
425 2243 621 2309 eliciebantur,
648 2245 856 2300 illiciebantur.
885 2243 930 2299 (li.
949 2245 984 2298 ad
1001 2248 1029 2310 2,
1047 2247 1093 2310 32,
1113 2247 1138 2299 l.

464 2385 655 2440 css-rur
709 2343 834 2441 sxxr.
907 2354 909 2368 '

122 2495 188 2558 His
209 2503 276 2558 tum
298 2491 436 2556 assiduis
459 2503 589 2576 umque
610 2497 742 2557 maestis
754 2493 884 2558 modica
902 2495 1027 2560 laetitia
1040 2495 1256 2574 interficitur,
1280 2547 1285 2554 .

38 2579 128 2664 quod
164 2577 204 2642 C,
223 2577 410 2642 Cominium
432 2577 583 2660 Equitem
611 2575 794 2642 Rosdenuns
825 2578 1047 2662 probrosi-iu
1066 2595 1108 2642 se
1132 2578 1256 2642 tirmi-

38 2666 90 2726 nis
118 2664 310 2726 convictum
339 2659 461 2722 (laeum
488 2659 644 2744 precibus
672 2663 798 2739 fratris,
825 2663 884 2743 ¹qui
912 2669 1047 2726 senator
1067 2673 1159 2742 eran*-
1175 2671 1259 2724 cont

39 2749 152 2810 cessit.
205 2745 277 2810 Quo
310 2745 414 2829 magis
444 2745 569 2806 mirum
598 2743 792 2823 habebatur,
829 2763 973 2830 gnarum
1003 2747 1192 2822 meliorum,
1223 2753 1258 2806 et

38 2849 124 2913 quae
147 2831 231 2891 lama
254 2828 459 2890 clausentiam
481 2834 689 2910 sequeretur,
718 2829 871 2890 tristiora
892 2829 1006 2892 melles
1036 2849 1142 2913 neque
1168 2829 1258 2890 enim
1343 2879 1346 2895 .

39 2909 196 2976 socordia
217 2910 385 2993 peccabat,
407 2927 466 2972 nec
487 2909 656 2976 oecultum
668 2917 729 2990 est,
751 2909 882 2992 quando
899 2915 1105 2989 severitate,
1126 2909 1257 2994 quando

39 2995 240 3060 adumbrata
267 2993 394 3056 laetitia
422 2995 509 3056 lacta
531 2991 775 3074 Imperatorum
802 2993 1023 3059 celebrentur.
1065 2994 1153 3078 Quin
1173 2995 1257 3076 ipse,

39 3079 245 3162 cormpositus
266 3077 347 3139 elias
370 3083 404 3138 et
416 3074 512 3138 uelut
527 3075 741 3138 eluctantium
753 3077 945 3154 verborum,
968 3078 1109 3140 solutius
1121 3095 1258 3160 promp-
1355 3097 1358 3110 ·

40 3165 176 3245 tinsque
214 3160 446 3242 eloquebatur,
493 3159 647 3240 quotiens
692 3159 895 3222 subveniret.
948 3159 994 3221 At
1028 3161 1062 3223 P.
1100 3159 1258 3221 Suillium
1311 3221 1314 3228 Δ

40 3251 252 3328 quaestorem
273 3239 437 3326 quondam
453 3239 656 3316 Germanioi,
687 3263 787 3326 quum
820 3241 916 3304 Italia
942 3249 1117 3306 arceretur
1145 3241 1257 3304 convi-

41 3337 129 3406 ctus,
151 3328 324 3409 pecuniam
339 3326 466 3388 obrem
483 3321 693 3388 iudicandam
714 3327 851 3408 cepisse,
872 3323 1092 3390 amovendum
1110 3326 1145 3393 io
1166 3327 1258 3388 insu-

40 3411 107 3474 lam
129 3411 259 3473 censuit
280 3415 372 3472 tanto
389 3408 601 3470 contentione
613 3409 726 3488 animi,
747 3417 789 3472 ut
809 3417 843 3472 et
860 3407 1004 3473 iurando
1020 3409 1258 3496 obstringeret,

41 3515 59 3556 e
82 3513 124 3556 re
145 3493 278 3576 publica
299 3490 335 3554 id
356 3510 437 3556 esse.
481 3489 576 3556 Quod
596 3511 713 3576 aspere
733 3500 904 3575 acceptum
933 3491 976 3554 ad
1003 3511 1160 3577 praeseus
1182 3513 1259 3556 mox

41 3581 77 3638 in
109 3573 240 3638 laudem
276 3575 380 3638 vertit
412 3593 566 3661 regresso
595 3573 726 3651 Suillio,
761 3595 856 3659 quem
884 3573 974 3638 vidit
1002 3585 1140 3660 sequens
1168 3582 1258 3637 aetas

42 3667 310 3744 praepotentem,
362 3658 511 3721 venalem
554 3667 588 3720 et
630 3655 761 3721 Claudii
802 3659 968 3742 Principis
1010 3659 1158 3724 amicitia
1200 3655 1260 3720 diu

43 3761 219 3825 prospere,
253 3760 419 3824 nunquam
448 3741 530 3804 bene
559 3761 665 3806 usum
707 3738 827 3804 Eadem
854 3761 960 3826 poene
986 3742 1021 3804 in
1043 3739 1160 3806 Cotum
1189 3739 1259 3802 Fir-

41 3829 150 3888 mium
172 3831 361 3888 saoatorem
382 3827 553 3902 statuitur,
574 3831 728 3908 tanquam
750 3825 841 3889 falsis
862 3825 1043 3888 maiestatis
1063 3821 1259 3887 criminibus

40 3927 198 3974 eororam
220 3909 404 3992 petivisset.
443 3905 555 3986 Catus,
577 3911 615 3968 ut
636 3908 750 3985 retuli,
772 3907 935 3971 Libonem
951 3909 1103 3970 illexerat
1118 3903 1259 3986 insidiis,

41 3989 166 4054 deinde
192 3989 316 4052 iudicio
344 3989 542 4074 perculerat.
584 3990 663 4052 liius
692 4009 814 4074 operae
842 4009 970 4053 memor
996 3989 1165 4066 Tiberius,
1201 3987 1260 4050 sed

42 4077 113 4139 alia
142 4071 376 4160 praetendens,
407 4073 559 4136 exsilium
589 4070 785 4156 deprecatus
813 4081 880 4139 est:
910 4092 975 4157 qno
1004 4073 1113 4136 minus
1142 4079 1260 4134 senatu

41 4159 243 4242 pelleretur,
271 4175 338 4219 non
359 4155 498 4219 obstitit.
586 4165 594 4180 ‘

119 4261 146 4313 1.
174 4243 206 4311 9.
226 4255 384 4311 Cominium
403 4287 433 4300 -·
457 4256 587 4326 precibus
604 4255 712 4323 [ratris
736 4257 881 4320 coacessit,
907 4275 932 4312 v.
954 4259 989 4313 sd
1007 4261 1034 4325 l,
1052 4259 1079 4322 t,
1097 4259 1124 4315 8.
1145 4286 1176 4300 -
1214 4271 1259 4308 so-

28 4329 148 4384 cordia
173 4329 258 4384 modo
282 4337 325 4384 est
354 4329 478 4396 incuria,
504 4329 589 4382 modo
617 4335 728 4399 stupor,
753 4327 908 4396 dementia,
940 4338 973 4383 ut
1000 4343 1096 4384 socors
1128 4345 1260 4384 nomun-

28 4495 29 4500 Ὶ
81 4421 151 4488 opp.
175 4419 239 4474 Tac.
262 4419 293 4472 Τ.
309 4419 332 4471 l.
540 4483 544 4489 Ι
994 4405 1036 4468 26
