2890 4790
271 189 416 257 CAPUT
437 187 530 261 LIX.
551 190 627 259 LX.
659 189 778 270 (4.11.
800 193 873 260 779.
901 193 940 258 Δ.
963 189 1001 257 G.
1024 190 1092 273 26.)
1224 193 1285 258 441

62 393 97 404 -
123 357 359 425 Aseinutebatque
381 355 484 412 tuum
506 365 612 427 parter,
638 359 678 414 cl.
696 357 758 414 lud
778 359 816 414 11.
836 371 865 416 ν.
883 373 942 428 que.
977 355 1084 412 indicis
1105 372 1161 429 pro
1184 355 1287 412 iudicis

62 431 240 486 substituere
262 429 388 486 editores
413 447 473 485 rec.
498 448 534 486 ex
558 431 671 488 ennead.
699 433 773 486 Mur.
801 448 890 500 mam
916 431 1003 484 etiem
1026 427 1164 515 probavit
1192 429 1286 484 Gran.

62 503 134 574 quia
152 503 243 556 talem
261 519 292 555 se
309 504 434 577 gesserit
451 503 529 574 apud
546 500 698 566 Tiberium
717 501 848 568 Seianus,
867 510 917 556 tan
938 519 1006 556 uam
1025 501 1148 566 invitus,
1177 499 1234 556 fide
1253 517 1287 554 ac

62 573 219 628 devotione
237 581 368 649 cogente,
388 573 519 644 Principi
537 573 638 628 domus
657 591 724 630 suas
741 575 869 628 vomicas
887 520 1039 630 indiceret.
1071 571 1203 638 ,devera
1221 573 1287 643 qui·

61 645 132 700 dern
150 645 233 697 index
252 653 324 710 erat,
344 643 395 698 sed
414 645 539 715 speciem
558 647 620 699 eius
641 653 670 698 et
688 644 829 698 invidiam
848 643 958 697 vitabat
975 643 1102 709 sudditis,
1122 643 1287 698 subornatis

61 715 142 782 aliis,
162 717 201 782 (v.
220 715 257 770 ad
278 719 302 782 Ι,
320 719 346 780 6,
366 715 409 782 6.)
436 715 487 786 qui
512 724 682 770 accusarent
706 715 875 770 Germanici
898 715 1016 770 liberos.
1062 714 1108 768 lta
1133 730 1203 768 vero
1228 714 1287 768 le.

61 788 183 842 videtur
209 787 475 855 transmutamur
500 786 595 842 Kritz.
624 788 656 840 in
678 785 802 858 prem.
826 785 918 844 schol.
943 785 1071 842 Darmst.
1098 802 1124 840 a.
1146 732 1286 852 183414,

63 863 107 914 17.
144 858 264 924 „Immo
288 858 334 912 nil
361 858 547 912 mutandum:
576 877 642 912 nam
668 859 771 912 indicis
795 866 888 926 parter
914 874 973 912 aon
992 857 1110 912 debebat
1128 857 1289 910 commutare

61 930 94 984 b.
109 949 134 985 e.
154 931 280 1000 speciem
300 929 406 983 indicis
446 948 495 986 rae
514 948 544 985 se
561 933 653 995 ferre,
673 948 763 1000 quum
781 929 856 984 alius
875 937 968 996 esset;
997 929 1047 984 sed
1066 928 1183 982 debebat
1201 927 1287 990 dissi·

62 1001 187 1068 mulsae,
206 1001 343 1073 quoniam
361 949 479 1056 nolebat
496 1009 598 1056 auctor
616 988 830 1056 driminntionis
848 999 954 1055 videri.
990 999 1094 1054 Iudicis
1118 1006 1212 1066 parter
1236 1014 1287 1052 ue-

62 1074 219 1138 er'mulobot‚
243 1073 274 1125 h.
288 1091 312 1128 e.
331 1073 463 1142 primum
487 1071 670 1140 subornabat,
696 1073 747 1143 qui
775 1072 946 1128 Germanici
971 1073 1093 1142 stirpem
1118 1078 1289 1126 accusarent

63 1143 141 1215 apud
158 1141 188 1198 se
207 1143 422 1211 stTiberiu1n5
442 1143 494 1209 (ne
511 1153 597 1216 putes
615 1143 691 1214 apud
709 1143 855 1211 senatum)
880 1139 984 1197 deinde
1003 1144 1063 1214 ipse
1081 1160 1148 1196 oum
1167 1141 1288 1196 'liberio

63 1215 247 1270 consultabat
270 1215 305 1268 de
330 1217 504 1270 criminibus
532 1225 561 1269 et
585 1231 618 1270 ro
641 1225 704 1269 atus
730 1215 905 1272 sententiam
934 1213 1057 1280 dicebat,
1091 1223 1230 1284 tanquam
1253 1213 1288 1268 ab

63 1289 147 1342 ornni
172 1289 301 1358 partium
325 1285 421 1340 studio
446 1287 589 1341 alienus.“
655 1286 722 1340 atet.
760 1289 806 1340 lta
832 1299 948 1371 quoque
971 1286 1119 1352 Heinsius,
1148 1286 1199 1356 qui
1222 1283 1254 1337 id
1272 1301 1289 1336 a

64 1358 196 1412 Phaedro
215 1359 248 1410 in
265 1357 342 1428 prol.
361 1358 397 1412 ad
414 1361 442 1425 3,
461 1363 495 1414 41
515 1377 557 1429 sq.
578 1359 748 1431 exprobrari
767 1359 842 1412 dicit
859 1357 973 1424 Seiano,
994 1356 1164 1412 etFreinsh.
1183 1357 1287 1410 Recte:

63 1447 133 1484 nam
152 1427 271 1484 Seianus
289 1431 390 1482 iudicis
407 1430 524 1485 deinum
541 1439 639 1501 partes
657 1429 761 1506 agebat
777 1429 905 1496 subditis,
925 1429 971 1498 qui
984 1437 1168 1482 armatorum
1182 1426 1289 1487 nomino

63 1501 237 1568 aestiment,
267 1510 421 1572 postquam
447 1511 629 1556 accusatores
658 1503 875 1556 subornaverat.
902 1533 934 1544 ·-
958 1499 1099 1566 Neronem,
1119 1497 1289 1554 Germanici

65 1572 170 1629 lilium.
197 1601 229 1612 -
255 1573 285 1626 r'n
307 1573 522 1639 praesentiarum
546 1574 580 1626 ab
605 1573 671 1627 aliis
695 1591 753 1627 una
776 1589 847 1628 voce
872 1573 1013 1626 scribitur
1030 1570 1287 1638 impraesentiarum.

66 1645 232 1714 Utrumque
256 1653 420 1698 monstrose
446 1646 616 1711 formatum,
641 1653 676 1698 ut
700 1645 962 1712 depraesentiarum
987 1661 1033 1714 ap.
1059 1643 1176 1698 Peteon.
1195 1643 1240 1706 te,
1259 1641 1288 1696 3.

66 1721 112 1780 74,
133 1719 175 1772 17.
213 1715 352 1786 Plerique
377 1715 453 1770 illud
481 1735 517 1770 ex
534 1718 564 1769 in
581 1717 738 1782 moerentia
764 1733 851 1770 rerum
869 1723 1063 1780 contractum,
1087 1712 1225 1768 nonnulli
1243 1710 1289 1763 di-

69 1797 147 1840 ctum
166 1795 271 1858 putant
289 1803 344 1858 pro
362 1787 392 1872 fn
416 1795 529 1854 tempore
551 1787 763 1854 praesentiarum
780 1786 853 1856 lue.
880 1804 982 1840 rerum
1006 1785 1213 1878 praesentium.
1243 1781 1288 1836 Gi.
1341 1848 1344 1855 ,

67 1856 1291 2001 reuerterunt.struunturtif-..ntrituret

67 2011 168 2072 aptum
190 2011 219 2054 et
237 2003 311 2056 utile
330 2011 413 2068 esset,
432 2002 591 2074 prodesset.
612 2003 737 2054 coudecet
756 2000 815 2055 MS.
835 2020 865 2056 v.
885 1999 921 2054 ad
939 2003 965 2062 2,
980 2001 1064 2065 63,2.
1084 2032 1116 2044 -
1130 2006 1159 2052 ut
1178 2005 1290 2052 ereetum

68 2082 92 2124 et
111 2075 232 2138 fidentem
256 2075 341 2126 animi
363 2076 514 2128 ostenderet
539 2089 578 2130 sc.
597 2089 634 2140 ee.
660 2091 688 2128 r.
714 2073 750 2126 ad
773 2075 848 2140 Μ,
868 2077 893 2126 1.
935 2071 1050 2124 Frustra
1074 2069 1187 2122 animum
1209 2085 1288 2124 corr.

68 2144 147 2198 l'icla.
167 2149 297 2212 erectum,
323 2152 477 2198 uteremur
501 2151 528 2196 et
553 2148 641 2212 celsus
660 2143 720 2198 Cic.
746 2160 788 2198 or.
809 2149 835 2212 l,
853 2147 879 2200 4.
908 2159 990 2196 mens
1016 2141 1237 2209 adunaretur
1264 2145 1290 2192 et

66 2231 141 2280 oper,
173 2215 216 2268 nil
245 2216 323 2268 breue
354 2215 500 2288 (parrum)
529 2216 619 2269 moliri
650 2215 800 2269 claudian.
837 2215 870 2270 in
897 2212 965 2270 Stil.
991 2218 1018 2280 1,
1042 2217 1079 2271 39
1100 2231 1142 2283 sq.
1180 2211 1226 2268 Cf.
1254 2210 1291 2266 ad

67 2287 138 2363 Agr.
163 2289 191 2344 4.
216 2305 245 2344 n.
265 2291 293 2344 7.
318 2319 351 2332 -
379 2290 459 2342 iusto
476 2287 597 2354 incudm,
614 2305 643 2342 r·
662 2286 698 2342 ad
715 2291 742 2354 1,
761 2289 789 2354 d,
807 2290 833 2346 6.

533 2429 727 2486 CAPUT
772 2431 838 2485 LX.

151 2539 246 2603 Haec
267 2547 368 2624 atque
388 2540 469 2602 talia
490 2537 641 2600 audienti
664 2537 750 2600 nibil
773 2538 905 2622 quidem
921 2557 1045 2621 pravae
1060 2531 1289 2624 cogitationis3

67 2621 127 2688 sed
159 2623 329 2684 interdurn
364 2643 463 2684 voces
498 2621 722 2704 procedebant
755 2631 966 2686 contumaces
1002 2631 1037 2686 et
1070 2621 1290 2698 inconsultae,

67 2727 150 2790 quas
182 2708 327 2790 appositi
355 2703 509 2770 custodes
526 2705 690 2787 ‘exceptas
718 2715 895 2790 auctasque
917 2727 1018 2789 quum
1042 2703 1212 2767 deferrent
1234 2722 1291 2764 ne·

68 2811 132 2874 qne
154 2787 284 2850 Neroni
305 2787 484 2850 defendere
513 2787 664 2866 daretur,
697 2787 850 2852 diversae
871 2791 1008 2870 insuper
1030 2785 1290 2850 sollicitudinum

67 2877 196 2934 formae
218 2873 423 2935 oriebantur.
468 2872 553 2933 Nem
583 2873 667 2933 elius
697 2891 873 2934 occursum
900 2876 972 2936 eius
998 2874 1124 2935 vitare:
1157 2867 1290 2952 quidam

68 2957 271 3018 salutatione
293 2953 424 3017 reddita
438 2958 559 3016 ,stetim
581 2957 709 3016 averti:
741 2955 892 3038 plerique
914 2957 1084 3038 inceptum
1104 2973 1292 3014 sermonem

68 3041 306 3119 abrumpere,¹
329 3039 562 3101 insistentibus
591 3045 711 3106 contra
745 3039 1045 3120 irridentibusque,
1086 3037 1143 3120 qui
1170 3035 1291 3098 Seiano

70 3125 220 3184 feruores
247 3119 397 3182 aderent.
414 3151 424 3174 s
442 3121 622 3182 Enimvero
650 3119 810 3182 Tiberius
838 3130 957 3182 torvus
978 3129 1038 3182 ent
1060 3121 1178 3181 salsum
1199 3119 1292 3180 reni-

68 3203 151 3265 dens
171 3203 280 3268 vultu.
324 3203 390 3264 Seu
411 3205 443 3266 lo
465 3211 606 3266 ueretur
626 3223 685 3274 seu
706 3207 833 3265 taceret
854 3205 997 3281 iuvenis,
1030 3207 1159 3264 crimen
1180 3221 1220 3263 ex
1248 3203 1293 3262 si·

69 3288 188 3359 lentio,
222 3307 261 3348 ex
289 3305 381 3350 voce.
461 3307 479 3349 e
513 3305 579 3352 nox
601 3283 733 3368 quidem
756 3305 884 3364 secura,
917 3305 1018 3370 quum
1040 3305 1126 3347 uxor
1146 3285 1292 3371 vigiliae,

68 3391 220 3446 somnos,
256 3371 402 3454 suspiria
436 3372 538 3450 matri
565 3369 686 3432 Liviae
719 3377 817 3452 etque
845 3371 902 3430 illa
928 3369 1048 3431 Seiano
1076 3371 1290 3453 patefaceret,

68 3456 126 3534 qni
159 3455 301 3515 fratrem
343 3473 471 3536 quoque
504 3451 656 3514 ‘Neronis
688 3452 837 3516 Drusum
880 3455 985 3514 traxit
1019 3453 1054 3512 in
1086 3461 1197 3534 partes
1234 3471 1292 3533 spe

68 3535 201 3598 obiecta
222 3539 385 3620 principis
406 3537 484 3612 loci,
513 3539 543 3598 si
570 3538 719 3618 priorem
742 3543 851 3598 aetate
872 3543 906 3600 et
927 3537 992 3602 iam
1014 3535 1213 3598 labefactum
1234 3532 1291 3596 de·

68 3623 240 3683 movisset.
291 3620 399 3681 Atrox
428 3619 533 3682 Drusi
561 3621 735 3704 ingenium
775 3637 877 3700 super
907 3618 1097 3700 cupidinem
1124 3618 1293 3698 potentiae

69 3711 103 3763 et
125 3704 226 3764 solite
248 3697 409 3764 iratribus
428 3702 504 3764 odia
526 3701 770 3766 accendebatur
785 3701 925 3780 invidia,
947 3699 1037 3784 qu'od
1053 3703 1293 3784 meterAgrip-

69 3787 150 3866 pina
173 3787 363 3868 promptior
385 3783 516 3847 Neroni
537 3795 618 3850 erat.
663 3785 783 3868 Neque
803 3794 915 3848 menen
929 3784 1067 3847 Seianus
1082 3786 1130 3845 its
1143 3783 1291 3844 Drusum

69 3869 217 3948 fovebat,
239 3877 278 3930 ut
300 3889 366 3928 non
388 3869 423 3928 in
446 3886 522 3929 eum
544 3887 673 3950 quoque
688 3871 814 3930 semine
836 3872 942 3932 futuri
959 3869 1055 3930 exitii
1073 3865 1293 3929 meditaretur

68 3971 208 4038 gnarus,
241 3954 470 4034 praeferocem
492 3960 526 4012 et
547 3951 678 4015 insidiis
699 3953 806 4040 magis
828 3959 1066 4034 opportunum.

142 4075 167 4126 1.
186 4069 265 4122 Haec
283 4075 363 4136 atque
380 4069 450 4122 tolio
468 4069 592 4124 audienti
608 4086 648 4123 sc.
668 4069 789 4124 Neroni.
809 4101 842 4112 -
861 4067 979 4136 oppositi
1001 4067 1125 4121 custodes
1142 4085 1159 4121 a
1177 4065 1292 4131 Seiano,

68 4151 104 4196 ut
122 4159 149 4194 c.
169 4143 213 4200 67.
233 4140 293 4208 quir
312 4141 424 4194 additur
440 4141 526 4204 nitu,
545 4140 680 4208 (honoris
699 4141 818 4211 quidem
836 4141 941 4211 specie,
970 4139 1020 4194 sed
1044 4157 1077 4194 re
1096 4157 1166 4194 vera
1191 4145 1224 4192 ut
1242 4157 1293 4192 cu·

68 4213 183 4269 stodine
201 4229 288 4266 causa
306 4228 408 4266 eorum
425 4211 565 4268 lateribus
583 4211 786 4278 adhaererent)
805 4219 834 4266 et
852 4209 985 4266 custodes
1003 4211 1104 4278 additi,
1128 4211 1221 4264 tuditi.
1246 4211 1292 4266 Cf.
1317 4233 1320 4238 ·
1387 4203 1389 4217 '

68 4284 106 4338 ad
123 4289 155 4350 ³,
171 4287 218 4352 28,
236 4285 264 4342 3.
283 4283 321 4338 Η.
341 4285 370 4350 4,
390 4287 435 4351 74,
463 4291 488 4340 t.
507 4284 600 4340 oron
624 4283 662 4339 ad
679 4283 746 4342 Seu.
766 4282 853 4338 Herc.
876 4285 938 4342 fur.
965 4301 994 4340 v.
1020 4287 1100 4342 1137.
1132 4284 1233 4356 lleyne
1256 4281 1292 4338 ad
