2890 4790
223 181 369 255 CAPUT
391 189 621 256 XLIX—Li.
655 189 924 298 (11177111.
948 187 1072 269 (3.26.)
1191 193 1253 260 429

31 355 90 412 MS.
112 373 148 410 ex
173 371 231 428 quo
257 356 379 412 emendo
403 372 497 427 equae.
535 353 671 412 solebant
694 357 773 412 euim
800 355 920 412 illarum
944 375 977 414 re
1001 357 1100 412 'ouum
1121 359 1252 414 nationes

30 427 253 484 multitudinem
275 429 355 483 alere
380 445 519 498 equarum
546 423 583 482 sd
609 445 701 504 genus
727 429 902 484 iaciendum.
926 447 953 484 v.
998 431 1084 482 ustin.
1104 431 1133 493 9,
1157 433 1176 487 2
1199 427 1251 482 an.

31 501 107 566 Ques
126 518 193 554 cum
218 499 357 554 annentie
381 499 493 554 clausas
520 515 579 552 non
602 499 784 557 udraberis.“
819 495 927 554 Waltit.
964 497 1058 554 Simul
1080 517 1114 554 ee
1133 516 1166 554 ue
1190 499 1250 556 edd.

30 573 96 628 Ber.
115 571 207 628 Rhea.
228 571 295 626 Ald.
315 571 354 625 al.
373 571 467 626 Simul
484 571 549 640 equi
566 569 628 626 edd.
649 570 728 624 Pich.
747 571 825 644 Lipe.
845 589 907 642 sqq.
939 571 1077 642 simulque
1095 518 1137 626 ei.
1158 571 1251 625 Beldr.

30 643 75 696 11.
116 659 152 696 ex
187 642 300 697 emend.
336 642 415 714 Lips.
457 647 607 696 uterentur
643 641 736 700 mmai,
789 643 885 712 Aeque
919 649 1049 696 armenta
1084 643 1159 698 euni.
1195 643 1251 696 iae.

31 713 126 770 Gron.
145 745 179 756 -
213 719 383 784 peremerat,
408 729 467 767 non
487 719 675 782 peremerant.
694 731 723 770 v.
744 713 951 781 sd12,45,1.
971 745 1002 756 -
1040 715 1175 784 rebusque
1191 721 1254 767 rur-

29 785 109 840 batie
135 786 240 840 moisem
266 791 419 840 extremum
442 785 590 839 discordia
616 786 734 838 aierent
755 801 863 862 gnome
889 785 926 839 ad
943 783 1036 838 vitam
1052 793 1083 840 st
1099 803 1184 840 usum
1201 801 1255 840 ιιο-

30 857 232 941 estnequam
251 866 283 939 et
297 856 397 940 Polyb.
410 858 439 924 ὅ,
450 861 494 914 93.
514 857 658 924 affirmem
675 855 754 925 Lipe.
775 857 819 910 ci.
831 855 868 938 ad
878 856 950 932 Agr.
963 859 1006 912 29.
1017 874 1047 910 ιι.
1059 860 1085 914 1.
1096 857 1253 940 Ι,Οιιιιίιιιι-

31 935 195 1123 ξὲἒξῗξὲἑΐ
217 927 1124 1066 ·23¹5'itt’tatttttstttt‘mattt“titttitii
1141 927 1253 1054 iiiii

73 1087 91 1122 a
135 1111 142 1128 s

505 1195 697 1252 CAPUT
749 1198 780 1250 L.

114 1301 275 1365 Verume
297 1299 436 1364 ducibus
454 1303 551 1366 Dinis
572 1311 752 1385 provectus
774 1311 908 1366 senecta
929 1305 1082 1390 etlongo
1103 1323 1167 1366 usu
1182 1303 1252 1366 vim

31 1393 64 1446 at
87 1405 131 1446 ue
168 1387 376 1464 clementiam
409 1386 589 1448 Romanam
638 1385 774 1448 edoctus
825 1386 977 1468 ponenda
1014 1405 1107 1448 arma
1148 1407 1253 1448 unum

31 1407 162 1530 abiistis
188 1467 223 1530 id
251 1467 437 1531 remedium
466 1468 659 1547 disserebat,
688 1471 880 1553 primusque
901 1489 936 1531 se
957 1489 1034 1531 curn
1056 1471 1198 1556 coniuge
1218 1479 1253 1532 et

30 1554 149 1614 liberis
170 1553 294 1614 victori
315 1553 477 1634 permisit.
511 1551 624 1614 Secuti
646 1559 754 1614 aetate
775 1563 833 1615 aut
853 1571 934 1614 sexu
953 1553 1113 1614 imbecilli
1135 1555 1251 1635 etqui-

30 1637 96 1698 bus
124 1637 232 1697 maior
258 1637 350 1698 vitae
379 1654 476 1717 quam
526 1635 632 1697 leriae
666 1654 706 1697 ou
732 1633 797 1696 ido.
848 1635 893 1698 At
926 1637 1083 1697 iuvedtus
1111 1633 1252 1697 Tarsam

31 1723 125 1780 inter
152 1725 187 1779 et
207 1715 365 1780 Turesim
395 1655 653 1780 distraiebatur.
728 1720 838 1799 trique
867 1717 1079 1796 destinatum,
1108 1735 1185 1780 eum
1210 1718 1251 1779 li-

32 1804 164 1862 bertate
197 1799 366 1874 occidere3
400 1800 458 1862 sed
490 1799 606 1878 Tarsa,
646 1819 828 1882 properum
859 1803 968 1872 finem,
1008 1799 1250 1882 abrumpendas

33 1886 162 1964 pariter
183 1903 257 1964 spes
287 1905 325 1946 ac
354 1892 461 1945 metus
488 1884 670 1956 clamitans,
707 1882 800 1944 dedit
828 1886 1013 1966 exemplum
1040 1883 1183 1945 demisso
1216 1885 1251 1944 in

31 1975 149 2049 pectus
171 1968 280 2028 ierro:
304 1987 365 2028 nec
386 1965 533 2046 defuere,
555 1967 612 2048 qui
633 1964 748 2028 eodem
770 1965 869 2027 niodo
891 1975 1098 2048 oppeterent.
1142 1966 1250 2028 Ture-

31 2054 78 2110 sis
99 2069 158 2110 sua
179 2068 253 2110 cum
276 2069 377 2112 manu
397 2058 526 2111 noctem
550 2049 737 2131 opperitur,
769 2047 858 2110 haud
879 2052 990 2110 neseio
1011 2047 1094 2110 duce
1122 2057 1249 2112 nostro.

30 2133 142 2216 igitur
160 2131 313 2193 firmatae
333 2135 493 2194 stationes
516 2131 724 2194 densioribus
774 2133 870 2194 iobis.
914 2132 957 2192 Et
981 2131 1158 2218 ingruebat
1186 2151 1251 2191 nox

31 2215 145 2276 nimbo
166 2225 273 2292 atrox,
297 2215 464 2297 hostisque
486 2215 629 2276 clamore
651 2152 798 2292 turbisio,
830 2211 929 2274 modo
958 2233 1019 2295 per
1048 2221 1178 2275 vastum
1206 2215 1250 2274 si-

30 2300 173 2360 lentium
201 2299 347 2359 incertos
374 2298 563 2360 obsessores
585 2299 752 2371 effecerat,
774 2317 874 2380 quum
897 2295 1037 2358 Sabinus
1060 2297 1250 2374 circumire,

30 2383 177 2458 hortari,
199 2399 241 2440 ne
262 2380 303 2442 ad
324 2381 478 2464 ambigua
499 2383 629 2442 sonitus
650 2389 709 2441 aut
730 2381 974 2444 simuiationem
997 2381 1116 2464 quietis
1138 2399 1250 2442 casum

31 2461 267 2526 insidiantibus
295 2463 477 2544 aperirent,
505 2461 563 2524 sed
590 2483 650 2526 sua
678 2465 814 2548 quisque
840 2465 954 2526 munia
985 2470 1161 2528 servarent
1189 2465 1251 2524 im-

30 2549 116 2609 moti
137 2547 279 2627 telisque
301 2547 424 2608 nonin
447 2545 564 2608 falsum
586 2547 692 2611 iactis.
1012 2551 1018 2558 ‘
1273 2545 1276 2554 ’

105 2669 129 2720 1.
162 2661 283 2733 Utrique
306 2661 481 2716 destinatum
507 2663 596 2716 simul
621 2681 682 2717 eom
705 2663 839 2718 libertate
857 2663 994 2728 vadiare,
1020 2671 1055 2719 ut
1071 2666 1099 2732 1,
1120 2667 1154 2724 15
1173 2673 1248 2720 extr.
1292 2658 1295 2664 ’

29 2745 125 2790 tenere
153 2733 313 2789 libertatem
340 2741 391 2787 aot
414 2733 490 2788 mori
515 2741 581 2789 ante
607 2735 762 2790 servitium.
780 2739 822 2779 '-
858 2737 1008 2802 properum
1033 2739 1130 2802 finem:
1159 2739 1250 2791 immo

27 2807 247 2934 pannagium,
272 2811 306 2860 et'
319 2805 396 2860 illud
414 2825 449 2860 ex
467 2821 561 2878 comp.
580 2807 684 2878 script.
703 2813 817 2874 ortum3
840 2805 932 2863 Risit.
953 2831 987 2847 -·
1023 2814 1194 2878 oppeterent,
1219 2825 1249 2861 v.

29 2899 46 2933 ἃ
83 2882 113 2942 ²9
169 2883 223 2942 51.

102 2951 130 3004 2.
148 2947 291 3020 bustisque
308 2948 394 3003 modo
410 2949 532 3002 clamore
550 2947 674 3014 turbido,
693 2947 773 3002 medo
789 2963 842 3017 per
859 2955 969 3002 eastum
985 2947 1138 3016 silentiam,
1162 2957 1196 3002 ut
1214 2949 1249 3003 H.

28 3023 57 3086 3,
77 3023 122 3076 13.
144 3027 172 3072 et
188 3019 259 3096 Agr.
280 3023 323 3078 38.
343 3022 446 3085 altum,
465 3023 579 3096 ingens,
598 3019 658 3072 lats
675 3027 788 3092 patens,
807 3019 889 3072 nulla
906 3037 989 3086 voce,
1013 3021 1097 3074 nullo
1116 3035 1185 3074 sono
1205 3021 1250 3074 in-

28 3099 211 3216 Relrimptum,
237 3091 291 3215 Jel
318 3093 403 3178 quale
428 3094 460 3145 in
487 3092 552 3218 ltocg
576 3098 674 3219 vgws
690 3091 815 3217 desserqtg,
841 3091 1008 3217 Ιειῗιεοῑα.
1027 3111 1066 3218 {5
1076 3091 1164 3214 adt3‚·
1176 3095 1248 3214 1,.11.

27 3179 497 3288 diviiiibffisnizrbaoiiiliiibiii'bri
520 3197 631 3304 priori?
649 3203 677 3287 r:
697 3249 721 3288 e.
732 3196 865 3286 'alteiam
883 3164 1041 3290 rixatio'fl.
1061 3179 1251 3298 &ensium

25 3305 78 3358 vei
108 3313 167 3358 tum
189 3305 313 3360 fortasse
342 3309 384 3371 1⁵,
410 3309 455 3370 62,
477 3311 501 3360 1.
529 3304 616 3357 simui
632 3303 705 3358 Sall.
730 3303 793 3380 lug.
813 3307 839 3370 4,
858 3307 886 3361 2
911 3305 1021 3374 partim
1039 3303 1099 3358 Cic.
1118 3307 1203 3358 Verr·
1222 3309 1250 3368 b,

24 3379 72 3432 66.
96 3383 125 3428 et
143 3375 210 3444 alia,
230 3381 303 3448 quae'
320 3377 450 3434 laudavit
468 3375 639 3430 Ramshorn.
661 3375 760 3430 Gram.
779 3393 809 3446 p.
829 3379 890 3434 582
912 3384 941 3430 et
958 3379 1020 3432 689.
1042 3377 1087 3430 Cf.
1107 3377 1171 3432 ind.
1193 3376 1248 3433 111.

25 3469 55 3502 v.
80 3445 204 3516 Eliipses
222 3465 250 3502 n.
270 3449 297 3503 θ.
316 3455 345 3502 et
362 3447 516 3502 Ruhnken.
535 3447 572 3500 ad
588 3445 664 3502 Veli.
684 3449 713 3512 2,
733 3453 793 3504 110.
805 3481 837 3491 -
858 3463 942 3518 qaum
959 3447 1083 3501 Sabinae
1099 3448 1252 3505 dreamire

24 3525 83 3572 cet.
104 3535 134 3568 v.
153 3517 189 3570 ad
206 3521 233 3584 2,
251 3519 297 3584 4⁰,
317 3523 342 3576 l.
363 3545 397 3556 -
433 3535 527 3572 casum
548 3517 755 3572 insidiantibus
779 3520 902 3587 reperire,
930 3521 1123 3586 committere,
1150 3528 1185 3573 ut
1205 3521 1250 3573 in·

23 3589 184 3642 sidiatores
203 3589 316 3659 aliquid
333 3589 466 3654 audeant,
486 3589 632 3654 efficiam
649 3589 719 3647 Era.
741 3589 784 3644 Gi.
805 3591 841 3644 ad
861 3595 886 3656 1,
906 3595 949 3656 13,
968 3594 1039 3646 2-
1062 3607 1114 3644 sua
1133 3591 1251 3662 quisque

22 3659 128 3712 munia
145 3669 292 3714 amarent
309 3661 430 3726 immoti,
450 3662 488 3716 ei.
508 3661 544 3713 ad
562 3665 589 3726 1,
607 3663 652 3728 39,
670 3663 697 3718 2.
719 3695 752 3704 -
789 3662 899 3715 immoti
923 3663 1042 3734 telisque
1066 3677 1121 3716 non
1145 3663 1176 3714 in
1194 3663 1251 3728 {ai-

24 3747 91 3784 eom
109 3731 205 3798 iactis,
223 3741 258 3785 ut
276 3733 306 3787 in
324 3749 435 3786 caseum
452 3750 496 3802 ap.
517 3732 582 3788 Liv.
603 3735 647 3799 lo,
666 3734 710 3788 29.
730 3740 760 3788 et
776 3749 851 3787 uana
870 3733 936 3799 telo,
955 3735 1037 3787 ictor.
1062 3732 1107 3790 Gi.
1127 3733 1190 3786 Iud.
1209 3733 1248 3790 11.

23 3821 54 3858 v.
77 3803 122 3855 ln.
142 3803 270 3857 Ablativi
288 3805 415 3858 absoluti
432 3821 522 3876 aeque
540 3803 702 3876 pendente
720 3805 810 3859 verbo
829 3813 975 3859 seruarent
994 3821 1026 3859 ae
1044 3821 1106 3860 voe.
1127 3804 1249 3868 immoti;

28 3871 142 3927 ”rauba
167 3875 213 3930 cs·
233 3875 269 3928 ad
285 3879 313 3942 5,
333 3880 377 3940 1⁰,
399 3881 422 3932 l·

493 3999 685 4056 CAPUT
730 4001 785 4057 tl.

113 4103 247 4168 Interea
267 4103 405 4170 barbari
424 4111 569 4172 catervis
585 4109 802 4176 decurrentes
824 4129 912 4174 nuno
932 4111 968 4172 in
988 4109 1113 4174 vallum
1135 4127 1249 4171 manu·
1342 4167 1347 4178 ,

20 4189 93 4250 aiia
116 4207 206 4266 saxa,
227 4199 400 4272 praeustas
420 4191 529 4270 sudes,
552 4191 663 4256 decisa
683 4195 809 4260 robora
830 4195 960 4270 iacere3
982 4211 1070 4256 nuno
1090 4193 1248 4280 virgultis

20 4283 58 4334 et
93 4271 244 4336 cratibus
275 4282 310 4336 et
340 4276 539 4357 corporibus
571 4277 733 4340 exanimis
765 4275 933 4360 complere
966 4277 1085 4342 iussas:
1117 4273 1249 4360 quidam
