2774 4784
158 215 222 271 m
679 195 883 282 vrrs'
1166 259 1181 340 5

159 387 290 460 itidem
315 343 492 460 senectuti
517 389 692 484 sepositas
716 387 756 458 in
781 387 903 460 lucem
934 413 1009 460 non
1033 391 1228 483 prodiisse,
1261 413 1307 460 ex
1335 415 1383 460 eo

158 489 354 582 praecipue
379 485 628 582 colligendum
662 497 784 560 censet
817 485 1016 566 Walchins,
1043 490 1091 560 ad
1115 490 1201 583 Agr.
1224 511 1265 583 vp.
1297 487 1381 562 132.

19 599 22 612 '
159 587 261 681 quod
285 587 508 658 Ammianus
533 587 769 659 Marcellinus
794 587 893 658 haud
920 589 1032 660 dubie
1067 591 1280 660 continuare
1315 613 1382 658 vo·

122 733 127 746 ,
159 685 269 758 luerit
293 687 476 758 Historias
500 688 620 760 Taciti
645 698 682 758 et
714 709 798 758 suas
830 709 851 756 a
875 688 1082 782 principatu
1106 689 1245 760 Nervae
1275 712 1383 758 exor-

159 809 223 856 sus
249 788 305 858 sit.
358 787 414 859 lta
443 797 568 882 umen
601 787 748 858 mireris
782 785 925 876 saltem,
958 787 997 858 in
1031 786 1091 856 his
1126 788 1270 881 saepius
1298 789 1382 882 qui-

159 886 246 956 dem
271 885 420 979 Virgilii
454 897 491 958 et
523 885 725 976 Ciceronis,
759 883 872 956 semel
906 887 1017 956 etiam
1045 881 1120 975 (15,
1149 884 1221 972 12.)
1256 885 1383 958 Sallu-

159 985 233 1074 stii,
265 986 331 1058 sed
355 1009 540 1081 nusquam
565 985 686 1059 Taciti
718 986 959 1076 mentionem,
993 1009 1112 1080 neque
1137 985 1259 1056 ullum
1293 985 1383 1056 imi-

158 1085 306 1154 tationis
330 1086 528 1179 vestigium
561 1083 808 1180 deprehendi..
851 1082 991 1158 Eadem
1024 1085 1260 1156 adversantur
1293 1109 1383 1156 con-

159 1183 317 1255 iecturae
350 1206 500 1275 eonmr,
535 1187 600 1279 qui
625 1183 737 1257 telam
763 1181 931 1256 Suetonii
956 1183 1001 1255 ab
1028 1185 1229 1256 Ammiano
1254 1183 1382 1254 deter-

159 1292 236 1354 tam
262 1293 419 1356 consent.

259 1383 293 1471 4.
327 1381 566 1456 Facetierrtm
599 1379 695 1457 liber
734 1407 755 1456 a
788 1378 983 1480 Fulgentio
1018 1383 1212 1455 Planciade
1247 1381 1383 1454 Gram-

159 1483 294 1552 matico
318 1481 418 1554 Sacc.
437 1483 502 1555 Vl.
529 1493 754 1555 memoratus
779 1487 819 1556 in
845 1485 978 1579 Expos.
1006 1507 1114 1556 serm.
1141 1491 1213 1554 ant.
1239 1505 1275 1576 p.
1293 1481 1381 1556 782.

159 1582 217 1651 ed.
245 1581 410 1654 Stavern.
436 1581 495 1652 his
520 1583 659 1654 verbis:
686 1580 907 1679 Elegiura
932 1596 989 1656 est
1005 1578 1196 1656 hereditat
1216 1581 1254 1654 iu
1270 1577 1382 1652 malo.

162 1677 357 1752 Cornelius
390 1673 546 1753 Tacitus
571 1678 634 1752 lib.
661 1681 903 1774 facetiarum:
935 1677 1072 1756 Caesi
1107 1681 1268 1774 itaque
1293 1701 1385 1751 rno-

161 1803 254 1851 rem
286 1778 445 1876 elogio
480 1781 524 1852 io
556 1777 691 1872 stitit
724 1779 971 1856 derelicto.
1023 1781 1099 1854 Sed
1123 1801 1260 1851 nomen
1286 1773 1383 1850 Cor-

159 1877 278 1951 nelius
311 1881 351 1952 iu
385 1879 463 1952 MS.
491 1879 610 1973 Lugd.
645 1891 681 1952 et
705 1881 792 1954 Exc.
826 1905 903 1952 non
928 1883 1120 1976 reperitur,
1146 1890 1183 1952 et
1206 1878 1385 1952 Boeotus

159 1980 198 2048 in
225 1979 418 2052 Adversar.
450 1977 506 2070 13,
536 1979 591 2052 ll.
618 2003 686 2073 pro
716 1974 873 2055 Tacitus
904 1993 1012 2070 recte,
1045 1982 1189 2074 opinor,
1223 1979 1385 2048 coniecit

161 2071 306 2169 Cutius,
331 2079 378 2150 de
404 2101 477 2174 quo
503 2102 536 2148 v.
563 2075 640 2150 Cic.
668 2103 724 2176 ep.
752 2081 798 2151 ad
823 2077 988 2170 fem.'l5,
1007 2077 1064 2152 16.
1094 2076 1247 2157 Qtuntil.
1274 2077 1306 2148 l.
1336 2075 1382 2147 Ο.

165 2179 222 2272 10,
251 2179 282 2267 l,
312 2177 392 2252 124.
443 2177 570 2250 Horat.
604 2175 678 2249 Set.
705 2180 741 2270 2,
768 2177 803 2270 4,
833 2179 863 2250 l.
898 2181 965 2250 ubi
990 2176 1084 2249 conf.
1111 2174 1304 2248 Heindorf.

260 2275 405 2348 Plinius
426 2279 467 2348 in
484 2300 540 2372 ep.
561 2277 596 2368 7,
613 2277 672 2351 20.
691 2277 830 2348 librum
848 2275 966 2360 Taciti
982 2277 1026 2346 ad
1045 2278 1256 2348 semiesum
1271 2275 1384 2346 dicit:

162 2373 340 2467 „Librum
354 2389 451 2448 tuum
475 2373 556 2470 legi
580 2387 617 2448 et
633 2399 737 2472 mera
760 2373 830 2448 dil'
861 2375 1044 2449 entissime
1062 2373 1173 2476 potui
1189 2375 1385 2463 annotavi,

36 2547 45 2560 ,
161 2497 256 2571 quae
280 2471 544 2568 commutanda,
571 2498 664 2570 quoe
680 2475 817 2548 eeirnen
846 2499 871 2546 o
895 2469 1162 2556 arbitroref‘t
1187 2493 1263 2544 non
1279 2495 1386 2560 vero,

163 2598 276 2670 quem
300 2573 593 2668 legeritlibrum
619 2575 739 2646 amici.
790 2574 970 2647 Eiusdem
997 2572 1110 2646 Plinii
1135 2597 1193 2668 ep.
1210 2572 1246 2662 9,
1276 2571 1338 2644 10.
1366 2597 1386 2642 ει

163 2671 351 2745 nonnullis
376 2697 569 2770 perperam
595 2675 723 2746 Tacito
749 2673 935 2746 tribuitur.
1385 2749 1386 2762 ,

48 2781 54 2792 '
141 2791 143 2800 ⁴
261 2772 319 2844 Ex
345 2773 534 2868 deperdito
566 2771 689 2868 aliquo
727 2771 786 2843 vel
812 2771 1015 2844 Annalium
1046 2769 1106 2843 vel
1131 2771 1386 2842 Historiarum

15 2962 20 2973 .
163 2871 261 2942 libro
294 2871 512 2968 deprompta
542 2873 714 2945 videntur
747 2875 860 2944 verba
892 2873 1012 2944 Taciti
1042 2873 1088 2942 ab
1122 2870 1257 2942 Orosio
1282 2870 1323 2960 7,
1352 2867 1385 2942 3.

164 2971 325 3042 laudata:
350 2968 533 3062 „Deinde
557 2983 598 3042 ut
624 2968 748 3044 oeriie
774 2966 940 3044 Cornelii
974 2963 1102 3044 Taciti
1126 2967 1271 3063 loquar,
1298 2989 1385 3040 aeae

163 3070 338 3166 Augusto
369 3067 486 3142 Ianus
519 3069 748 3167 patefactus,
782 3067 864 3144 dum
898 3067 1004 3172 apud
1035 3083 1218 3144 extrem
1258 3080 1385 3140 terro«

166 3193 244 3242 rura
269 3169 443 3241 terminos
467 3193 584 3242 nonae
608 3184 739 3266 gentes
764 3193 829 3242 soe
860 3193 878 3242 e
904 3195 950 3242 ec
974 3193 1053 3260 utu,
1079 3159 1279 3260 aliquando
1307 3185 1385 3238 curt

165 3267 295 3342 ἀαηυιο
329 3283 565 3364 quaeruntur,
610 3293 723 3365 esque
755 3265 809 3340 ud
876 3267 1069 3374 esposiuai
1093 3263 1245 3338 duravit
1271 3263 1384 3366 irnpe-

167 3363 297 3440 rium.“
355 3367 457 3447 Quae
487 3369 598 3440 verba
628 3370 673 3438 ab
707 3367 881 3440 historica
912 3369 1063 3440 veritate
1087 3365 1204 3436 aliena
1227 3375 1320 3435 sunt
1353 3375 1384 3438 et

168 3469 317 3541 sortasse
341 3491 417 3538 non
442 3478 604 3539 accurate
629 3469 809 3564 descripta
834 3470 879 3539 ab
906 3468 1040 3542 Orosio
1065 3475 1128 3538 aut
1160 3463 1334 3534 librariis.

537 3639 663 3712 vua
695 3597 998 3714 nonrcomn.

236 3773 302 3868 ¹5.
328 3773 397 3846 Ill.
448 3772 530 3844 Hoc
556 3783 611 3844 est
634 3773 842 3845 immortale
867 3775 921 3869 pii
946 3775 1111 3869 gratique
1141 3773 1182 3842 in
1214 3791 1383 3842 socerum

169 3875 286 3946 animi
317 3871 604 3962 monimentum,
646 3883 723 3945 tam
756 3875 946 3944 sententiis
980 3897 1093 3968 quam
1117 3869 1202 3942 stilo
1226 3871 1383 3964 insigne,

170 3984 208 4044 et
231 3974 326 4046 vitae
360 3970 560 4066 exemplar,
599 3995 673 4066 quo
704 3997 780 4044 non
812 3971 949 4044 melius
982 3969 1028 4044 ad
1052 3969 1274 4042 imittndrun
1303 3993 1383 4062 pro«,

170 4073 260 4167 poni
302 4081 454 4166 poterat.-
512 4070 775 4144 Praestantiam
817 4073 896 4166 eius
931 4072 1045 4142 nimis
1079 4069 1233 4163 elevavit
1262 4068 1382 4140 Wolt

171 4195 329 4242 mannus
353 4171 394 4241 in
418 4169 545 4241 Germ.
572 4171 733 4242 translat.
761 4194 846 4266 opp.
873 4171 991 4244 Taciti
1017 4170 1062 4244 T.
1080 4169 1145 4242 vl.
1165 4191 1201 4261 p.
1223 4163 1382 4244 34-45

18 4275 25 4291 ‘
115 4305 119 4312 ·
172 4272 237 4342 sed
262 4271 350 4341 scite
374 4269 605 4342 adumbravit
629 4269 739 4343 Mohr
763 4271 804 4342 in
828 4268 967 4362 libello,
992 4271 1057 4366 qui
1088 4267 1287 4361 inscriptus
1314 4279 1382 4338 est:
