2774 4784
205 163 260 227 nn
280 159 397 226 anas
419 161 652 232 ommam
695 160 724 247 a.
746 162 871 231 xxw.
895 161 1004 230 xxv.
1031 255 1034 262 Ι
1067 161 1217 222 amur

43 333 129 404 rideri
164 333 297 427 possim
337 335 451 406 iudex
492 331 643 406 alterim
685 335 797 428 partis
835 333 1049 406 studiosiorz
1099 339 1216 410 nostis

41 435 125 522 onim,
155 433 243 504 mibi
266 432 599 506 familiarissimum
623 455 704 506 esse
727 445 765 506 et
789 433 1090 506 contubernalem
1116 435 1217 508 Salo·

40 535 98 604 inm
117 531 272 622 bassum
296 544 444 628 poetam
470 531 788 606 absolutissimam
804 534 1036 629 eundemque
1061 554 1216 630 pauper·

41 635 156 706 rimam
181 635 226 718 (c.
249 631 302 716 5·)
699 665 701 670 ·
837 691 840 698 ,

107 732 226 822 „Rene
248 731 338 803 haec
363 733 460 804 diota
484 743 521 805 ct
545 733 591 804 ad
615 733 839 806 characteres
856 729 1052 804 cuiuslibet
1076 755 1217 808 accont-

38 832 170 922 nrndate3
201 842 282 927 apte
312 832 359 902 ab
391 832 508 927 Apro,
541 834 695 905 comiter
727 833 940 924 ablatemo
971 841 1009 903 et
1033 833 1217 924 officiose,

39 931 120 1001 [mle
146 942 181 1004 et
210 933 347 1002 urbane
380 957 402 1002 a
426 930 611 1024 Secundo,
650 957 718 1004 nec
751 933 831 1003 sine
862 929 982 1002 multo
1014 929 1139 1026 lepore
1176 958 1218 1006 ac

39 1027 235 1104 hunanitats.
291 1031 462 1104 Actionis
499 1041 623 1130 autem
657 1042 694 1104 et
725 1029 901 1128 colloquii
937 1031 1013 1102 iam
1046 1033 1218 1106 videmos

38 1133 281 1204 antecessionem
306 1141 344 1202 et
368 1133 673 1225 progressionem,
712 1143 813 1227 aptas
849 1129 931 1204 illas
964 1155 1010 1202 ex
1047 1154 1217 1225 persona·

38 1251 96 1298 ram
114 1229 209 1302 velut
232 1231 406 1302 dramatis
431 1231 711 1321 characteribus,
736 1233 917 1321 sensibus,
948 1230 1216 1323 affectionibus,

37 1331 245 1422 temporibus,
287 1353 356 1402 nec
380 1332 506 1402 minus
531 1329 713 1425 eleganter
744 1333 933 1404 inductam
966 1331 1217 1426 quaestionem

36 1425 109 1497 illam
129 1440 232 1524 atque
256 1431 574 1523 disceptationem,
599 1454 658 1502 ars
682 1441 766 1504 utra
789 1437 958 1526 praestet,
990 1431 1146 1502 oratoria
1169 1453 1216 1502 an

36 1527 173 1618 poetim“
210 1526 390 1606 Gramina.

105 1627 270 1724 Sequitur
294 1631 371 1700 iam
396 1651 474 1725 cap.
500 1629 660 1704 5—11.
688 1631 803 1702 oratio
829 1629 946 1734 Apri,
981 1631 1046 1726 qui
1071 1639 1218 1702 conton-

35 1726 80 1818 dit,
110 1727 209 1824 longe
239 1730 420 1802 maiorem
454 1753 536 1800 esse
568 1731 657 1802 artis
692 1731 868 1802 oratoriae
905 1753 1017 1826 quam
1056 1729 1218 1824 poeticae

36 1836 91 1898 tarn
111 1827 344 1923 voluptatem,
369 1839 406 1902 et
430 1829 584 1924 quidem
608 1855 683 1901 uon
708 1831 822 1903 modo
853 1828 1040 1924 vrrlgarem
1075 1840 1112 1902 et
1148 1829 1218 1900 im·

35 1929 198 2019 peritorum
222 1953 372 2025 quoque
406 1927 523 2001 oculis
549 1932 766 2024 expositam,
810 1931 874 2002 sod
907 1929 1019 2000 etiam
1051 1931 1218 2002 secretio-

35 2049 89 2096 rem
109 2039 143 2100 et
163 2039 308 2102 mnium
331 2029 424 2123 ipsis
449 2031 655 2100 oratoribus
686 2039 824 2121 nomm,
850 2029 895 2116 (c.
923 2026 975 2114 6.)
1007 2039 1088 2100 tum
1119 2028 1219 2102 utili-

35 2135 113 2196 tatem
134 2153 173 2200 ac
197 2129 426 2224 dignitatem.
471 2127 529 2200 cf.
554 2128 786 2201 Breviorium
816 2127 961 2222 dialogi.
1020 2127 1120 2200 Bene
1145 2130 1219 2224 egit

35 2235 121 2316 pane
142 2251 238 2316 suas,
263 2229 329 2300 sed
353 2226 452 2299 male
477 2250 557 2322 cap.
582 2228 619 2302 5.
646 2238 683 2300 et
707 2230 749 2304 8:
780 2236 954 2324 provocat
979 2227 1025 2298 ad
1051 2225 1219 2321 exempla

35 2323 110 2416 tpni
136 2327 299 2400 Marcelli
329 2337 366 2398 et
397 2327 503 2400 Vibii
536 2325 675 2424 Crispi.
722 2327 773 2416 (v.
803 2337 890 2400 nota
915 2325 1001 2412 37.)·
1052 2327 1097 2398 Id
1130 2347 1218 2398 vero

33 2447 123 2515 mam
155 2452 230 2498 non
263 2425 437 2498 abhorret
470 2451 492 2498 a
522 2429 691 2498 moribus
722 2427 900 2515 hominis,
937 2422 1057 2496 multo
1091 2425 1219 2498 minus
1321 2429 1327 2456 “

33 2527 116 2595 ontio
138 2526 246 2620 paulo
273 2527 390 2597 acrior
416 2527 475 2598 ¹et·
494 2525 767 2617 vehementior3
802 2549 894 2621 quae
926 2534 1049 2596 tamen
1082 2523 1219 2620 insigni

32 2632 84 2692 arte
110 2635 142 2696 et
174 2626 378 2698 urbanitate
413 2627 602 2719 mitigatur
635 2627 867 2700 concedendo
895 2625 957 2716 iis,
1004 2625 1069 2720 qui
1094 2648 1219 2698 causas

33 2735 108 2813 quae
129 2736 320 2822 nequeant,
347 2737 390 2796 ut
414 2725 546 2796 iaciant
570 2749 711 2818 versus,
744 2749 819 2798 non
853 2726 1032 2814 Materno,
1072 2724 1137 2819 qui
1172 2725 1218 2796 ad

31 2817 241 2916 eloquentiam
277 2823 424 2896 virilem
456 2835 491 2898 et
524 2826 719 2896 oratoriam
756 2835 862 2898 natus
897 2825 962 2912 sit,
995 2831 1037 2894 ut
1072 2845 1220 2896 surnma

31 2919 196 3014 adepbrrus
232 2925 273 2996 in
311 2921 513 2996 levioribus
544 2923 727 2997 subsistat.
766 2949 800 2996 v.
836 2948 913 3020 cap.
940 2919 974 2998 5.
1005 2921 1060 2996 10.
1087 2932 1137 2994 ·et
1173 2923 1217 2994 cl.

31 3019 53 3110 ξ.
73 3021 164 3096 XXl.
191 3033 228 3095 ct
252 3023 377 3096 XXV.

102 3123 190 3217 Apri
215 3147 425 3195 sermonem
450 3125 585 3219 excipit
611 3135 641 3196 t.
672 3123 726 3196 ll.
758 3123 813 3196 12.
845 3117 899 3194 13.
940 3121 1054 3193 oratio
1093 3121 1220 3192 neuris-

30 3218 83 3289 s'or
102 3234 136 3294 et
157 3221 313 3312 dulcior,
346 3221 543 3316 elegantiae
577 3234 613 3296 et
631 3223 863 3314 ,urbanitatis
893 3218 1003 3315 plena
1036 3216 1220 3310 Materni,

32 3319 79 3386 riri
105 3323 265 3393 dommus
296 3345 372 3394 non
404 3323 531 3394 minas
564 3345 675 3420 quam
706 3322 852 3416 ingenio
892 3319 1153 3416 praepollentis
1185 3329 1221 3391 ct

34 3419 193 3516 utrimque
217 3423 317 3511 artiS,
344 3423 520 3494 oratoriae
545 3433 582 3494 ct
606 3421 780 3516 poeticae,
806 3420 1034 3515 peritissimi,
1060 3419 1125 3516 qui
1142 3441 1219 3493 ma-

34 3513 124 3590 iorem
147 3521 259 3592 huius
292 3523 549 3615 praestantiam
581 3531 618 3592 et
651 3519 878 3614 voluptatem
910 3521 1015 3590 miris
1050 3518 1220 3591 laudibus

32 3625 55 3682 u
71 3619 173 3691 instar
196 3621 289 3692 vatis
314 3619 360 3691 ab
386 3619 477 3715 ipsis
502 3619 619 3692 Musis
652 3620 821 3714 inspirati
853 3619 1037 3714 praedicat
1069 3641 1136 3690 nec
1174 3611 1222 3690 de

34 3729 93 3788 aue
113 3729 265 3809 butum,
291 3721 507 3815 (quodiam
534 3717 709 3794 Cromius
734 3717 934 3806 annotavit)
974 3718 1039 3791 sed
1063 3741 1110 3790 ea·
1135 3727 1222 3790 orte

33 3815 113 3888 etiam
137 3818 308 3916 loquitur.
348 3815 407 3892 Cf.
435 3817 836 3914 Brevioriumdielogi.

240 3988 278 4064 4.
330 3986 534 4064 Altero
570 3983 794 4104 dialogi
826 4011 972 4093 porr.

105 4123 141 4217 §-
165 4123 288 4199 XXV.
338 4125 383 4198 ln
416 4147 460 4196 eo
497 4121 723 4220 colloquium
750 4107 780 4194 a
797 4146 853 4198 re
889 4123 1051 4196 breviter
1075 4129 1221 4195 tractata
1325 4204 1327 4210 ,

36 4218 182 4296 sdaliam
207 4224 273 4297 sed
298 4219 355 4296 illi
379 4223 543 4296 similem
580 4235 617 4296 et
653 4231 843 4319 cognatam
867 4222 1039 4312 deflectit,
1077 4244 1097 4292 a
1121 4243 1220 4292 com-
