2872 4792
180 199 244 268 771
579 196 824 264 ANNALIUM
857 196 942 263 LIB.
964 197 1006 264 11.

122 420 125 428 ,
182 363 294 420 rodotis
324 363 449 419 notitae
469 359 526 437 γὰρ
546 361 607 426 -ἐς
629 360 741 432 βυσσόν.
783 363 825 418 Et
846 365 968 422 fortene
994 363 1102 418 Noster
1126 363 1306 419 Herodotum
1331 373 1399 418 ante

182 437 281 492 oculos
304 433 415 502 babuit,
443 453 533 505 quum
555 433 629 490 baec
653 437 801 492 scriberet.
846 436 921 491 Nam
944 435 1022 506 qaod
1045 435 1208 490 Herodotus
1231 439 1295 507 ipse
1320 438 1400 490 ridet

181 508 378 562 narrationem
395 507 464 574 riri,
482 506 514 560 id
530 509 652 578 respicit
668 507 704 561 ad
721 507 846 561 tabulam
864 509 900 564 de
917 509 1045 562 fontibus
1062 507 1125 560 Nili
1149 507 1189 560 ibi
1208 508 1399 578 quaerendis;

181 579 362 643 additum,
387 579 441 634 sibi
468 577 563 632 videri
581 579 783 656 intelligendas
801 595 863 634 esse
886 579 964 640 δίνας
987 574 1063 639 τινὰς
1080 584 1136 632 cet.
1174 579 1274 650 Neque
1294 579 1398 644 obstat,

99 703 102 710 ,
182 650 259 722 quod
276 649 392 704 Taciturn
409 651 523 726 pergit:
542 651 619 704 lirin
632 657 742 704 cemus
758 647 963 720 Elephantinen
977 659 1032 706 cet.
1057 650 1132 704 Nam
1151 650 1222 704 licat
1234 651 1398 732 Aegyptius

181 723 280 776 luctam
298 721 384 774 illum
401 729 491 794 ponat
513 718 616 793 μεταξὺ
632 721 739 790 Συήνης
755 739 784 774 τε
802 723 849 775 rat
863 721 1062 793 Ἐλεφαντίνης,
1092 737 1186 776 nonne
1205 723 1399 776 Germanicus

181 795 280 864 potuit
296 789 363 846 Nilo
380 791 500 858 rutubi,
520 791 557 859 (c.
569 797 605 851 tt
615 793 674 865 pr.)
690 801 726 846 ut
741 795 870 866 primum
882 795 964 853 ,illud
981 793 1045 848 Nili
1063 793 1237 848 miraculum
1255 795 1400 864 aspiceret

183 873 214 920 et
237 863 341 918 deinde
363 882 437 920 nave
462 881 593 952 egressus
617 864 720 929 adiret,
750 883 819 936 quas
843 865 950 926 Noster
973 865 1044 919 dicit
1062 864 1156 930 urbes,
1181 865 1220 918 nt
1257 865 1400 918 bantiara

183 937 327 1008 superiori
344 934 410 990 loco
449 945 562 1003 oratam,
581 935 649 991 inde
672 937 795 990 iuterim
815 937 899 990 sitam
918 937 1052 1009 Syenen?
1084 936 1219 991 Ceterum
1283 953 1317 991 ee
1336 937 1399 990 Nili

183 1007 326 1061 miracula
343 1009 405 1062 siue
423 953 510 1062 dubio
526 1011 677 1079 pertinent
693 1007 730 1061 ad
746 1015 902 1064 cataractas
919 1011 1057 1074 minores,
1085 1007 1161 1080 apud
1186 1025 1256 1080 quas
1280 1009 1399 1084 naviga·

182 1079 272 1132 tionis
287 1079 337 1134 'Aa
397 1080 490 1134 tincae
511 1079 587 1136 bnis.
611 1097 640 1136 r.
666 1079 738 1134 Pliu·
764 1083 791 1146 b,
810 1083 837 1136 9.
857 1080 901 1136 ct.
921 1079 1021 1136 Jabnii
1040 1079 1142 1138 Annal.
1161 1097 1184 1132 a.
1205 1081 1284 1138 1877.
1311 1080 1355 1145 11,
1374 1085 1397 1136 1.

181 1167 215 1275 pi
231 1149 296 1274 Ἦ
319 1095 426 1278 ὶξιζῑή.
446 1181 480 1196 -
512 1149 700 1222 penetrabilis
725 1151 787 1206 edd.
813 1151 890 1225 lips.
915 1161 946 1208 et
969 1167 1026 1207 rec.
1049 1150 1237 1222 penetrabiles
1254 1150 1319 1207 edd.
1339 1159 1398 1206 ret.

181 1238 198 1276 e
308 1259 314 1272 .
357 1259 364 1274 .

252 1239 490 1362 {idssslepbantine
507 1310 541 1348 aa
559 1293 649 1364 Syenes
666 1293 750 1362 (bod.
770 1295 878 1350 &suen
903 1313 925 1349 s.
943 1294 1080 1362 Arreston,
1098 1294 1212 1362 Arrun)
1231 1295 1340 1366 oppida
1357 1297 1399 1349 ri-

183 1363 250 1418 cina
267 1372 297 1420 et
313 1364 350 1418 ad
367 1366 484 1420 Nilum:
503 1367 556 1420 illa
573 1383 687 1437 quoque
705 1367 800 1422 insula
817 1375 846 1422 et
863 1365 935 1422 baec
955 1368 1067 1492 peuins.
1086 1368 1119 1420 in
1136 1367 1206 1421 Nilo
1224 1375 1254 1421 et
1273 1357 1398 1421 cdntinio

183 1431 311 1510 Aegypti
330 1445 360 1492 et
377 1435 546 1508 Aethiopiae
563 1438 614 1492 sub
627 1440 726 1492 cancri
744 1439 869 1510 tropico,
888 1453 944 1508 quo
973 1437 1104 1492 uvenilis
1122 1438 1270 1514 ablegatus
1289 1439 1400 1491 dicitur

183 1505 235 1561 sub
253 1506 431 1564 honorificae
448 1509 573 1564 militine
612 1517 758 1566 raetsxtu:
777 1528 844 1564 nam
862 1519 923 1565 tres
941 1509 981 1562 ibi
1003 1508 1136 1564 cobortes
1154 1511 1297 1566 Romanas
1315 1527 1400 1580 prse-

184 1579 253 1632 si'dii
270 1595 352 1634 causa
370 1579 555 1647 excubabant,
574 1527 679 1646 (duab.
698 1581 785 1635 xvn.
805 1599 834 1653 p.
852 1581 925 1648 tot.)
952 1587 1143 1650 quavam
1170 1581 1300 1652 appellat
1325 1581 1399 1637 Plin.

135 1657 140 1666 '
183 1651 256 1714 Μ.
277 1651 633 1708 s.1a.ubiv.tlarduin.
654 1685 687 1698 -
724 1653 850 1707 eleuare
867 1654 936 1707 olim
958 1652 1080 1706 amat
1103 1652 1226 1722 imperti,
1251 1661 1400 1708 exn-emas

184 1721 245 1774 eius
263 1724 413 1790 beminen,
432 1723 512 1789 fines,
538 1724 589 1794 qui
611 1723 688 1778 iliud
710 1725 853 1791 stantune,
884 1733 918 1779 ut
940 1727 1009 1792 fiaes
1031 1723 1147 1792 imperii
1170 1723 1266 1796 Syene
1289 1723 1401 1778 dicitur

184 1791 365 1859 Ptin.1t‚t.
402 1791 473 1860 „Sic
491 1795 617 1848 clareatra
634 1795 749 1865 imperii
765 1797 842 1850 dixit
859 1796 919 1853 cic.
943 1813 973 1868 p.
997 1795 1075 1849 Flac
1097 1811 1121 1848 c.
1143 1799 1183 1852 lta
1209 1805 1239 1850 et
1262 1795 1401 1849 Etruriae

94 1897 96 1904 ·
183 1863 312 1917 claustra
329 1865 524 1932 1.ίν.9,,77.“
546 1865 653 1921 Wattls.
680 1867 725 1921 ct.
750 1868 937 1934 ιι17,57,7.
958 1899 991 1912 -
1063 1867 1102 1921 od
1123 1883 1196 1921 nunc
1219 1868 1338 1920 rutrum
1364 1867 1401 1920 ad

183 1950 263 1988 raare
278 1935 415 2006 patescits
444 1935 515 1992 baec
532 1937 621 1994 verba
642 1939 751 1994 inserta
774 1939 806 1992 in
823 1942 947 2016 gratiam
970 1939 1018 2026 lap
1038 1955 1147 2026 eumque·
1156 1937 1284 2004 Traiani,
1303 1940 1358 2024 qui
1376 1956 1401 1991 a.

171 2005 303 2150 att
319 2008 1024 2152 tattettsttaartauart
1041 2009 1401 2152 ieiiitst‘iti

184 2147 287 2204 Euseb.
306 2149 407 2208 ebron.
427 2151 464 2206 ad
481 2170 505 2206 a.
518 2155 596 2237 7118.
616 2151 667 2206 ubi
684 2173 713 2210 v.
727 2151 813 2220 Scal,
832 2153 910 2209 Suid.
931 2155 962 2208 in
979 2171 1006 2210 v.
1024 2148 1168 2227 Ῥωμαίων
1184 2147 1254 2222 ἀρχή
1272 2161 1305 2205 et
1323 2155 1401 2206 Man·

184 2229 261 2304 nert.
280 2221 417 2280 derebus
441 2242 458 2278 a
481 2221 606 2308 Trasanq
623 2225 723 2300 gestis.
759 2227 844 2312 Mare
867 2226 984 2279 rubrum
1009 2232 1044 2278 ut
1070 2229 1111 2312 143
1135 2227 1179 2281 2⁵.
1205 2223 1332 2308 etigr.
1358 2227 1400 2308 17.

184 2293 302 2348 ultimus
325 2301 467 2348 taronem
490 2296 556 2362 finus
572 2295 636 2352 lav.
656 2299 701 2362 45,
718 2301 745 2354 9.
773 2295 823 2350 uba
845 2314 871 2350 r.
890 2295 978 2350 Drak.
1006 2295 1126 2352 Graecis
1150 2303 1180 2350 et
1202 2295 1342 2350 Romanas
1362 2305 1402 2348 sta

75 2419 76 2423 ,
184 2363 333 2419 dicebatur
351 2374 381 2420 et
397 2364 536 2420 Arabicus
554 2374 584 2422 et
600 2367 730 2422 Persicus
749 2370 837 2435 sinus,
864 2370 955 2422 immo
972 2369 1140 2422 universum
1158 2385 1237 2422 snare
1255 2367 1402 2422 orientale

185 2437 245 2492 sire
264 2436 407 2503 indicum,
433 2437 531 2492 Asiam
555 2435 590 2492 ab
617 2444 714 2492 tustra
732 2440 861 2494 alluens:
889 2440 963 2511 quod
987 2439 1109 2494 Romani
1126 2440 1271 2498 rutrum
1289 2439 1401 2503 disere,

185 2507 288 2562 &aeci
304 2510 353 2562 Er
359 2505 550 2577 ytbraeum
567 2525 585 2562 a
602 2509 815 2582 regeErytlsra,
835 2517 896 2576 aut,
914 2517 946 2565 ut
962 2511 1026 2574 alii,
1043 2511 1114 2564 solia
1130 2527 1294 2582 repercussu
1313 2511 1402 2563 tatas

185 2580 269 2633 reddi
286 2581 407 2634 colorem
423 2577 564 2648 (iactatu,
581 2580 714 2649 rubrum)
733 2583 937 2647 existimantes,
957 2583 1012 2635 alii
1029 2584 1063 2636 ab
1076 2599 1165 2636 arena
1183 2589 1325 2652 terraque,
1348 2581 1403 2634 atii

183 2666 205 2704 a
223 2649 278 2704 tati
295 2666 384 2721 aquae
402 2649 493 2718 ipsius
510 2657 623 2718 natura,
642 2654 768 2723 quodque
785 2655 816 2706 in
834 2655 905 2708 duos
921 2653 1063 2708 diuiditur
1085 2655 1174 2723 οιήιιρ,
1201 2651 1350 2708 Persicum
1367 2653 1403 2706 ab

184 2721 293 2776 amente
311 2728 339 2778 et
357 2721 511 2774 Arabicum
527 2721 692 2776 ulteriorem
710 2741 743 2776 es
761 2725 888 2792 aduerso,
906 2723 979 2779 Plin.
997 2729 1024 2792 t,
1043 2728 1086 2782 73.
1105 2729 1149 2783 74.
1170 2743 1192 2781 s.
1212 2727 1256 2782 78.
1277 2733 1308 2778 et
1327 2725 1403 2779 Mela

186 2796 258 2858 aa.
278 2791 323 2848 Cf.
341 2791 429 2849 Drak.
449 2793 486 2847 ad
503 2793 565 2849 niv.
585 2795 1023 2859 testamenmentum
1043 2795 1150 2877 Gaogr.
1187 2795 1230 2852 Do
1248 2795 1334 2852 India
1352 2813 1403 2854 re·

185 2871 283 2921 teram
299 2883 328 2922 v.
347 2865 441 2937 intpp.
461 2863 543 2923 Cart.
562 2867 590 2934 8,
608 2868 635 2925 9.

620 3010 813 3068 CAPUT
847 3013 960 3068 nxtt.

266 3115 355 3178 Dum
377 3136 415 3181 ea
435 3126 540 3180 aestas
553 3115 752 3182 Germanico
774 3121 887 3203 plures
907 3143 968 3204 per
983 3123 1172 3206 provincias
1188 3123 1402 3224 transigitur,

188 3199 275 3262 head
299 3201 369 3264 leve
392 3199 490 3263 decus
509 3201 639 3266 Drusus
661 3207 825 3284 quaesivit
844 3205 984 3268 illiciens
1007 3203 1191 3268 Germanos
1212 3206 1254 3268 ad
1276 3207 1403 3270 discor·

138 3341 141 3354 ,
186 3282 270 3361 dias,
290 3292 392 3366 utque
409 3285 518 3346 fracto
535 3288 601 3348 iam
614 3285 825 3350 Maroboduo
844 3307 947 3371 usque
966 3289 1001 3350 in
1018 3289 1155 3352 exitium
1173 3292 1401 3354 insisteretur.

186 3365 266 3427 Erat
286 3367 377 3428 inter
397 3365 543 3430 Gotones
574 3369 695 3432 nobilis
723 3371 854 3432 iuvenis
883 3373 1016 3434 nomine
1037 3369 1207 3452 Catualda,
1235 3378 1402 3461 profugus

187 3450 267 3510 olim
288 3451 323 3512 vi
344 3447 545 3511 Marobodui
574 3460 608 3514 et
628 3461 708 3513 tunc
734 3451 842 3515 dubiis
870 3455 970 3517 rebus
998 3456 1070 3517 eius
1097 3455 1259 3520 ultionem
1289 3477 1401 3519 ausus.

187 3532 220 3593 Is
246 3530 357 3593 valida
383 3551 484 3592 manu
511 3533 591 3595 lines
626 3531 918 3599 Marcomanorum
946 3537 1137 3626 ingreditur
1166 3543 1404 3624 corruptisque

188 3615 392 3697 primoribus
413 3613 455 3676 ad
482 3620 674 3680 societatem
701 3621 861 3703 irrumpit
889 3624 1015 3708 regiam
1043 3621 1282 3705 castellumque
1308 3627 1403 3686 iuxta

187 3699 298 3762 situm.
342 3697 483 3762 Veteres
505 3699 576 3760 illic
597 3699 783 3764 Suevorum
805 3703 947 3786 praedae
972 3713 1006 3768 et
1026 3707 1149 3767 nostris
1178 3709 1403 3790 eproviuciis

187 3781 274 3843 lixae
296 3801 335 3844 ac
355 3784 579 3865 negotiatores
601 3787 739 3866 reperti,
767 3807 848 3869 quos
870 3789 922 3849 ius
940 3790 1146 3868 commercii,
1171 3789 1249 3852 dein
1278 3791 1403 3872 cupido

187 3883 207 3926 a
254 3861 329 3925 endi
352 3866 535 3946 pecuniam,
556 3873 762 3949 postremum
783 3870 910 3933 oblivio
931 3873 1059 3955 patriae
1085 3873 1153 3938 suis
1175 3893 1338 3958 quemque
1359 3875 1403 3935 ab

188 3967 223 4010 se
250 3949 320 4010 'bus
341 3947 493 4010 hostilem
517 3950 691 4037 inegram
712 3955 895 4028 transtulit

260 4071 284 4121 1.
314 4081 347 4118 ea
372 4073 475 4132 aestas,
499 4074 590 4121 aestas
613 4067 700 4124 huius
723 4089 748 4123 a.
767 4069 801 4123 U.
821 4088 846 4128 c.
872 4073 932 4130 777.
969 4073 1134 4130 Ganaaaiao
1158 4074 1342 4143 transigitur,
1372 4092 1403 4126 v.

189 4137 251 4193 lad.
280 4137 335 4190 111.
362 4157 390 4193 v.
417 4137 538 4192 Datiaus
555 4157 601 4194 nr.
622 4145 647 4196 1.
683 4173 715 4184 -
735 4139 811 4196 baud
832 4145 889 4198 leue
913 4145 1004 4198 desua
1020 4147 1131 4200 Drusus
1154 4147 1302 4216 quaesiuit,
1338 4145 1404 4198 ilti-

188 4210 265 4262 ciens
283 4209 435 4262 Gmnanos
453 4211 492 4264 ad
508 4211 690 4280 discordiam,
715 4231 827 4269 memor
851 4217 947 4270 iliius:
960 4253 962 4258 ,
975 4217 1071 4272 divide
1088 4225 1116 4272 et
1134 4217 1257 4288 impera,·
1287 4217 1403 4270 Paaaou.

189 4281 225 4334 ad
242 4279 278 4336 G.
297 4283 341 4338 37.
361 4281 411 4335 ubi
429 4281 467 4336 cf.
486 4289 555 4336 nota
573 4285 597 4338 7.
618 4315 651 4328 --
686 4285 780 4350 tracto
796 4285 857 4340 iarn
872 4287 1059 4357 Maroboduo,
1087 4291 1125 4346 cf.
1145 4291 1207 4362 cap.
1232 4293 1276 4347 4⁵.
1294 4291 1336 4346 46.
1365 4289 1405 4342 ad
