2872 4792
160 167 165 176 ·
228 111 989 244 leUTxnvln.(a.11.tto.A.c.1t)
1164 159 1229 232 roo
1295 167 1297 172 ·

414 325 608 386 CAPUT
658 325 834 380 XLVIII.

112 443 312 548 Magnificam
346 447 384 518 in
415 455 587 540 publicum
618 454 833 541 largitionem
862 458 956 520 auxit
988 455 1109 522 Caesar
1139 459 1230 526 haud

49 546 135 606 ninus
154 551 244 631 grata
265 541 479 618 liberalitate,
511 535 600 622 qnod
620 539 706 600 bona
726 538 888 602 Aemiliae
909 537 1029 606 Musae
1055 543 1230 628 locupletis

49 629 192 690 intestatae
218 627 322 710 petita
343 627 379 685 in
408 623 526 684 liscum
546 619 688 684 Aemilio
710 621 850 704 Lepido,
889 625 983 685 cuius
1012 643 1030 687 e
1056 625 1155 690 domo
1180 629 1231 692 ri-

49 709 172 788 debatur,
203 717 236 772 et
254 709 385 771 Patulei
411 705 524 768 divitis
545 705 672 788 Equitis
699 705 838 766 Romani
866 705 1098 790 hereditatem,
1129 731 1231 794 qnan-

49 813 123 874 quam
142 794 207 874 ipse
227 792 323 854 heres
345 793 381 852 in
402 797 497 872 parte
519 789 700 872 legeretur,
723 787 864 850 tradidit
884 789 932 853 Μ.
956 789 1112 871 Servilio,
1133 815 1232 877 quem

48 877 189 956 prioribus
210 894 315 958 neque
336 874 497 956 suspectis
525 870 649 934 tabulis
675 873 836 954 scriptum
863 870 1082 954 compererat,
1101 877 1233 940 nobili·

48 966 127 1019 tatem
146 961 317 1041 utriusque
337 959 476 1040 pecunia
497 953 675 1017 iuvandam
700 958 878 1038 praedatus.
923 956 1040 1040 Neque
1067 959 1234 1024 heredita·

48 1047 98 1102 tem
125 1043 312 1125 cuiusquam
339 1039 432 1118 adiit,
466 1040 531 1100 nisi
560 1058 661 1120 quum
690 1039 835 1100 amicitia
865 1043 1051 1104 meruisset.
1101 1041 1234 1130 ignotos

48 1131 73 1183 et
89 1125 151 1186 aliis
171 1127 316 1188 intensos
343 1143 447 1206 eoque
468 1121 656 1203 Principem
686 1129 915 1204 nuncupantes
943 1123 1061 1205 procul
1087 1128 1234 1196 arcebat.

49 1203 179 1270 Ceterum
215 1216 255 1270 ut
291 1207 463 1270 honestam
495 1207 721 1268 innocentium
755 1213 983 1288 paupertatem
1015 1209 1149 1288 levarit,
1186 1213 1236 1272 ita

48 1281 231 1378 prodigeret
262 1291 305 1353 ob
326 1291 451 1376 flagitia
478 1299 611 1375 egentes
641 1286 816 1350 Vibidium
836 1289 1047 1368 ¹Varronem,
1085 1291 1236 1356 Marium

47 1371 197 1454 Nepotem,
216 1373 364 1457 Appium
383 1373 582 1454 Appianum,
613 1369 807 1434 Cornelium
827 1371 964 1453 Sullam,
997 1372 1036 1438 0.
1059 1375 1237 1440 Vitellium

47 1459 131 1519 novit
148 1467 265 1522 senatu
286 1465 343 1518 ant
363 1463 478 1538 sponte
499 1453 617 1516 cedere
639 1473 754 1538 passus
782 1463 843 1518 est.
1226 1521 1230 1530 ,
1311 1467 1314 1472 ’

101 1561 123 1612 1.
140 1558 327 1628 Magnificum
343 1557 375 1612 in
391 1555 534 1624 publicum
551 1555 739 1624 largitionem
762 1573 790 1610 v.
808 1555 844 1610 ad
862 1560 888 1622 1,
906 1555 951 1622 76,
975 1560 1002 1614 3.
1029 1565 1059 1612 et
1078 1561 1121 1624 lt,
1140 1562 1184 1616 1².
1203 1568 1238 1600 *²

47 1627 229 1692 „liderniitcte
248 1646 289 1682 sc.
309 1631 341 1682 in
357 1629 499 1699 privatos,
518 1627 595 1698 quod
611 1643 671 1681 non
688 1627 814 1692 additur,
842 1629 910 1698 quia
927 1645 996 1684 mox
1014 1631 1126 1707 singuli
1142 1629 1239 1686 bemi-

47 1714 84 1750 ues
100 1702 291 1766 nominantur,
310 1701 342 1754 in
360 1715 430 1771 quos
449 1698 602 1752 liberalem
621 1716 651 1752 se
669 1699 814 1770 praebuit,
842 1708 877 1754 et
889 1699 1052 1754 liberalitas
1072 1709 1121 1756 est*
1134 1720 1239 1776 propr.

49 1771 125 1824 recab.
143 1773 176 1829 de
192 1771 251 1826 lunc
271 1773 425 1830 (laesarum
443 1769 612 1846 largitione.
642 1769 684 1824 Gi.
704 1771 740 1824 Η.
759 1775 784 1832 1,
803 1773 848 1826 10.
873 1779 902 1824 et
921 1769 998 1826 Suet.
1019 1774 1103 1828 Galb.
1128 1791 1152 1828 c.
1173 1772 1240 1830 15.“

47 1839 134 1896 Walti.
154 1875 185 1886 -
203 1843 277 1898 bena
295 1842 436 1898 Aetnilius
453 1841 555 1894 Musae
574 1842 743 1896 intestatae.-
769 1841 943 1908 „Libertum
962 1845 1054 1898 fuisse
1071 1853 1153 1916 puto,
1173 1847 1241 1916 quia

46 1917 350 2053 ffimeirdltraegudm
377 1922 446 2036 nctp
469 1913 889 2052 servitutisq‘lldelo{egerim
911 1914 1014 2040 llgupqp
1031 1914 1063 1969 L.
1086 1916 1259 2038 gibertae).

119 2001 244 2040 euin.
304 2002 410 2039 emur
445 2000 579 2038 onaerus
617 2001 740 2037 ercan
779 2001 826 2036 acu
890 2001 927 2037 ne
1011 2003 1172 2041 naono
1211 2007 1242 2041 a·

46 2058 165 2120 tronisve,
181 2060 228 2112 uti
246 2057 296 2111 lex
314 2057 414 2110 iubet?
433 2073 462 2109 v.
481 2001 635 2110 Inlinenda
659 2059 734 2112 ets.
753 2055 789 2108 D.
810 1999 929 2110 dzbbon.
953 2003 1068 2110 libertp
1077 2065 1106 2110 et
1123 2007 1241 2130 Ulpllin.

47 2123 97 2202 lege
111 2132 135 2184 t.
152 2128 188 2182 D.
208 2129 245 2183 de
265 2129 325 2182 suis
343 2145 379 2183 ex
397 2127 454 2204 leg.
473 2125 538 2180 her.
575 2125 620 2180 An
636 2075 763 2181 iortasse
781 2144 837 2182 neo
862 2145 929 2180 suus
946 2125 1030 2181 heres
1048 2127 1119 2180 huic
1136 2131 1242 2198 Musae,

46 2209 234 2270 neopatrensis
254 2217 344 2270 snper
361 2199 513 2270 quisquam
532 2199 608 2252 fuiti
645 2199 716 2252 Tale
734 2198 847 2268 aliquid
866 2197 965 2251 elicias
990 2215 1025 2253 ex
1043 2199 1140 2252 verbis
1157 2199 1245 2270 lepi—
1288 2227 1295 2246 ι

46 2269 73 2322 do
88 2272 216 2336 tradidit,
235 2271 320 2324 cuiae
337 2287 352 2324 e
370 2271 450 2324 domo
469 2270 630 2334 videdatnr5
658 2271 741 2340 quasi
758 2269 834 2323 ambi
875 2288 924 2324 um
950 2269 984 2323 de
1003 2271 1086 2324 domo
1104 2279 1244 2340 patrono-

45 2355 89 2408 que
104 2343 214 2398 fuisset.
251 2341 347 2396 Erant
364 2349 459 2396 autem
477 2359 537 2395 non
555 2341 661 2394 Romae
680 2341 784 2408 solum,
813 2358 841 2394 se
885 2349 914 2394 et
938 2341 970 2394 in
992 2343 1157 2412 provinciis
1175 2343 1262 2404 Pro„

45 2421 172 2466 curatores
192 2433 213 2468 s.
234 2413 412 2479 dictionales,
439 2415 490 2484 qui
507 2415 581 2466 bona
600 2411 741 2466 eiusmodi
760 2411 864 2465 caduca
883 2412 1016 2536 leperent
1034 2413 1244 2488 tollerentque.

45 2499 68 2532 r.
82 2481 166 2537 Strab.
186 2488 229 2540 17.
249 2503 281 2558 p.
301 2482 384 2540 tetf‘
403 2483 484 2552 Lipe.
523 2483 602 2551 „Sed
624 2483 669 2536 ius
696 2483 828 2554 Principi
852 2492 881 2550 et
927 2499 975 2536 sco
1002 2485 1052 2537 rel
1069 2485 1194 2555 privatis
1212 2486 1245 2550 in

45 2551 102 2608 bena
117 2555 305 2620 libertorum,
332 2556 395 2608 sive
411 2563 584 2610 testamento
601 2558 680 2610 tacto
699 2555 760 2609 sive
779 2555 916 2622 intestato
934 2563 1128 2623 mortuorum,
1149 2555 1246 2624 (tate-

44 2625 180 2694 rtctomm)
204 2643 268 2681 nen
292 2626 362 2690 fuit,
388 2627 447 2680 nisi
471 2643 589 2680 suorum
613 2633 663 2680 aut
690 2625 813 2680 alicuius
832 2643 847 2680 e
864 2627 1049 2699 propinquis,
1076 2629 1154 2682 etin
1173 2629 1246 2683 dona

45 2699 169 2764 ramntia,
197 2699 317 2752 caduca.
345 2717 375 2751 v.
394 2695 461 2776 otg.
481 2699 500 2750 l.
521 2697 641 2765 Quidam
665 2695 687 2762 d.
708 2698 820 2768 quoties
849 2697 884 2750 de
908 2697 995 2776 legat.
1017 2702 1043 2753 l.
1079 2697 1157 2754 Hinc
1174 2702 1248 2754 bona

43 2765 108 2834 blla,
126 2778 154 2823 et
170 2769 301 2824 Aemilia
319 2769 444 2846 ingenua
467 2787 500 2824 ac
518 2771 580 2823 sine
599 2769 780 2823 successione
808 2777 938 2835 mortua3
967 2771 1066 2823 domne
1089 2781 1186 2826 autem
1202 2774 1248 2826 fa·
1271 2831 1282 2844 ⁴

45 2837 120 2904 niba,
137 2840 247 2916 gens.“
267 2840 391 2894 Mercer.
411 2871 444 2882 -
463 2847 491 2894 et
508 2839 622 2894 Pctulei
640 2839 742 2892 divitis
759 2841 812 2910 Eq.
830 2840 866 2893 R.
885 2839 1071 2908 hereditatem
1088 2851 1145 2896 eet.
1173 2844 1248 2908 „Pa-

45 2907 124 2962 tuleus
141 2930 162 2968 s.
182 2911 334 2966 Patulcius
353 2911 409 2965 duo
427 2919 599 2966 testamenta
616 2913 737 2975 iecerat,
756 2919 913 2982 utrumqne
930 2913 988 2965 rite
1008 2921 1038 2965 et
1055 2921 1144 2970 recte.
1164 2915 1248 2968 Prio-

43 2993 68 3030 re
83 2981 250 3038 instituerat
268 2982 404 3038 heredem
423 2981 583 3036 Servilium
603 2983 697 3038 solum
723 2998 760 3034 ex
783 2999 860 3048 aase3
896 2981 1020 3036 secundo
1039 2980 1199 3038 Servilium
1218 2991 1248 3039 et

44 3043 178 3113 'liberium
194 3071 253 3124 pro
273 3055 371 3124 aequis
388 3054 527 3124 partibus.
565 3053 696 3108 Secundo
715 3053 917 3106 infirmabatur
933 3054 1077 3126 primum,
1103 3063 1248 3128 ettamen

45 3115 160 3176 Tiberius
179 3133 277 3179 totam
295 3123 479 3178 hereditatem
497 3125 623 3179 tradidit
642 3124 775 3179 Servilio.
813 3123 893 3190 Quod
919 3123 1043 3178 Severus
1072 3131 1101 3177 et
1124 3125 1249 3182 Antoni·

45 3195 255 3250 desinendam
275 3199 442 3268 quaestione
465 3197 573 3250 iudicio
602 3211 653 3249 suo
671 3195 897 3318 comprobarunt
914 3193 942 3262 d.
968 3195 1019 3250 aed
1035 3195 1092 3250 etei
1110 3197 1175 3267 quie
1200 3198 1249 3252 ln·

45 3263 94 3317 stit.
128 3265 238 3332 Quibus
265 3268 340 3321 mod.
366 3277 432 3322 test.
453 3267 575 3330 intirim,
605 3275 636 3322 et
660 3265 730 3320 here
751 3283 798 3320 em
826 3267 968 3338 scriptum
991 3267 1116 3322 secundo
1134 3277 1248 3329 testam.
1272 3289 1278 3297 ·

43 3330 224 3392 hereditatem
245 3345 337 3391 totam
356 3339 512 3393 restituere
529 3340 705 3392 voluerunt(
734 3336 791 3392 Sed
808 3335 942 3392 Tiberius
966 3337 1148 3406 laudabilior,
1173 3341 1250 3418 qupd

43 3402 70 3456 hl
84 3405 156 3462 nibil
173 3409 213 3464 de
233 3426 297 3474 suo,
317 3409 370 3463 ille
388 3411 452 3464 iure
472 3418 501 3464 et
519 3417 692 3463 testamento
711 3409 767 3462 sibi
785 3409 914 3480 qrmeslta
930 3410 977 3463 lar
998 3411 1055 3463 itus
1074 3410 1152 3464 est.⁴‘
1168 3413 1250 3467 Mer·

43 3491 88 3530 cer.
107 3507 138 3518 -
156 3497 321 3552 quanquam
339 3480 402 3549 ipae
418 3479 498 3535 berea
516 3481 650 3549 inpacta
667 3480 713 3545 (ut
729 3480 762 3534 in
781 3480 887 3534 triente
904 3497 947 3552 ap.
994 3482 1032 3534 ic.
1051 3481 1160 3535 addet.
1177 3485 1204 3552 7,
1221 3487 1248 3540 8.
1303 3515 1308 3522 ·

43 3549 73 3600 al.
89 3550 119 3604 in
134 3561 254 3622 purtem
273 3561 303 3607 et
320 3569 355 3605 ec
369 3553 469 3621 parte)
488 3553 633 3622 legeretur
651 3559 708 3605 cet.
727 3569 794 3605 nam
812 3552 854 3606 ita
871 3553 1064 3622 Imperatores
1092 3569 1250 3628 eorumque

43 3623 116 3675 unici
138 3625 170 3679 in
195 3625 385 3679 testamentis
411 3623 532 3678 heredes
557 3623 646 3676 scribi
671 3621 810 3686 solebant,
838 3631 872 3676 ut
890 3623 1000 3694 sperari
1018 3631 1126 3695 posset,
1154 3635 1250 3680 cetera

43 3687 102 3748 bona
118 3695 206 3752 iustis
225 3695 383 3750 heredibus
402 3695 480 3750 salva
495 3695 570 3749 dore.
592 3695 637 3748 Gi.
657 3697 707 3758 16,Ι
722 3699 765 3750 ll·
784 3697 828 3750 17.
847 3695 919 3772 Agr
931 3697 975 3751 43.
995 3699 1056 3751 ne.
1078 3697 1163 3753 0.13.
1182 3699 1250 3754 n.5.

43 3761 107 3832 inpr.
124 3767 202 3824 Ptin.
222 3784 293 3838 pan.
313 3785 337 3823 c.
357 3769 401 3823 43.
419 3765 469 3818 ubi
488 3765 628 3818 Gesner-ua
645 3765 718 3818 baec
735 3767 901 3819 annotavit:
940 3765 1080 3832 „Amabat
1103 3761 1250 3845 Augustub

43 3832 69 3884 in
84 3839 269 3892 testamentis
282 3839 448 3892 amicorum
465 3835 608 3898 honorem
627 3837 682 3889 sibi
700 3835 812 3904 haberi,
832 3837 883 3891 sed
900 3835 1021 3892 honeste
1034 3845 1064 3892 et
1076 3839 1249 3893 liberaliter.

41 3921 64 3960 r.
80 3906 154 3963 Suet
175 3913 222 3966 66,
251 3907 314 3962 Alii
332 3909 481 3980 Principes
504 3909 539 3962 ad
563 3909 715 3962 avaritiam
739 3916 769 3962 et
787 3908 988 3962 crudelitatem
1012 3905 1251 3964 testamentorum

42 3975 149 4034 obtentu
165 3980 266 4045 abusi,
284 3981 335 4050 qni
353 3981 555 4034 rescinderent
572 3979 690 4032 ultimas
708 3980 883 4046 voluntates,
902 3980 935 4032 in
952 3979 1056 4050 quibus
1075 3981 1131 4052 ipsi
1147 3979 1251 4052 scripti

42 4061 90 4102 nen
107 4061 215 4120 essent,
238 4059 456 4122 eoqueterrcre
469 4057 675 4122 permoverent
692 4051 775 4118 alios,
793 4057 947 4106 utcontra
965 4051 1055 4103 animi
1073 4053 1118 4105 sui
1136 4061 1251 4105 senten-

41 4119 112 4188 tiam,
130 4141 189 4195 quc
208 4129 330 4194 partem
349 4130 429 4176 certe
446 4123 588 4176 bonorum
607 4122 666 4175 suis
685 4129 846 4188 servarent,
875 4120 983 4194 (neque
999 4122 1069 4176 fisco
1087 4121 1189 4176 omnia*
1203 4123 1251 4176 ad-

42 4189 218 4262 dicerentur)
238 4193 407 4265 Principem
424 4193 630 4248 adscriberent.
649 4212 676 4246 v.
696 4195 741 4260 li,
759 4197 804 4250 al.
827 4197 873 4262 lt,
891 4197 935 4250 11.
957 4192 1029 4271 Agr.
1049 4195 1092 4250 13.
1128 4193 1250 4260 Quintil.

39 4261 61 4327 i,
78 4267 103 4332 3,
121 4269 166 4325 92
196 4263 283 4322 suet.
311 4264 371 4323 Gal.
390 4267 436 4324 38.
463 4265 534 4322 Ner.
552 4265 597 4323 32·
616 4262 699 4324 Dom.
718 4267 746 4326 9·
765 4265 878 4326 et12.“
917 4264 995 4322 Hinc
1018 4265 1155 4344 legatarii
1178 4265 1251 4321 dicti
