2904 4798
242 225 385 292 CAPUT
407 225 527 290 XLVI.
550 225 692 290 XLVII.
715 225 766 305 (A.
787 225 827 289 U.
849 227 920 292 790.
943 225 981 290 A.
1005 222 1040 287 C.
1064 221 1133 304 37.)
1233 228 1295 294 645

494 389 686 446 CAPUT
735 391 894 445 nunu.-

157 499 300 564 Interim
322 499 445 562 llomae
474 501 598 561 suturis
627 501 728 562 etiam
758 507 836 582 post
857 494 1032 562 Tiberium
1061 497 1217 564 caedibus
1242 516 1293 564 se·

60 589 164 647 urina
191 585 411 646 iaciebantur.
468 581 605 644 Laelius
638 581 761 646 Balbus
791 581 944 644 Acutiam
971 581 1006 644 P.
1030 580 1163 644 Vitellii
1191 602 1293 667 quon-

61 667 149 730 dam
178 686 319 731 uxorem
346 668 528 728 maiestatis
550 665 790 746 postulaverat,
813 685 876 745 qua
898 661 1061 742 damnata,
1084 685 1183 748 quum
1198 687 1296 749 prae·

60 753 179 811 mium
212 751 398 814 accusatori
440 747 690 826 decerneretur,
726 748 842 809 Iunius
873 745 962 809 Otho
1000 747 1157 810 tribunus
1187 750 1295 832 plebei

59 835 282 896 intercessit:
317 831 406 894 unde
428 832 494 892 illis
516 831 604 907 odia,
633 849 710 892 mox
732 829 857 892 Othoni
888 830 1051 893 exsilium.
1096 831 1183 893 Dein
1211 833 1294 894 mul-

59 924 188 978 torum
209 916 378 978 amoribus
399 917 526 978 famosa
547 913 722 992 Albucilla,
745 916 799 974 cui
822 915 1072 975 matrimonium
1093 933 1168 975 cum
1180 913 1294 978 Satrio

60 997 227 1060 Secundo
262 999 504 1060 coniurationis
538 995 648 1058 indice
689 999 815 1074 fuerat,
858 994 1010 1060 defertur
1046 997 1228 1079 impietatis
1257 999 1294 1060 in

59 1081 271 1164 Principem.
329 1077 620 1143 Connectebantur
653 1087 687 1141 et
717 1080 843 1140 conscii
878 1087 912 1140 et
942 1077 1088 1142 adulteri
1121 1080 1192 1142 eius
1232 1078 1293 1144 On.

59 1163 254 1242 Domitius,
276 1163 397 1225 Vibius
418 1161 564 1239 Marsus,
586 1161 627 1225 L.
650 1159 841 1224 Arruntius.
885 1160 937 1222 De
958 1160 1158 1224 claritudine
1177 1161 1295 1224 Domi-

59 1249 109 1310 tii
131 1267 236 1330 supra
256 1249 448 1310 memoravi.
491 1244 624 1306 Marsus
646 1263 774 1328 quoque
795 1245 935 1308 vetustis
956 1243 1138 1306 honoribus
1161 1251 1195 1306 et
1215 1245 1294 1308 illu·

61 1331 152 1392 stris
175 1328 294 1392 studiis
317 1337 398 1390 erat.
441 1327 507 1390 Sed
528 1329 665 1390 testium
686 1326 957 1412 interrogationi,
979 1329 1156 1390 tormentis
1178 1347 1294 1392 servo·

59 1432 147 1472 rum
183 1410 377 1474 Macronem
417 1409 642 1493 praesedisse,
678 1411 910 1471 commentarii
942 1407 985 1470 ad
1019 1417 1169 1474 senatum
1201 1409 1293 1472 missi

61 1495 239 1570 ferebant,
268 1494 504 1576 nullaequein
526 1513 581 1555 eos
603 1491 821 1574 Imperatoris
842 1493 958 1554 literae
980 1493 1203 1575 suspicionem
1235 1491 1293 1555 da·

60 1577 151 1638 bant
185 1576 336 1640 invalido
357 1595 395 1638 ac
416 1579 557 1639 fortasse
587 1579 716 1662 ignaro,
745 1576 821 1638 ficta
843 1575 1002 1657 pleraque
1030 1575 1072 1636 ob
1100 1577 1292 1639 inimicitias

62 1659 247 1722 Macronis
268 1667 364 1722 notas
385 1661 422 1720 in
442 1657 653 1722 Arruntium.

144 1799 168 1850 l.
190 1793 303 1848 Laelius
318 1795 437 1848 Balbus:
457 1795 490 1848 in
508 1793 566 1850 MS.
586 1794 698 1848 Laetius
715 1793 750 1846 B.
774 1821 803 1830 -
823 1791 973 1847 maiestatis
989 1794 1185 1861 postulaverat,
1210 1807 1237 1848 r.
1257 1794 1294 1851 ad

66 1871 96 1931 l,
116 1867 207 1929 74,1.
227 1899 260 1908 -
280 1867 475 1934 paudumnatu
500 1881 574 1932 quum
598 1867 744 1932 praemium
766 1864 922 1918 armenteri
940 1863 1138 1931 decerneretur,
1163 1885 1190 1920 r.
1210 1867 1246 1920 ad
1262 1869 1293 1934 4,

64 1941 113 2000 30,
132 1940 159 1994 A·
181 1969 213 1980 -
231 1937 326 1990 Iunius
344 1937 430 1991 Othoe
448 1938 480 1992 in
500 1935 557 1989 ns.
577 1937 667 1989 iunius
685 1935 763 1988 artha
782 1944 812 1988 et
830 1935 933 1988 deinde
950 1951 1010 1988 mox
1034 1935 1138 1990 athoni.
1167 1969 1199 1980 -
1223 1937 1294 1991 unde

65 2008 130 2060 iltis
148 2009 222 2074 odia,
249 2007 278 2060 h.
294 2025 318 2062 e.
344 2007 433 2060 Balbo
462 2015 491 2062 et
510 2005 627 2072 Othoni,
661 2006 709 2058 illi
733 2005 808 2076 apud
836 2013 966 2059 senatum
988 2005 1197 2076 populumque,
1221 2007 1293 2063 huic

66 2079 147 2150 apud
165 2079 363 2144 dominantes,
385 2077 460 2134 nen.
496 2079 627 2143 „lmmoe
648 2077 718 2147 ipsis
738 2077 817 2130 inter
836 2094 911 2142 sese,
939 2093 1010 2146 quas
1030 2076 1094 2130 odia
1111 2077 1215 2133 Balbus
1242 2096 1292 2134 ex·

67 2159 187 2206 secutus
213 2158 257 2204 est
275 2149 458 2204 accusatione
477 2156 507 2203 et
525 2148 709 2202 damnatione
728 2147 856 2202 Othonis.
883 2145 955 2200 Inde
973 2162 1033 2200 nou
1051 2147 1151 2202 Othoni
1167 2149 1293 2204 cnsilium

69 2221 160 2280 fuit.“
179 2221 262 2277 Gron.

139 2313 166 2368 2.
185 2327 242 2364 cum
260 2310 355 2364 Sutrio
373 2309 507 2374 Secundo,
536 2307 633 2364 Seiani
661 2307 769 2363 cliente
794 2313 819 2360 et
846 2301 1042 2362 coniurationis
1066 2307 1164 2363 Seiani
1190 2309 1291 2378 indice,

70 2385 108 2435 cf.
127 2385 154 2448 4,
172 2385 215 2439 34.
236 2390 266 2436 et
284 2383 311 2446 6,
331 2385 356 2438 Β.
377 2414 409 2424 -
429 2381 552 2445 defertur
569 2380 719 2447 impietatis
735 2379 765 2432 in
782 2379 942 2446 lbincipem,
961 2397 989 2432 r.
1009 2379 1045 2432 ad
1062 2385 1089 2444 1,
1109 2383 1152 2447 tr,
1171 2383 1197 2437 7.
1217 2391 1246 2437 et
1264 2387 1290 2450 1,

68 2457 114 2518 74,
134 2458 158 2508 1.
178 2483 211 2496 ·-
232 2459 258 2506 et
275 2452 394 2506 Matini
412 2452 479 2518 eius,
498 2451 647 2506 etiamad.
669 2468 693 2504 e.
715 2483 748 2493 -
767 2451 931 2503 Armanas:
950 2451 982 2503 in
1001 2451 1044 2504 ed.
1063 2451 1127 2506 Ber.
1144 2452 1291 2518 Arnncius,

70 2525 103 2576 in
121 2523 210 2579 Rhea.
230 2529 255 2579 l.
275 2523 444 2578 Arruntium
459 2553 491 2566 -··
510 2523 544 2575 de
561 2521 725 2576 claritudine
743 2520 859 2576 Domitii
875 2537 957 2586 snpra
974 2523 1117 2576 memoravi
1134 2525 1162 2588 4,
1181 2525 1234 2580 75.·
1257 2551 1290 2563 -

69 2597 184 2650 Marsus
202 2611 300 2663 puoqae
317 2595 431 2648 cetastis
448 2593 594 2648 nonoribus
613 2625 645 2637 -
665 2599 734 2658 erun
753 2596 794 2646 ef.
813 2591 875 2648 Ind.
896 2592 949 2648 111.
968 2609 997 2646 v.
1022 2593 1150 2650 Attalici
1173 2593 1290 2664 quatitu-

70 2666 116 2720 tis.
136 2699 169 2709 -
188 2667 293 2719 testium
318 2663 545 2729 interrogationi.-
576 2661 642 2732 „Ea
668 2671 711 2717 est
734 2665 851 2728 actoris,
877 2681 967 2734 qaum
991 2669 1094 2719 testem
1120 2666 1182 2721 sive
1205 2683 1291 2720 suum

70 2738 131 2791 sive
153 2737 311 2790 adversarii
335 2737 514 2813 interrogat:
542 2733 705 2790 cuiusmodi
728 2743 772 2788 est
796 2735 890 2788 oratio
921 2733 984 2788 Cic.
1009 2735 1040 2787 in
1063 2735 1159 2789 Vatin.
1180 2755 1216 2792 ex
1235 2756 1291 2808 qua

69 2807 258 2883 intelligitur,
278 2807 366 2860 etiam
385 2806 497 2860 obiecta
514 2824 575 2862 esse
593 2806 715 2861 testibus
734 2805 952 2881 interrogando,
996 2805 1080 2860 uibus
1098 2807 1169 2862 fides
1189 2825 1290 2864 corum

68 2878 213 2931 infirmari
237 2885 342 2950 posset.
371 2879 409 2930 of.
436 2869 556 2933 Oasaub.
584 2878 620 2932 ad
645 2875 725 2930 Suet.
751 2876 812 2929 Oct.
839 2894 864 2929 c.
890 2875 957 2932 ³³ss
976 2821 1050 2930 hrn.
1076 2877 1151 2932 clav.
1175 2879 1235 2936 (iic.
1255 2912 1286 2924 -

68 2951 232 3003 Macronem
247 2949 444 3018 praesedisse.-
463 2949 496 3000 in
513 2948 569 3001 ns.
588 2949 631 3003 M.
648 2947 806 3016 praesidiis
820 2961 858 3002 se.
879 2947 957 3013 „Ille
974 2948 1126 3003 exercebat
1143 2957 1290 3006 tormenta

68 3035 128 3074 non
145 3035 180 3074 ex
198 3027 312 3074 senatus
332 3021 514 3084 auctoritate,
542 3019 591 3074 sed
610 3037 626 3073 s
644 3035 695 3072 sua
713 3027 743 3072 et
760 3017 873 3072 Tiberii
891 3017 1052 3074 voluntate.
1090 3019 1165 3086 Quas
1190 3029 1290 3078 extor-

70 3099 154 3156 serat,
173 3091 212 3144 ad
228 3097 357 3144 senatum
374 3091 562 3144 mittebantur
585 3091 616 3142 in
634 3089 846 3142 commentariis
868 3089 1027 3166 designata,
1061 3091 1144 3159 qussi
1161 3109 1195 3146 rs
1219 3095 1290 3148 estis

71 3161 219 3231 explorata
236 3170 266 3215 et
284 3162 320 3215 ad
338 3164 511 3215 sententiam
529 3162 678 3216 ferendam
695 3168 875 3232 praeparata.
894 3159 950 3214 Dio
968 3162 1013 3225 58,
1033 3161 1078 3216 24.
1107 3159 1212 3231 ἀφείθη
1234 3162 1290 3238 μὲν

69 3230 123 3302 γὰρ
140 3233 194 3284 τῶν
210 3232 394 3286 αἰτιαθέντων
410 3228 470 3286 τότε
488 3231 587 3297 οὐδεὶς,
606 3232 706 3291 πάντες
723 3229 747 3284 d’
749 3227 901 3316 ἡλίσκοντο,
925 3231 954 3283 ol
975 3229 1031 3303 μὲν
1052 3233 1163 3294 πλείους
1187 3230 1217 3287 ἐκ
1233 3235 1289 3289 τῶν

70 3305 117 3357 τοῦ
137 3306 262 3372 Τιβερίου
279 3303 455 3376 γραμμάτων
473 3305 520 3358 rat
538 3301 568 3356 ise
585 3305 641 3356 τῶν
650 3307 699 3358 τοῦ
713 3306 870 3373 Marpessos
885 3301 1018 3370 βασάνων
1035 3302 1114 3359 cet.“
1135 3304 1240 3362 Waltb.
1253 3338 1288 3350 -

70 3375 296 3444 „Commentarir'
314 3377 346 3428 in
369 3393 480 3452 genere
508 3383 577 3432 sunt
600 3374 681 3440 libri,
705 3375 737 3427 in
755 3373 859 3444 quibus
877 3374 1035 3434 memoriae
1053 3391 1138 3440 causa
1155 3392 1202 3431 res
1219 3394 1288 3448 pcn-

71 3445 219 3500 scribimus
244 3463 372 3516 qcsscun
395 3463 439 3512 ue,
470 3447 546 3501 unde
571 3446 607 3505 de
630 3445 735 3501 tabulis
759 3453 946 3515 acceptorum
964 3451 994 3500 et
1018 3461 1221 3515 expensorum,
1251 3447 1288 3503 de

71 3516 173 3570 tabulis
198 3517 351 3582 censoriis,
374 3466 463 3570 tlibris
487 3518 661 3589 pontificum
686 3533 771 3588 saepe
795 3516 913 3570 dicitur.
959 3516 1164 3571 commentarit
1187 3535 1288 3587 regum

72 3605 115 3658 ap.
134 3587 190 3641 Oia.
216 3606 245 3658 p.
270 3587 367 3641 Rabir.
393 3588 473 3659 perd.
502 3591 528 3646 5.
557 3597 626 3642 sunt
652 3587 731 3654 libri,
760 3587 913 3658 inquibus
931 3605 1036 3664 regum
1054 3587 1133 3664 leges
1161 3591 1287 3662 scriptas

73 3665 146 3724 sunt,
163 3666 197 3711 ut
214 3659 267 3712 illa
285 3660 457 3714 constitutio
477 3660 512 3714 de
525 3660 677 3714 iudicando
695 3658 857 3730 perduelle.
885 3660 1088 3713 Gcmrnentarie'
1105 3659 1136 3714 h.
1147 3661 1169 3714 1.
1189 3661 1285 3718 intell.

74 3733 104 3786 in
121 3747 187 3800 quos
205 3729 299 3784 relata
319 3737 411 3795 erant,
430 3749 504 3801 quae
521 3739 610 3787 testes
630 3739 659 3786 et
677 3731 755 3786 servi
773 3733 846 3784 torti
865 3730 1052 3788 edidissent.“
1070 3732 1139 3788 Ern.
1159 3731 1243 3786 adh.
1262 3731 1284 3786 l.

74 3809 101 3855 et
126 3803 155 3854 in
179 3800 268 3855 Olane
292 3802 353 3857 Cic.
391 3803 620 3869 „Commentarii
645 3819 684 3856 sc.
704 3802 774 3855 libri
800 3803 861 3856 sive
879 3802 1079 3856 cmmnenturia
1106 3819 1148 3854 sc.
1178 3803 1287 3873 scripta

75 3871 235 3926 dicebantur
252 3871 332 3940 libri,
352 3873 383 3928 in
402 3874 506 3946 quibus
525 3891 584 3930 non
602 3875 665 3928 fuse
683 3873 807 3942 lateque,
836 3872 886 3927 sed
903 3873 1034 3930 breviter
1060 3881 1089 3926 et
1112 3871 1208 3926 veluti
1231 3891 1287 3944 per

75 3943 161 4013 capita
177 3961 225 3996 res
243 3943 493 4008 describerentur,·
510 3944 587 3999 unde
606 3951 635 3998 et
653 3942 867 3998 commentarios
885 3944 918 3996 in
941 3951 1091 3997 auctorum
1110 3945 1219 4014 scripta
1237 3961 1285 3998 ex·

72 4014 221 4083 positiones
238 4015 336 4084 potius
363 4023 392 4069 et
409 4017 519 4069 rectius
546 4015 793 4068 commentationes
811 4011 1056 4080 (meditationes)
1075 4013 1195 4080 dixeris,
1228 4015 1284 4070 etsi

75 4087 140 4152 scio,
157 4103 172 4138 a
191 4085 268 4139 Gall.
288 4087 317 4144 7,
336 4087 363 4143 6.
384 4085 497 4139 laudari
516 4087 718 4140 commentaria
736 4087 769 4140 in
791 4085 948 4154 Virgilium
974 4084 1138 4154 composita.
1174 4083 1285 4139 Vocan-

75 4165 122 4208 tur
138 4157 221 4210 etiam
240 4157 363 4222 Dierna,
383 4155 592 4225 premers'des,
618 4159 742 4226 negata
759 4176 775 4210 a
793 4157 881 4211 verbo
906 4171 1047 4225 regerere,
1075 4171 1131 4225 quo
1160 4155 1283 4224 Quintil.

76 4245 139 4280 usus
157 4235 208 4294 est,
227 4227 305 4281 unde
322 4228 413 4304 vulgo
432 4227 580 4297 Registru.
617 4229 695 4282 Hinc
713 4223 1035 4293 et‘connnentorienses,
1063 4244 1078 4279 a
1101 4226 1207 4297 quibus
1234 4229 1284 4282 vel

77 4299 234 4369 Principum
253 4299 526 4354 commentaria.vel
544 4300 661 4355 nomina
684 4299 867 4354 detentorum
883 4298 1136 4371 porsorIbebantur
1162 4306 1192 4352 st
1209 4307 1283 4364 acta,

78 4369 180 4446 quoties
198 4369 275 4442 apud
292 4371 394 4426 fiscum
413 4369 558 4448 agebatur.
596 4369 769 4452 Huiusmodi
786 4387 856 4430 vero
875 4367 1076 4426 commentarii
1094 4387 1117 4426 s.
1137 4385 1285 4424 commen-

111 4467 169 4534 opp.
194 4469 258 4526 Tac.
281 4471 312 4524 T.
324 4471 346 4522 I.
986 4551 989 4554 Ι
1063 4459 1139 4525 35·
1205 4453 1208 4458 ’
