2904 4798
184 201 250 268 5⁰2
581 193 827 264 ANNALIUM
846 195 933 261 ΜΒ.
955 197 1015 260 vl.

186 373 220 420 ut
238 365 281 424 aio
299 364 395 420 soluto
412 363 493 418 besse
509 363 586 420 aeris
603 363 693 420 alieni
711 381 767 436 per
785 363 971 420 commodum
981 359 1143 416 venderent
1223 381 1252 422 a:
1272 362 1409 430 alteram

185 439 263 512 quod
281 443 381 492 narrat
395 435 538 506 paulatim
555 442 684 505 repertor
701 433 858 490 creditores
873 433 1012 504 priuatos,
1041 431 1145 488 lassata
1246 435 1410 505 pertinacia

184 507 328 566 condendi
346 507 482 576 domique
499 506 712 578 comprimendi
729 506 892 578 pecuniam.
938 504 970 558 Si
994 505 1175 559 feneratores
1197 507 1257 560 iam
1279 514 1410 561 emerant

183 598 280 658 agros,
298 595 357 633 non
377 577 513 632 carebant
531 579 628 632 numia
646 594 826 650 possessores
844 577 880 632 ad
898 575 967 630 duas
984 583 1082 646 partes
1100 577 1211 632 teneris
1239 595 1410 654 expungen-

183 653 248 721 ὼε,
278 648 382 706 deinde
406 649 493 703 inane
516 649 659 704 auxilium
685 658 747 704 erat
769 647 851 702 illius
875 647 986 700 millies
1014 648 1154 715 sestertii,
1190 650 1257 719 quia
1281 651 1410 721 praedia,

183 741 256 796 quae
274 723 332 778 ob'
426 728 439 772 t
456 720 575 792 publico
593 738 648 792 pro
666 729 768 774 mutuo
786 727 915 792 accepto,
941 720 999 772 ian
1019 734 1035 772 e
1051 727 1196 788 potestate
1221 719 1410 774 dominorum

183 797 323 850 exierant
378 819 412 830 -
456 798 544 846 uento
567 793 633 863 quie
657 791 821 846 oboerotior
848 799 921 859 erat,
951 797 1034 844 tanto
1058 791 1178 859 aegrius
1200 791 1409 856 insectemur,

181 866 352 920 vendebant.
373 862 418 918 Gt.
438 809 502 920 ind.
522 863 575 919 111.
595 882 623 918 r.
643 863 873 932 Comparationis
890 878 958 916 aruo
975 861 1136 932 naodurque,
1156 865 1184 930 2,
1202 881 1230 914 u.
1258 863 1410 920 vendendi

181 936 342 994 difficultas
367 933 495 989 arbitror
519 953 555 990 ex
580 951 625 1001 eo,
657 935 735 1008 quod
762 935 796 990 ab
824 935 861 988 iia
885 949 944 988 non
971 942 1081 988 temere
1106 951 1161 988 nec
1184 936 1246 989 sine
1273 936 1408 990 cautione

182 1007 332 1066 emebatur
353 1012 477 1080 propter
501 1006 656 1060 evictionis
680 1005 864 1076 periculum
893 1001 972 1061 Pici.
1010 1005 1133 1076 Quisque
1158 1007 1277 1075 aegrius
1300 1006 1408 1060 rende-

180 1079 258 1148 bant,
277 1079 345 1164 quia
364 1078 710 1162 emptores·nec·eaeitate
734 1077 879 1134 vendendi
906 1077 1024 1164 cognita
1051 1077 1235 1162 simutabunt,
1266 1077 1324 1132 sibi
1351 1093 1408 1130 non

180 1156 412 1289 &istim
429 1147 739 1286 iiiimxiii:
753 1155 792 1273 ἒξ
804 1157 1154 1292 tittatffittttt
1167 1157 1316 1276 Sitti}
1337 1150 1408 1276 {ii

180 1309 268 1362 aegre
286 1293 422 1354 tacimus,
441 1291 519 1362 quod
537 1292 626 1346 inviti
645 1299 674 1347 et
691 1299 793 1362 aperto
819 1291 924 1346 damam
948 1299 1050 1344 nostro
1073 1293 1216 1358 sacomam
1245 1294 1357 1348 Waot.
1378 1319 1408 1330 -

178 1365 286 1432 turoam
301 1379 436 1433 praecepa
453 1361 550 1428 dabat,
570 1381 597 1422 r.
618 1363 654 1420 ad
671 1366 699 1430 t,
717 1365 762 1430 62,
781 1365 807 1422 2.
828 1395 861 1406 -
880 1363 947 1416 tulit
967 1367 1045 1432 opem
1063 1363 1171 1417 caesor
1199 1364 1342 1436 disposito
1358 1385 1410 1436 per

178 1452 291 1492 mensus
324 1435 431 1490 mittier
460 1435 593 1488 aestatis
627 1443 682 1490 cet.
721 1453 748 1488 r.
776 1433 832 1488 Dio
858 1438 902 1500 58,
931 1437 976 1491 21.
1015 1442 1046 1488 et
1079 1433 1158 1490 Suet.
1192 1436 1255 1490 Tib.
1279 1439 1324 1496 48.
1364 1439 1408 1494 Gt.

179 1509 273 1564 ctiam
296 1507 363 1560 Lir.
390 1508 416 1571 7,
447 1509 490 1562 21.
510 1508 555 1572 2³,
574 1509 616 1564 ²1·
637 1509 682 1572 tt,
702 1509 744 1565 18.
764 1507 809 1572 26,
827 1507 863 1563 36
897 1505 1002 1578 quibus
1026 1505 1100 1560 locis
1126 1507 1225 1562 eodem
1250 1511 1341 1566 inodo
1366 1529 1409 1564 re·

124 1603 130 1610 ·
178 1581 286 1636 tectam
305 1577 379 1632 dicit
396 1577 483 1630 iidem
501 1577 648 1648 publicam
667 1577 773 1632 creatis
791 1577 827 1630 ob
845 1579 985 1648 pecuniae
1004 1578 1133 1650 inopiam
1159 1581 1359 1650 quinqueviris
1382 1589 1408 1636 et

178 1647 342 1704 triumviris
359 1648 522 1716 memoriis,
541 1647 758 1728 magistratibus
777 1647 1029 1714 extraordinariis,
1057 1650 1109 1720 qui
1131 1653 1287 1774 pecuniam
1310 1654 1409 1726 publi·

178 1738 242 1776 cam
260 1738 296 1775 ex
313 1721 436 1785 ceramo,
455 1720 560 1774 memb
578 1737 640 1774 cum
658 1734 724 1772 uere
743 1721 775 1772 ia
792 1722 856 1786 foro
870 1721 989 1790 positia,
1009 1719 1136 1776 debitori
1156 1739 1188 1776 ue
1207 1723 1408 1794 dispensarent

73 1796 77 1802 '
178 1793 210 1846 in
227 1799 342 1863 tempus
362 1792 424 1844 eine
441 1791 548 1848 usuris.
586 1791 666 1858 „Dio
685 1789 707 1844 1.
721 1789 740 1844 l.
760 1791 861 1858 tradit,
881 1809 947 1846 cum
965 1791 1036 1846 alias
1062 1793 1166 1846 mortis
1190 1809 1290 1850 causas
1317 1799 1407 1850 tuisse

178 1863 300 1917 Cocceio
318 1861 442 1927 Nervae,
462 1869 526 1914 tum
545 1859 631 1927 banc,
651 1861 729 1946 quod
746 1861 881 1918 Tiberius
899 1863 980 1988 legles
1001 1865 1130 1916 Caesaris
1148 1867 1286 1932 περὶτῶν
1303 1875 1408 1940 συμβο-

177 1937 265 1988 tcior
282 1935 301 1989 i.
318 1951 342 1986 e.
372 1933 408 1989 de
431 1933 564 2004 pecuniis
591 1934 711 1987 credatis
738 1949 880 1989 renovare
903 1951 940 1990 vo
955 1935 1054 2000 uisset,
1083 1937 1134 2002 (ci.
1153 1935 1189 1989 ad
1207 1953 1231 1990 c.
1251 1941 1293 1994 16.
1316 1957 1345 1994 n.
1367 1939 1407 2006 i.)

176 2005 253 2061 unde
270 2003 358 2058 fldem
377 2003 508 2059 labefieri
527 2011 557 2059 et
575 2004 647 2058 alios
665 2012 761 2058 motus
780 2006 855 2060 oriri
872 2005 999 2073 viderit,
1028 2023 1148 2077 umque
1166 2023 1280 2062 causam
1304 2013 1408 2076 tuisse,

177 2093 268 2146 quare
286 2074 423 2130 Tiberius
462 2083 541 2129 cetea
559 2093 623 2130 rem
641 2076 844 2130 moderaretur
862 2085 892 2130 et
909 2077 985 2132 iilud
1002 2077 1113 2132 millies
1132 2075 1179 2132 Hs
1207 2079 1409 2157 indigentibus

174 2165 230 2220 per
248 2147 424 2202 senatoriio
496 2148 520 2200 ie
537 2147 619 2200 viros
646 2147 709 2201 aiae
726 2147 823 2200 usuris
846 2163 900 2216 per
917 2148 1073 2202 triennium
1098 2157 1200 2202 mutuo
1227 2150 1322 2210 daret.
1358 2153 1409 2206 Di-

175 2219 300 2274 cendum
325 2225 402 2272 eeest
428 2218 538 2289 potius,
566 2217 643 2287 quod
667 2226 848 2283 aucensem
884 2237 952 2274 nam
978 2219 1079 2274 Nerva
1107 2215 1313 2291 ἀπεκαρτέρησε
1342 2233 1409 2294 post

175 2296 351 2343 maumam
369 2305 483 2344 causam
508 2287 621 2342 iilam.“
648 2289 717 2342 Era.
744 2288 779 2341 ad
798 2303 824 2344 o.
842 2290 886 2344 26.
912 2288 1119 2343 occimiano.
1147 2298 1177 2344 et
1200 2291 1263 2348 edd.
1289 2310 1407 2358 omnes,

175 2361 340 2425 restes-tium
362 2358 501 2412 volebant
519 2361 593 2414 Mur.
621 2368 651 2414 et
674 2359 807 2416 Ursinus.
832 2357 889 2412 Sed
911 2379 939 2414 r.
963 2360 1000 2414 ad
1018 2363 1046 2426 2,
1064 2363 1110 2426 ot,
1128 2365 1155 2416 1.
1185 2393 1217 2406 -
1242 2364 1271 2416 ri
1295 2367 1409 2420 debitor

171 2431 278 2500 populo
295 2430 329 2484 ia
347 2431 463 2500 dapium
476 2429 613 2499 prediis
631 2431 770 2484 accierat.-
795 2429 949 2497 „Picbena
965 2446 1025 2486 non
1043 2433 1156 2502 spernit
1177 2435 1321 2504 praediis,
1348 2455 1408 2492 am-

174 2503 251 2580 otgit
268 2509 376 2568 umen,
394 2519 467 2555 num
484 2503 585 2556 verius
602 2502 767 2570 praeditas,
799 2520 869 2564 usus
894 2503 961 2556 loco
984 2503 1051 2558 niv.
1077 2505 1123 2570 ti,
1141 2504 1187 2559 uo.
1210 2505 1261 2558 ubi
1283 2511 1408 2578 praeder

174 2582 206 2628 et
227 2573 350 2642 praedio
373 2573 545 2649 iunguntur.
591 2573 652 2628 Gur
677 2581 774 2628 autem
795 2573 953 2641 praedibus
974 2573 1073 2644 potius
1097 2591 1184 2644 quam
1208 2581 1356 2646 mediis,
1384 2584 1407 2634 ai

174 2663 266 2698 unum
285 2643 415 2699 sufficit?
441 2661 508 2698 nam
533 2645 653 2714 praedes
670 2653 770 2700 umen
794 2653 898 2700 carent
915 2645 1045 2715 praediis
1072 2647 1182 2700 suiset
1206 2652 1257 2718 qui
1275 2653 1407 2722 praediis

174 2723 289 2781 cavent,
307 2715 429 2785 praeder
448 2715 544 2768 sunt.“
563 2717 634 2770 iiras.
664 2716 843 2786 „Perper-am
859 2717 1014 2785 mortibus
1032 2717 1159 2772 malebat
1176 2717 1320 2776 Piclaena:
1339 2741 1405 2776 nam

174 2787 240 2858 quie
258 2787 290 2839 iu
309 2785 424 2854 duplasm
439 2787 595 2854 praedibus
612 2787 771 2842 cooebiti“
792 2785 898 2842 Woltb.
919 2821 952 2832 -
971 2788 1093 2857 eruptio:
1112 2791 1144 2842 in
1163 2791 1220 2849 MS.
1239 2795 1353 2848 mitio.
1374 2829 1404 2840 -

174 2857 430 2923 emitur-initiis,
448 2857 594 2912 incurioso
613 2859 676 2924 fiere,
697 2877 725 2914 v.
745 2858 782 2912 ad
797 2863 823 2924 1,
842 2860 870 2925 6,
888 2863 914 2916 6.
937 2861 979 2926 12,
992 2863 1037 2926 to,
1058 2865 1081 2916 1.
1093 2867 1122 2914 et
1140 2861 1202 2920 ind.
1222 2864 1277 2918 111.
1299 2883 1330 2922 v.
1345 2870 1405 2922 Ad·

173 2929 277 2983 iectica
294 2928 326 2981 in
344 2925 423 2982 aiere
441 2944 509 2982 coru
527 2930 655 2987 obsolute
670 2931 776 2998 posito.

598 3073 791 3128 CAPUT
844 3075 977 3130 xvttt.

254 3181 342 3244 Dein
363 3179 506 3244 redeunt
527 3183 661 3266 priores
683 3190 801 3260 metus,
831 3184 1001 3266 postulato
1030 3187 1212 3250 maiestatis
1242 3188 1403 3254 Considio

171 3261 327 3344 Proculo,
360 3265 418 3346 qui
449 3265 542 3326 nullo
564 3285 691 3346 pavore
723 3263 812 3328 diem
843 3267 987 3330 nemlem
1016 3269 1186 3334 celebrans
1221 3283 1341 3355 raptus
1371 3277 1402 3335 in

171 3347 302 3408 curiam
336 3350 532 3429 pariterque
569 3347 744 3410 damnatus
777 3350 1051 3436 interiectusque.
1106 3353 1148 3416 Et
1182 3359 1297 3419 sorori
1332 3360 1402 3422 eius

170 3427 310 3492 Sanciae
341 3449 426 3512 aqna
454 3439 552 3514 atque
580 3433 652 3516 igni
680 3431 900 3495 interdictum
936 3444 1112 3500 accusante
1140 3437 1178 3502 Q.
1202 3439 1399 3526 Pomponio.

170 3511 203 3574 Is
234 3513 384 3575 moribus
413 3513 542 3596 inquies
575 3513 657 3578 haec
683 3523 717 3576 et
744 3515 975 3582 huiuscemodi
1006 3539 1026 3582 a
1054 3539 1091 3582 se
1119 3524 1265 3584 factitari
1303 3545 1401 3608 prae·

168 3595 334 3675 tendebat,
361 3604 411 3675 ur,
441 3605 538 3680 parta
558 3597 647 3680 apud
668 3598 859 3682 Principem
885 3603 1007 3690 gratia,
1035 3605 1193 3704 periculis
1223 3603 1400 3690 Pomponii

169 3676 315 3742 Secundi
336 3681 452 3741 fratris
474 3679 676 3744 mederetur.
721 3681 828 3746 Etiam
856 3685 892 3744 in
913 3685 1105 3772 Pompeaam
1127 3686 1316 3754 Macrinam
1346 3713 1399 3754 ex-

168 3762 282 3824 silium
302 3763 473 3838 statuitur,
502 3765 597 3828 onios
618 3767 777 3828 maritum
799 3766 1004 3852 Argolicum,
1035 3789 1191 3834 socerum
1215 3773 1398 3850 Laconem,

168 3866 188 3909 e
210 3846 415 3927 primoribus
436 3845 658 3926 Achaeorum,
680 3846 804 3914 Caesar
824 3849 1002 3916 afflixerat.
1046 3853 1147 3916 Pater
1168 3875 1299 3940 quoque
1320 3861 1398 3921 ittu-

167 3929 247 3990 stris
269 3930 374 4012 Eques
396 3928 563 3992 Romanus
583 3951 623 3993 ac
642 3935 750 3994 trater
770 3937 975 4015 praetorius,
1007 3957 1109 4019 quum
1142 3935 1312 4004 damnatio
1345 3945 1397 4004 in·

166 4019 284 4084 staret,
307 4033 341 4075 se
364 4013 428 4094 ipsi
450 4015 650 4080 interficere.
695 4015 820 4080 Datum
841 4027 916 4081 erat
936 4021 1085 4098 crimini,
1107 4021 1196 4106 quod
1218 4023 1397 4126 Theopha.

167 4114 231 4158 nen
260 4093 502 4176 Mytilenaeum
536 4117 698 4180 proavum
730 4119 848 4164 eorum
876 4098 936 4166 Cn.
966 4101 1111 4194 Magnus
1140 4107 1230 4170 inter
1258 4109 1396 4172 inumos

164 4176 351 4254 habuisset,
406 4179 562 4262 quodque
603 4181 760 4246 defuncto
800 4183 998 4272 'I'heophoni
1048 4189 1205 4254 coelestes
1248 4191 1396 4258 bonores

166 4255 294 4322 Graeca
315 4259 462 4324 adulatio
489 4263 665 4328 tribuerat.
