2774 4784
135 193 201 286 ¹111
300 162 332 183 ''
484 193 595 260 vrrs
613 141 758 258 scere.
780 193 839 258 sr
857 190 1022 257 110111.

222 362 273 437 Α.
291 361 335 438 U.
351 359 635 440 G·'85b-858.
665 360 985 440 Cium-1⁰5.
1018 359 1291 436 strubi—53.

247 483 392 556 Novum
412 479 554 552 bellum
568 483 742 554 adversus
758 481 981 553 Decebulurn
994 491 1138 576 gestum
1156 505 1177 549 a
1192 481 1368 561 Traiano,

137 571 170 652 'a
195 605 267 677 quo
292 583 404 653 Decii
428 581 468 651 in
493 581 701 676 provinciae
725 583 832 653 Rom.
858 582 1017 651 fonnem
1045 581 1195 652 redacta.
1291 655 1293 660 .
1321 620 1323 624 -

221 715 270 788 Α.
289 713 333 790 U.
351 711 394 790 C.
408 713 483 788 867
490 715 630 790 -870,
660 711 748 792 Chr.
764 713 982 788 114-117,
1015 713 1100 788 Tac.
1116 711 1287 787 62-65.

246 835 508 928 Expeditiones
534 835 682 906 Traiani
716 835 756 904 in
781 834 1010 922 Armeniam,
1040 833 1369 930 Mesopotamiam,

148 933 347 1025 Parthiam,
372 933 576 1026 Assyriam,
608 933 792 1005 Arabiam.
1129 935 1132 942 ’

253 1065 404 1141 Tacitus
429 1079 513 1162 post
538 1093 568 1138 a.
595 1067 640 1140 U.
668 1092 697 1138 c.
725 1069 822 1158 850,
857 1063 930 1164 quo
956 1066 1084 1138 consul
1110 1069 1188 1156 snit,
1215 1092 1253 1138 se
1279 1069 1369 1137 sub-

143 1169 297 1266 traxisse
330 1169 474 1238 videtur
506 1193 528 1237 a
560 1169 717 1262 negotiis
760 1167 919 1261 publicis
957 1169 1147 1261 otiumque
1180 1169 1221 1238 in
1257 1166 1368 1236 libris

146 1267 348 1338 scribendis
379 1269 671 1361 consumpsisse,
712 1277 871 1338 mortem
906 1257 991 1338 vero
1025 1267 1160 1338 obiisse
1195 1267 1262 1336 sub
1290 1265 1369 1335 Hs-

146 1367 295 1455 drieno,
343 1367 406 1460 qui
432 1390 462 1435 a.
490 1365 535 1437 U.
562 1391 591 1436 c.
619 1367 703 1440 870.
746 1365 835 1437 Chr.
867 1367 946 1439 117.
1011 1367 1215 1460 imperator
1249 1365 1370 1436 iactus

1 1540 2 1549 χ
31 1473 36 1482 ’
146 1475 219 1536 est:
245 1489 331 1535 narn
358 1465 404 1535 ed
429 1475 591 1536 extruna
616 1465 766 1538 Traiani
792 1477 967 1559 tempora,
994 1467 1094 1558 quod
1119 1467 1194 1535 iarn
1211 1465 1370 1558 Lipsius

144 1565 414 1654 animadvertit,
430 1575 658 1659 suspectant,
677 1589 769 1660 quae
787 1565 883 1636 dicte
899 1575 984 1636 sunt
997 1565 1094 1634 Ann.
1118 1563 1152 1653 4,
1169 1564 1202 1636 4.
1229 1561 1373 1655 „Quod

144 1659 231 1738 uiti
256 1671 393 1758 quoque
419 1659 680 1757 exsequendum
705 1685 803 1755 reor,
837 1687 930 1758 quoe
962 1677 1037 1736 turc
1061 1661 1227 1738 Rouana
1249 1665 1371 1763 copie

10 1822 13 1830 .
145 1762 184 1834 in
208 1762 334 1852 armis,
373 1763 435 1857 qui
460 1763 555 1835 socii
579 1785 703 1858 reges,
736 1778 872 1858 quanto
906 1763 958 1835 sit
992 1763 1190 1858 augustius
1217 1761 1370 1862 imperi·

145 1857 297 1952 tutum“,
323 1871 359 1933 et
383 1863 422 1932 in
448 1863 580 1957 primis
606 1863 702 1934 Ann.
719 1863 755 1954 2,
774 1862 833 1936 61.
860 1859 1156 1955 „lirinensium
1174 1856 1370 1964 Elephan-

144 1960 245 2041 tinen
278 1983 325 2031 oc
358 1957 515 2058 Syenen,
555 1958 726 2034 claustro
759 1959 844 2034 olim
877 1959 1033 2034 Bouiani
1070 1961 1085 2033 i
1115 2003 1116 2006 π
1146 1960 1229 2049 orii,
1268 1957 1374 2052 quod

144 2075 239 2130 uun'c
252 2056 417 2132 Rubrum.
438 2057 492 2131 acl
513 2083 614 2133 mure
628 2055 833 2162 patescit“,
859 2060 935 2132 scil.
958 2062 1115 2155 tempori
1142 2084 1186 2129 us
1204 2059 1371 2146 Traiani,

53 2212 56 2223 ,
144 2181 166 2226 a
190 2181 263 2252 quo
288 2157 381 2228 fines
405 2160 555 2252 imperii
580 2161 685 2231 Rom.
712 2161 757 2230 sd
793 2159 865 2230 hoc
895 2183 998 2229 mare
1032 2159 1192 2253 promoti
1217 2157 1371 2249 expedi,

145 2257 244 2326 tione
268 2257 307 2327 in
334 2255 527 2329 Orientem
551 2259 644 2329 facta
668 2283 698 2328 a.
717 2257 763 2329 U.
783 2257 867 2334 867.
894 2257 979 2333 868.
1006 2280 1042 2352 p.
1064 2255 1151 2326 Chr.
1177 2255 1255 2328 114.
1283 2257 1369 2331 115.

245 2355 302 2426 De
327 2355 453 2426 liberis
480 2369 516 2429 et
540 2359 715 2451 progenie
731 2355 974 2438 Tacitibsud
1000 2358 1197 2451 quicquam
1222 2378 1371 2426 merno-

145 2454 219 2524 rise
252 2453 427 2525 traditum
460 2454 627 2550 legimus.
688 2457 745 2526 Ex
775 2459 932 2550 posteris
971 2465 1093 2526 tamen
1119 2456 1197 2525 eius
1223 2478 1371 2525 memo-

79 2617 85 2642 ,
144 2563 269 2623 rantur
304 2553 557 2640 M.,Clsudius
591 2557 740 2628 Tacitus
773 2557 869 2651 Imp.
897 2580 927 2624 a.
954 2553 1000 2626 U.
1031 2555 1135 2628 1028.
1163 2551 1253 2651 Chr.
1278 2553 1369 2628 275.

145 2663 182 2722 et
207 2651 408 2743 Polemios,
433 2655 491 2722 vir
514 2655 750 2726 doctissimus
775 2665 813 2725 et
836 2653 1039 2749 praefectus
1073 2663 1184 2748 praet.
1212 2653 1308 2722 circa
1338 2679 1369 2726 a.

145 2749 189 2822 U.
221 2751 325 2826 1229.
354 2749 441 2823 Chr.
470 2753 551 2826 476.
591 2755 740 2848 imperii
772 2753 929 2825 Romani
961 2751 1148 2824 ultimum.
1210 2753 1267 2822 De
1292 2753 1372 2824 hoc

145 2875 178 2918 v.
205 2849 333 2921 Sidon.
359 2850 521 2947 Apollin.
549 2876 605 2946 ep.
633 2853 668 2942 4,
699 2853 754 2926 14.
781 2852 826 2922 ad
852 2851 1083 2923 Polemium:
1110 2848 1245 2938 (Gaius
1268 2847 1372 2924 Gor-

144 2944 262 3020 uelius
294 2947 446 3022 Tacitus
477 2973 569 3022 usus
603 2975 623 3023 e
659 2949 860 3026 tucioribus
885 2951 977 3042 tuis,
1010 2949 1254 3052 Ulpianorum
1281 2963 1372 3021 reru

142 3071 274 3150 porum
299 3047 507 3122 conuiuis
532 3049 613 3136 cet.)
647 3051 694 3122 de
718 3049 786 3122 1110
825 3053 901 3138 (cui
926 3063 1051 3123 temen
1076 3049 1177 3120 aliud
1202 3050 1274 3120 tuit
1299 3076 1372 3122 no-

145 3172 232 3218 rnen
266 3147 408 3244 aliaque
441 3145 549 3245 gens)
588 3149 690 3222 locus
724 3151 979 3222 memorabilis
1018 3149 1169 3244 Vopisci
1203 3151 1242 3220 in
1275 3150 1370 3222 Tac.

144 3271 174 3317 c.
206 3247 261 3320 10.
288 3245 525 3338 „Goruel
537 3248 631 3320 ium
667 3247 907 3324 Taciturn
933 3250 1157 3351 scriptorem
1182 3245 1373 3322 historice

145 3346 355 3442 Augustae,
398 3345 498 3442 quod
536 3363 787 3448 parentem
820 3371 920 3420 suum
953 3345 1099 3420 modern
1132 3344 1286 3437 diceret,
1332 3351 1372 3420 in

41 3437 48 3454 ‘
145 3443 306 3518 omuibus
337 3443 567 3520 bibliothecis
598 3446 778 3521 collocari
816 3448 937 3538 iussit,
972 3461 1009 3520 et
1040 3471 1085 3520 ue
1110 3445 1285 3522 lectorum
1315 3449 1372 3520 iu

145 3545 253 3618 curio
279 3542 483 3648 deperiret,
509 3543 640 3620 librum
665 3547 804 3638 (libros
829 3547 929 3634 eius)
953 3571 1029 3650 per
1053 3569 1170 3619 anuos
1195 3546 1371 3641 singulos

88 3731 99 3748 .
134 3641 267 3726 ,decies
292 3645 408 3720 scribi
428 3645 634 3748 publicitus
655 3645 821 3742 (publico
838 3647 1006 3743 sumptu)
1024 3657 1060 3718 et
1078 3646 1208 3718 civicis
1222 3642 1371 3719 urcbiis

145 3743 278 3832 (MSS.
318 3743 577 3838 evicosarchis,
625 3744 897 3838 eucouscrchis,
941 3742 1203 3835 enicosorchis,
1244 3747 1371 3820 ecieis

18 3907 20 3914 .
146 3839 310 3934 archiis)
336 3845 444 3918 iussit
470 3859 507 3917 et
532 3847 570 3918 in
596 3843 827 3920 bibliothecis
848 3845 980 3948 poui.“

244 3943 396 4018 Utinam
428 3947 576 4017 Tacitus
609 3971 685 4018 non
718 3948 832 4019 modo
856 3947 1060 4042 Agricolae,
1101 3947 1164 4016 sed
1196 3955 1233 4015 et
1257 3969 1369 4016 suam

145 4045 225 4136 ipse
249 4045 367 4116 vitsm'
388 4047 609 4139 scripsisset!
642 4049 743 4119 Tum
769 4039 887 4144 mults
912 4071 1027 4142 eaque
1052 4047 1369 4139 cognitudignis-

145 4144 239 4214 sima
263 4145 372 4216 nobis
397 4145 653 4236 innotuissent,
680 4173 772 4243 quse
799 4173 898 4220 nunc
922 4150 1145 4241 ignoramus.
