2890 4790
257 201 401 268 CAPUT
422 201 529 268 Lxx.
552 201 677 270 LXXI.
707 202 760 282 (A.
782 201 821 272 U.
838 201 910 271 781.
932 203 971 268 A.
993 201 1029 268 G.
1048 205 1116 284 28.)
1234 205 1296 274 1ὅό

73 389 139 426 rem
156 369 228 424 eden
252 368 441 424 aversabatur
458 366 604 438 Tiberius,
628 377 663 424 ut
679 367 853 442 plerumque
872 377 955 426 extra
972 371 1082 427 Urium
1160 379 1208 426 ret
1232 369 1294 429 Kal.

72 443 171 570 i⁵psirb
179 459 224 566 υἱ
234 441 402 566 edFmiqteqet
415 447 542 568 lsqqenalq.
570 439 641 566 (111111ι
656 449 685 528 et
703 439 766 566 1ιιὲ11
792 441 1069 574 tunulinmpqelutio.1
1082 459 1112 566 vl:
1153 451 1211 530 net.
1232 445 1295 568 (ppt.

111 551 119 566 .
174 531 233 570 vr.
283 531 336 565 as.
469 551 476 567 .
534 531 706 566 ruen.1n
835 551 842 565 .
978 533 1219 570 s.uran.1n
1272 536 1297 568 r-

74 600 175 662 sopog.
194 601 224 654 p.
243 587 305 641 389.
343 548 399 636 Dio
417 585 463 648 5⁷,
482 585 508 640 8.
533 583 568 639 D.
588 585 708 638 Maximi
726 530 842 639 iffi.
863 550 923 642 tin.
945 533 1119 658 intimatio,
1138 585 1297 664 Augustini

74 657 161 726 epist.
180 658 225 712 ot.
244 655 317 722 (22.)
344 654 380 708 ad
404 654 579 713 Aurelianf‘
600 655 677 724 Lipc.
703 656 750 710 Gi.
775 656 811 710 nd
830 673 856 710 c.
878 661 920 712 17.
945 673 975 710 n.
995 661 1020 714 1.
1055 657 1213 712 Ianuarius
1237 657 1296 712 MS.

73 727 232 782 Ianuariae
258 726 321 783 edd.
347 733 406 780 rot.
431 726 581 782 ianuariis
604 727 668 782 edd.
700 727 757 782 lac.
778 727 869 782 Gron.
898 735 928 784 et
948 745 1008 784 rec.
1033 761 1066 774 -
1092 729 1297 786 omitteret

73 799 179 856 verba.'
194 817 223 852 v.
243 798 280 852 ad
297 815 323 855 c.
341 801 386 854 41.
406 815 437 852 u.
456 799 482 856 2.

146 875 173 928 2.
193 877 222 924 ct
242 867 409 923 trahebatur
426 871 579 926 damnatos
596 886 673 926 unco
700 869 737 924 ad
754 868 845 924 scales
864 869 1031 928 Gemonias.
1059 891 1087 928 v.
1105 872 1186 940 edd,
1208 875 1250 941 14,
1268 876 1296 930 2.

73 953 104 998 et
122 942 158 996 ad
175 959 239 995 rem
259 943 297 997 ct.
316 940 372 994 Dio
391 943 437 1008 58,
456 945 481 998 1.
500 950 530 996 et
548 943 628 1013 inpr.
648 941 724 994 Ptin.
743 944 772 1006 8,
791 945 835 998 4⁰.
855 959 876 996 s.
895 945 940 998 61.
964 973 998 986 --
1016 943 1138 998 obductu
1154 951 1230 999 mate
1251 947 1298 1000 ori

75 1022 103 1068 et
121 1012 274 1066 adstrictis
291 1011 422 1079 faucibus
440 1011 543 1084 laqueo
562 1023 592 1068 et
609 1013 739 1066 vinculis
757 1013 844 1086 paulo
862 1021 929 1084 post
947 1017 1126 1070 memoratis.
1147 1014 1193 1072 Gt.
1212 1015 1299 1072 luve-

75 1086 133 1140 nal.
146 1089 189 1148 lt,
199 1088 243 1142 88,
256 1093 286 1140 et
296 1083 374 1140 Suet.
384 1085 445 1138 Vit.
457 1089 499 1142 lt.
521 1112 552 1123 -
564 1101 618 1154 quo
627 1085 713 1138 cerba
723 1085 895 1152 acciderent,
915 1103 944 1137 r.
956 1085 992 1138 ad
1000 1086 1037 1138 H.
1048 1088 1076 1151 1,
1085 1089 1131 1154 te,
1142 1089 1168 1144 3.
1186 1086 1299 1157 accipe.

74 1163 137 1210 reut
148 1154 205 1212 MS.
226 1189 258 1200 -
271 1157 356 1212 Quern
367 1157 442 1208 euim
451 1156 526 1210 diem
535 1171 650 1210 uacuum
656 1172 748 1225 pecua
758 1158 833 1224 fora,
850 1155 900 1210 not
917 1156 994 1210 iuter
1011 1171 1095 1210 sucro
1113 1165 1141 1212 et
1158 1164 1223 1214 uota
1241 1169 1298 1218 cet.

75 1229 135 1282 Hae
148 1236 217 1280 eunt
235 1228 425 1302 cogitationes
443 1226 612 1293 hominum
630 1226 758 1282 Freiueit.
779 1255 811 1268 -
824 1235 1010 1298 quotempore
1022 1227 1116 1284 uertit
1128 1229 1217 1284 etiam
1230 1247 1300 1302 pro·

74 1299 165 1367 sauir,
183 1297 255 1352 mali
267 1299 384 1363 ominis¹
403 1297 511 1353 nedum
529 1300 663 1354 tristibus
674 1300 762 1354 tectis
780 1318 833 1370 sup
855 1300 1003 1370 liciisque,
1022 1299 1162 1354 abstineri
1177 1319 1239 1356 rme
1256 1319 1300 1356 ee·

74 1377 134 1432 eet3
152 1387 221 1424 nam
240 1387 331 1441 quum
349 1385 444 1435 sacru,
462 1373 537 1426 testu
556 1380 586 1426 et
604 1371 748 1442 mysteria
765 1318 996 1437 celoiruentur,
1015 1387 1075 1426 uon
1093 1372 1179 1428 modo
1197 1389 1299 1430 sroere

74 1441 206 1496 solebant
225 1443 373 1512 profanos,
391 1437 466 1507 (ἑκὰς
485 1439 549 1502 ἑκάς
566 1441 628 1496 ime
642 1443 759 1511 βέβηλοι,
778 1437 850 1508 ἑκὰς,
870 1438 943 1510 ἑκὰς,
962 1437 1032 1504 icus
1049 1439 1165 1515 ἇὶιιρὸς,
1182 1447 1298 1512 procul,

74 1513 270 1638 prpcpiloppqq,
282 1513 446 1638 porpfanqtp)
469 1513 637 1639 reqeetiam
654 1511 800 1642 eiptqpciu
824 1515 925 1638 faqqqp
946 1513 1070 1638 {aquia
1098 1515 1298 1601 relucendo,

74 1603 173 1710 iriesse
202 1603 396 1708 credebaniui·
412 1602 933 1730 1pr··i’rti)ipicii¹e⁸tetieiup’lumriiiresqua
956 1601 1299 1730 dediuqmuossiileieimgi,

74 1727 158 1780 evit.
174 1725 252 1782 east.
274 1731 300 1792 1,
319 1731 363 1783 71.
383 1729 495 1786 72178
515 1746 574 1798 seq.
594 1731 621 1794 2,
641 1731 702 1786 654.
722 1731 817 1800 intpp.
836 1729 919 1814 virg.
934 1729 1006 1783 Aen.
1025 1731 1053 1795 ³,
1066 1731 1125 1786 112.
1145 1736 1175 1783 et
1186 1727 1240 1786 sit.
1255 1733 1299 1798 17,

76 1802 123 1856 22.
138 1800 184 1856 28.
202 1797 331 1854 Brisson.
351 1799 386 1853 de
405 1799 492 1852 torm.
506 1803 531 1864 1,
543 1802 667 1856 11-15.
689 1807 718 1854 et
736 1818 808 1870 quos
826 1800 943 1872 Lipsius
961 1799 1101 1866 laudavit,
1120 1799 1186 1858 Seu.
1198 1800 1298 1858 Contr.

73 1872 102 1936 6,
121 1873 147 1926 4.
167 1869 251 1922 Philo
270 1879 373 1924 eontra
389 1867 486 1926 Flecc.
506 1888 534 1940 p.
554 1871 617 1926 976.
637 1871 704 1926 Xen.
725 1873 809 1926 Mem.
829 1871 910 1928 Socr.
930 1875 958 1935 4,
978 1873 1004 1926 8.
1023 1871 1148 1942 Appian.
1168 1872 1200 1929 Β.
1220 1873 1298 1942 (1.5,

73 1945 120 2000 34.
141 1939 222 1996 Suet.
241 1939 306 1998 Tib.
326 1943 370 1998 61.
391 1950 420 1996 et
438 1942 516 2010 inpr.
536 1939 613 1994 Plut.
632 1943 704 1996 titur.
723 1961 753 2014 p.
771 1945 835 2000 432.
855 1941 886 1996 B·
915 1941 990 2012 quod
1008 1943 1145 2010 temporie
1169 1942 1212 1996 ed.
1232 1943 1298 2002 Alt.

75 2041 110 2052 -
129 2012 222 2066 vinctu
241 2018 268 2065 et
288 2013 407 2082 iaqueus
426 2013 607 2077 inducantur,
628 2031 656 2066 v.
677 2013 713 2068 ed
731 2019 758 2079 Ι,
779 2015 806 2079 7,
826 2017 851 2070 9.
881 2045 914 2054 -
941 2011 1005 2065 Non
1025 2013 1192 2080 prudentem
1219 2013 1300 2070 ritc-

75 2084 152 2138 rt'um
171 2089 282 2138 tautam
299 2083 442 2138 iuvidiam
459 2084 587 2140 adiisse.-
625 2085 740 2169 „Vulgi
755 2091 836 2138 -sunt
861 2100 946 2138 voces
972 2081 1089 2154 culpem
1116 2103 1133 2138 a
1151 2080 1299 2156 Principe,

75 2157 128 2228 qui
150 2172 210 2210 non
237 2163 342 2226 sponte
365 2155 423 2210 hoo
449 2156 579 2218 iusserit,
608 2154 658 2210 sed
681 2153 780 2210 Serani
810 2155 922 2208 artibus
950 2153 1097 2224 deceptus,
1126 2157 1299 2223 amoventis,

75 2227 210 2298 quamvis
237 2227 372 2281 simulate
396 2227 476 2280 etin
496 2225 634 2281 Seianum
654 2225 834 2282 reiicientis:
854 2225 905 2296 qui
923 2242 985 2280 mos
1005 2227 1037 2280 in
1055 2223 1225 2298 Principum
1248 2247 1301 2282 au·

75 2299 114 2352 lis
133 2297 321 2370 perpetuus.“
341 2295 417 2354 Prot.
456 2297 523 2352 Post
541 2297 650 2352 adiisse
678 2299 796 2424 ciprum
821 2297 1023 2374 interrogandi
1040 2298 1208 2370 ponendum
1232 2315 1301 2354 cen-

75 2369 155 2424 sebat
173 2369 229 2422 lac.
251 2369 342 2426 Gron.
370 2370 427 2424 hoc
446 2387 547 2425 seusu:
584 2368 630 2424 An
649 2387 697 2426 cre
719 2388 808 2434 emus,
843 2367 995 2426 Tiberium
1020 2365 1056 2422 de
1082 2375 1215 2440 tempore
1241 2387 1300 2426 non

76 2439 702 2584 remuuersumque
712 2441 868 2568 teitu
879 2439 1301 2582 ἰ111121Σῖ.11’.1.511313ἓῖ

77 2591 188 2654 tumque
213 2591 269 2638 cet.
305 2582 351 2640 Cf.
377 2583 413 2638 ad
436 2587 465 2650 2,
490 2585 532 2649 15,
558 2587 585 2642 2.
623 2583 687 2638 Nou
710 2583 880 2654 prudentem
904 2583 963 2638 MS.
990 2583 1053 2640 edd.
1076 2581 1141 2638 Ber.
1162 2581 1253 2638 Rheu.
1276 2589 1299 2640 1.

75 2655 156 2711 Pich.
177 2653 251 2708 Ern.
272 2655 320 2710 Ob.
340 2655 379 2711 al.
398 2655 464 2710 Nou
482 2657 688 2726 imprudentem
705 2655 769 2711 edd.
790 2653 883 2708 Rhen.
894 2657 922 2712 2.
933 2657 959 2710 3.
979 2653 1046 2710 Atd.
1063 2653 1143 2728 lips.
1162 2653 1299 2710 Freinch.

74 2725 171 2806 iiyck.
190 2725 281 2783 Bekis.
303 2759 336 2772 -
355 2743 497 2782 carcerem
514 2729 672 2796 recluderet,
692 2730 729 2782 cf.
749 2744 812 2800 cap·
832 2727 867 2786 68
885 2745 931 2798 pr.
1331 2740 1333 2748 ’

506 2851 703 2910 CAPUT
746 2851 873 2907 nxxl.

159 2960 206 3024 Ni
228 2961 311 3022 mihi
332 2959 534 3024 destinatum
556 2965 656 3038 foret,
678 2981 774 3024 sunm
790 2978 939 3044 quaeque
960 2962 996 3022 iu
1017 2980 1140 3022 annum
1161 2962 1302 3038 reterre,

76 3045 198 3107 avebat
225 3046 356 3106 animus
385 3048 515 3110 anteire
543 3046 720 3128 statimque
741 3062 928 3105 memorare
950 3045 1069 3122 exitus,
1103 3061 1186 3126 quos
1208 3043 1303 3104 Lati-

76 3131 154 3190 nius
184 3135 284 3208 etque
317 3125 439 3212 Opsius
466 3131 640 3208 ceterique
671 3127 791 3214 flagitii
818 3128 889 3188 eius
919 3133 1112 3210 repertores
1143 3125 1301 3202 habuere,

77 3231 145 3272 nou
167 3209 266 3274 modo
288 3219 460 3293 postquam
483 3210 519 3274 C.
543 3210 665 3274 Caesar
687 3229 803 3272 rerum
824 3211 952 3292 potitus
975 3217 1035 3288 est,
1063 3207 1120 3270 sed
1141 3209 1303 3270 ineolumi

78 3293 233 3370 Tiberio,
267 3295 325 3376 qui
354 3295 518 3356 scelerum
547 3296 732 3372 ministros,
765 3299 804 3356 ut
824 3293 977 3376 perverti
998 3293 1038 3354 ab
1061 3293 1135 3354 eliis
1157 3293 1303 3370 uolebat,

75 3379 124 3438 ite
147 3377 341 3459 pierumque
363 3381 503 3442 satiatus
532 3387 566 3442 et
587 3377 709 3440 oblatis
732 3379 767 3440 in
790 3373 927 3440 eandem
951 3396 1087 3460 operam
1113 3375 1303 3438 recentibus

78 3471 212 3522 veteres
241 3467 276 3521 et
306 3481 509 3546 praegraves
530 3461 657 3524 afflixit.
700 3461 831 3522 Verum
852 3459 913 3521 has
935 3468 1032 3543 atque
1053 3459 1134 3522 alias
1155 3459 1301 3520 sontium

76 3562 202 3626 poenae
241 3545 277 3604 in
314 3552 465 3628 tempore
495 3543 675 3608 trademus.
731 3542 819 3604 Tum
848 3544 979 3606 censuit
1004 3541 1141 3606 Asinius
1174 3541 1302 3614 Gallus,

75 3629 176 3690 cuius
198 3627 382 3690 liberorum
397 3627 584 3711 Agrippina
600 3635 782 3690 matertera
804 3635 888 3702 erat,
911 3625 1088 3708 petendum
1102 3645 1120 3686 a
1136 3627 1303 3706 Principe,

77 3719 117 3772 ut
147 3718 254 3772 metus
283 3730 360 3774 suos
394 3713 526 3772 senatui
554 3715 720 3774 fateretur
741 3711 955 3792 amoverique
978 3711 1114 3774 sineret.
1165 3707 1304 3770 Nullam

75 3812 184 3876 aeque
205 3791 376 3872 Tiberine,
398 3803 438 3856 ut
459 3795 609 3872 rebatur,
632 3813 673 3856 ex
696 3793 882 3859 virtutibus
903 3795 973 3857 suis
995 3813 1093 3874 quam
1116 3789 1303 3852 dissimula-

76 3879 205 3938 tionem
237 3874 408 3976 ditigebat.
452 3877 499 3938 Eo
528 3879 664 3964 aegrius
691 3877 821 3958 accepit
841 3875 983 3954 recludi,
1012 3893 1096 3958 quae
1123 3881 1302 3955 premeret.

77 3957 145 4020 Sed
167 3961 334 4044 mitigavit
355 3959 508 4039 Seianus,
529 3980 597 4021 nou
613 3959 702 4022 Galli
723 3979 850 4037 amore,
872 3977 993 4023 verum
1014 3965 1053 4018 ut
1075 3957 1304 4018 cunctationes

77 4041 247 4124 Principis
269 4044 496 4124 aperirentur,
517 4061 654 4130 gnarus,
679 4044 804 4104 tentum
826 4043 861 4102 iu
883 4038 1087 4116 meditando,
1108 4037 1168 4099 ubi
1184 4057 1307 4122 proru-

77 4129 194 4208 pisset,
217 4125 371 4188 tristibus
394 4123 491 4189 dictis
514 4127 642 4190 atrocia
664 4127 750 4188 tecta
768 4127 982 4210 coniungere.
1025 4123 1090 4185 Per
1111 4119 1200 4184 idem
1222 4129 1305 4186 tem-

78 4230 143 4292 pus
173 4209 261 4272 iulia
289 4217 432 4272 mortem
465 4209 565 4288 obiit,
603 4228 699 4284 quam
732 4216 867 4292 neptem
904 4205 1076 4296 Augustus
1116 4206 1305 4268 convictum

78 4289 240 4357 adulterii
270 4289 485 4356 damnaverat
507 4293 761 4374 proieceratque
786 4295 821 4354 iu
843 4291 986 4354 insulam
1001 4287 1197 4352 Trimerum
1218 4287 1306 4352 haud
