<?xml version="1.0" encoding="UTF-8"?>
<!DOCTYPE html PUBLIC "-//W3C//DTD XHTML 1.0 Transitional//EN"
    "http://www.w3.org/TR/xhtml1/DTD/xhtml1-transitional.dtd">
<html xmlns="http://www.w3.org/1999/xhtml" xml:lang="en" lang="en">
 <head>
  <title>
</title>
<meta http-equiv="Content-Type" content="text/html;charset=utf-8" />
  <meta name='ocr-system' content='tesseract 3.04.00' />
  <meta name='ocr-capabilities' content='ocr_page ocr_carea ocr_par ocr_line ocrx_word'/>
</head>
<body>
  <div class='ocr_page' id='page_1' title='image "./ccorneliitaciti28tacigoog/ccorneliitaciti28tacigoog_0397.png"; bbox 0 0 2872 4792; ppageno 0'>
   <div class='ocr_carea' id='block_1_1' title="bbox 60 217 992 292">
    <p class='ocr_par' dir='ltr' id='par_1_1' title="bbox 60 217 992 292">
     <span class='ocr_line' id='line_1_1' title="bbox 60 217 992 292; baseline -0.009 2"><span class='ocrx_word' id='word_1_1' title='bbox 60 265 65 272; x_wconf 95' lang='lat'><em>·</em></span> <span class='ocrx_word' id='word_1_2' title='bbox 164 223 227 292; x_wconf 79' lang='grc'><strong>146</strong></span> <span class='ocrx_word' id='word_1_3' title='bbox 327 267 333 275; x_wconf 89' lang='grc'>-</span> <span class='ocrx_word' id='word_1_4' title='bbox 567 219 814 286; x_wconf 80' lang='lat' dir='ltr'>ANNALIUM</span> <span class='ocrx_word' id='word_1_5' title='bbox 843 219 927 285; x_wconf 88' lang='lat' dir='ltr'><strong>LlB.</strong></span> <span class='ocrx_word' id='word_1_6' title='bbox 949 217 992 286; x_wconf 93' lang='grc'><strong>11.</strong></span> 
     </span>
    </p>
   </div>
   <div class='ocr_carea' id='block_1_2' title="bbox 166 383 1386 806">
    <p class='ocr_par' dir='ltr' id='par_1_2' title="bbox 166 383 1386 806">
     <span class='ocr_line' id='line_1_2' title="bbox 166 383 1385 478; baseline -0.004 -25"><span class='ocrx_word' id='word_1_7' title='bbox 166 389 277 453; x_wconf 81' lang='lat' dir='ltr'><strong>affecit</strong></span> <span class='ocrx_word' id='word_1_8' title='bbox 318 393 359 450; x_wconf 91' lang='lat' dir='ltr'><strong>ut</strong></span> <span class='ocrx_word' id='word_1_9' title='bbox 384 405 451 450; x_wconf 88' lang='lat' dir='ltr'><strong>non</strong></span> <span class='ocrx_word' id='word_1_10' title='bbox 477 387 728 472; x_wconf 79' lang='lat' dir='ltr'><strong>temperaverit,</strong></span> <span class='ocrx_word' id='word_1_11' title='bbox 766 388 845 470; x_wconf 87' lang='lat' dir='ltr'><strong>quin</strong></span> <span class='ocrx_word' id='word_1_12' title='bbox 867 389 1007 450; x_wconf 88' lang='lat' dir='ltr'><strong>iactaret</strong></span> <span class='ocrx_word' id='word_1_13' title='bbox 1032 383 1121 470; x_wconf 87' lang='lat' dir='ltr'><strong>apud</strong></span> <span class='ocrx_word' id='word_1_14' title='bbox 1141 385 1268 478; x_wconf 74' lang='lat' dir='ltr'><strong>Patres,</strong></span> <span class='ocrx_word' id='word_1_15' title='bbox 1299 385 1385 448; x_wconf 86' lang='lat' dir='ltr'><strong>nulli</strong></span> 
     </span>
     <span class='ocr_line' id='line_1_3' title="bbox 166 434 1385 558; baseline -0.007 -22"><span class='ocrx_word' id='word_1_16' title='bbox 166 481 244 540; x_wconf 87' lang='lat' dir='ltr'><strong>ante</strong></span> <span class='ocrx_word' id='word_1_17' title='bbox 264 434 489 534; x_wconf 76' lang='lat' dir='ltr'><strong>liemanorum</strong></span> <span class='ocrx_word' id='word_1_18' title='bbox 525 470 672 534; x_wconf 90' lang='lat' dir='ltr'><strong>eiusdem</strong></span> <span class='ocrx_word' id='word_1_19' title='bbox 705 473 831 558; x_wconf 75' lang='lat' dir='ltr'><strong>fastigii</strong></span> <span class='ocrx_word' id='word_1_20' title='bbox 857 471 933 533; x_wconf 88' lang='lat' dir='ltr'><strong>viro</strong></span> <span class='ocrx_word' id='word_1_21' title='bbox 985 472 1125 532; x_wconf 89' lang='lat' dir='ltr'><strong>eminam</strong></span> <span class='ocrx_word' id='word_1_22' title='bbox 1153 471 1294 551; x_wconf 89' lang='lat' dir='ltr'><strong>stirpem</strong></span> <span class='ocrx_word' id='word_1_23' title='bbox 1316 467 1385 530; x_wconf 90' lang='lat' dir='ltr'><strong>edi-</strong></span> 
     </span>
     <span class='ocr_line' id='line_1_4' title="bbox 167 491 1386 639; baseline -0.005 -21"><span class='ocrx_word' id='word_1_24' title='bbox 167 565 252 618; x_wconf 81' lang='lat' dir='ltr'><strong>tam:</strong></span> <span class='ocrx_word' id='word_1_25' title='bbox 285 575 360 618; x_wconf 88' lang='lat' dir='ltr'><strong>nam</strong></span> <span class='ocrx_word' id='word_1_26' title='bbox 386 561 515 628; x_wconf 90' lang='lat' dir='ltr'><strong>cuncta,</strong></span> <span class='ocrx_word' id='word_1_27' title='bbox 551 556 651 619; x_wconf 89' lang='lat' dir='ltr'><strong>etiam</strong></span> <span class='ocrx_word' id='word_1_28' title='bbox 678 555 829 631; x_wconf 86' lang='lat' dir='ltr'><strong>fortuita,</strong></span> <span class='ocrx_word' id='word_1_29' title='bbox 870 551 911 615; x_wconf 89' lang='lat' dir='ltr'><strong>ad</strong></span> <span class='ocrx_word' id='word_1_30' title='bbox 945 491 1087 639; x_wconf 61' lang='lat' dir='ltr'><strong>gloriam</strong></span> <span class='ocrx_word' id='word_1_31' title='bbox 1113 554 1277 622; x_wconf 89' lang='lat' dir='ltr'><strong>vertebat.</strong></span> <span class='ocrx_word' id='word_1_32' title='bbox 1321 550 1386 614; x_wconf 87' lang='lat' dir='ltr'><strong>Sed</strong></span> 
     </span>
     <span class='ocr_line' id='line_1_5' title="bbox 167 633 1386 724; baseline -0.006 -21"><span class='ocrx_word' id='word_1_33' title='bbox 167 639 292 724; x_wconf 88' lang='lat' dir='ltr'><strong>populu</strong></span> <span class='ocrx_word' id='word_1_34' title='bbox 323 638 382 699; x_wconf 89' lang='lat' dir='ltr'><strong>tali</strong></span> <span class='ocrx_word' id='word_1_35' title='bbox 403 639 439 698; x_wconf 90' lang='lat' dir='ltr'><strong>iu</strong></span> <span class='ocrx_word' id='word_1_36' title='bbox 465 645 616 721; x_wconf 90' lang='lat' dir='ltr'><strong>tempore</strong></span> <span class='ocrx_word' id='word_1_37' title='bbox 648 633 684 698; x_wconf 93' lang='lat' dir='ltr'><strong>id</strong></span> <span class='ocrx_word' id='word_1_38' title='bbox 726 657 834 719; x_wconf 90' lang='lat' dir='ltr'><strong>uoque</strong></span> <span class='ocrx_word' id='word_1_39' title='bbox 855 635 1007 698; x_wconf 89' lang='lat' dir='ltr'><strong>dolorem</strong></span> <span class='ocrx_word' id='word_1_40' title='bbox 1028 637 1117 714; x_wconf 87' lang='lat' dir='ltr'><strong>tulit,</strong></span> <span class='ocrx_word' id='word_1_41' title='bbox 1147 645 1303 718; x_wconf 86' lang='lat' dir='ltr'><strong>tanquam</strong></span> <span class='ocrx_word' id='word_1_42' title='bbox 1330 655 1386 696; x_wconf 91' lang='lat' dir='ltr'><strong>au-</strong></span> 
     </span>
     <span class='ocr_line' id='line_1_6' title="bbox 168 659 1199 806; baseline -0.002 -22"><span class='ocrx_word' id='word_1_43' title='bbox 168 733 242 785; x_wconf 88' lang='lat' dir='ltr'><strong>ctus</strong></span> <span class='ocrx_word' id='word_1_44' title='bbox 262 721 378 784; x_wconf 85' lang='lat' dir='ltr'><strong>liberis</strong></span> <span class='ocrx_word' id='word_1_45' title='bbox 398 720 530 783; x_wconf 87' lang='lat' dir='ltr'><strong>Drusus</strong></span> <span class='ocrx_word' id='word_1_46' title='bbox 552 717 687 783; x_wconf 88' lang='lat' dir='ltr'><strong>domum</strong></span> <span class='ocrx_word' id='word_1_47' title='bbox 705 659 900 782; x_wconf 60' lang='lat' dir='ltr'><strong>daemonici</strong></span> <span class='ocrx_word' id='word_1_48' title='bbox 919 722 1024 806; x_wconf 72' lang='lat' dir='ltr'><strong>magis</strong></span> <span class='ocrx_word' id='word_1_49' title='bbox 1051 726 1199 806; x_wconf 72' lang='lat' dir='ltr'><strong>urgeret.</strong></span> 
     </span>
    </p>
   </div>
   <div class='ocr_carea' id='block_1_3' title="bbox 149 827 1388 1272">
    <p class='ocr_par' dir='ltr' id='par_1_3' title="bbox 167 827 1388 1200">
     <span class='ocr_line' id='line_1_7' title="bbox 235 827 1388 906; baseline -0.007 -10"><span class='ocrx_word' id='word_1_50' title='bbox 235 843 265 901; x_wconf 71' lang='grc'><strong>,1.</strong></span> <span class='ocrx_word' id='word_1_51' title='bbox 283 827 385 892; x_wconf 72' lang='lat' dir='ltr'><strong>⁸Livia</strong></span> <span class='ocrx_word' id='word_1_52' title='bbox 410 837 574 894; x_wconf 61' lang='lat' dir='ltr'><strong>coenantes·</strong></span> <span class='ocrx_word' id='word_1_53' title='bbox 600 855 685 892; x_wconf 88' lang='lat' dir='ltr'><strong>soror</strong></span> <span class='ocrx_word' id='word_1_54' title='bbox 710 843 798 906; x_wconf 81' lang='lat' dir='ltr'><strong>napta</strong></span> <span class='ocrx_word' id='word_1_55' title='bbox 822 837 919 891; x_wconf 83' lang='lat' dir='ltr'><strong>Druso</strong></span> <span class='ocrx_word' id='word_1_56' title='bbox 937 833 1049 892; x_wconf 80' lang='lat' dir='ltr'><strong>&#39;liberii</strong></span> <span class='ocrx_word' id='word_1_57' title='bbox 1067 838 1091 890; x_wconf 86' lang='lat' dir='ltr'><strong>f.</strong></span> <span class='ocrx_word' id='word_1_58' title='bbox 1119 837 1190 890; x_wconf 84' lang='lat' dir='ltr'><strong>duos</strong></span> <span class='ocrx_word' id='word_1_59' title='bbox 1220 833 1321 888; x_wconf 79' lang='lat' dir='ltr'><strong>civilis</strong></span> <span class='ocrx_word' id='word_1_60' title='bbox 1348 849 1388 888; x_wconf 90' lang='lat' dir='ltr'><strong>se-</strong></span> 
     </span>
     <span class='ocr_line' id='line_1_8' title="bbox 167 905 1386 981; baseline -0.004 -17"><span class='ocrx_word' id='word_1_61' title='bbox 167 927 222 964; x_wconf 76' lang='lat' dir='ltr'><strong>xes</strong></span> <span class='ocrx_word' id='word_1_62' title='bbox 240 907 284 978; x_wconf 89' lang='lat' dir='ltr'><strong>(ut</strong></span> <span class='ocrx_word' id='word_1_63' title='bbox 303 929 348 981; x_wconf 87' lang='lat' dir='ltr'><strong>ap.</strong></span> <span class='ocrx_word' id='word_1_64' title='bbox 360 908 438 968; x_wconf 87' lang='lat' dir='ltr'><strong>Suet.</strong></span> <span class='ocrx_word' id='word_1_65' title='bbox 459 910 483 964; x_wconf 87' lang='lat' dir='ltr'>A</span> <span class='ocrx_word' id='word_1_66' title='bbox 525 947 532 962; x_wconf 93' lang='lat'><strong>.</strong></span> <span class='ocrx_word' id='word_1_67' title='bbox 551 913 596 966; x_wconf 85' lang='grc'><strong>31.</strong></span> <span class='ocrx_word' id='word_1_68' title='bbox 615 913 674 966; x_wconf 86' lang='lat'><strong>101.</strong></span> <span class='ocrx_word' id='word_1_69' title='bbox 696 907 757 962; x_wconf 80' lang='lat' dir='ltr'><strong>cat.</strong></span> <span class='ocrx_word' id='word_1_70' title='bbox 778 907 815 974; x_wconf 83' lang='lat'><strong>7.)</strong></span> <span class='ocrx_word' id='word_1_71' title='bbox 835 909 922 962; x_wconf 80' lang='lat' dir='ltr'><strong>simoi</strong></span> <span class='ocrx_word' id='word_1_72' title='bbox 939 909 1022 962; x_wconf 78' lang='lat' dir='ltr'><strong>saiso</strong></span> <span class='ocrx_word' id='word_1_73' title='bbox 1041 915 1100 962; x_wconf 87' lang='lat' dir='ltr'><strong>est.-</strong></span> <span class='ocrx_word' id='word_1_74' title='bbox 1118 909 1198 961; x_wconf 88' lang='lat' dir='ltr'><strong>disce</strong></span> <span class='ocrx_word' id='word_1_75' title='bbox 1216 925 1248 962; x_wconf 88' lang='lat' dir='ltr'><strong>er</strong></span> <span class='ocrx_word' id='word_1_76' title='bbox 1304 905 1386 970; x_wconf 85' lang='lat' dir='ltr'><strong>hine,</strong></span> 
     </span>
     <span class='ocr_line' id='line_1_9' title="bbox 170 928 1388 1053; baseline -0.004 -19"><span class='ocrx_word' id='word_1_77' title='bbox 170 981 247 1053; x_wconf 90' lang='lat' dir='ltr'><strong>quod</strong></span> <span class='ocrx_word' id='word_1_78' title='bbox 265 981 393 1035; x_wconf 89' lang='lat' dir='ltr'><strong>nondum</strong></span> <span class='ocrx_word' id='word_1_79' title='bbox 411 928 644 1049; x_wconf 50' lang='lat' dir='ltr'><strong>sliiffiberiurn</strong></span> <span class='ocrx_word' id='word_1_80' title='bbox 663 979 750 1032; x_wconf 89' lang='lat' dir='ltr'><strong>illum</strong></span> <span class='ocrx_word' id='word_1_81' title='bbox 768 977 858 1034; x_wconf 86' lang='lat' dir='ltr'><strong>Drusi</strong></span> <span class='ocrx_word' id='word_1_82' title='bbox 876 981 911 1034; x_wconf 77' lang='lat' dir='ltr'><strong>F.</strong></span> <span class='ocrx_word' id='word_1_83' title='bbox 930 979 1043 1037; x_wconf 86' lang='lat' dir='ltr'><strong>Tiberii</strong></span> <span class='ocrx_word' id='word_1_84' title='bbox 1061 981 1109 1048; x_wconf 92' lang='grc' dir='ltr'><strong>Ν.,</strong></span> <span class='ocrx_word' id='word_1_85' title='bbox 1129 997 1215 1050; x_wconf 58' lang='lat' dir='ltr'><strong>wem</strong></span> <span class='ocrx_word' id='word_1_86' title='bbox 1258 979 1323 1032; x_wconf 84' lang='lat' dir='ltr'><strong>aius</strong></span> <span class='ocrx_word' id='word_1_87' title='bbox 1342 997 1388 1029; x_wconf 84' lang='lat' dir='ltr'><strong>su-</strong></span> 
     </span>
     <span class='ocr_line' id='line_1_10' title="bbox 169 1047 1386 1138; baseline -0.005 -32"><span class='ocrx_word' id='word_1_88' title='bbox 169 1053 265 1120; x_wconf 89' lang='lat' dir='ltr'><strong>stulit,</strong></span> <span class='ocrx_word' id='word_1_89' title='bbox 281 1053 462 1126; x_wconf 70' lang='lat' dir='ltr'><strong>superfuisse</strong></span> <span class='ocrx_word' id='word_1_90' title='bbox 481 1072 517 1108; x_wconf 84' lang='lat' dir='ltr'><strong>ex</strong></span> <span class='ocrx_word' id='word_1_91' title='bbox 533 1051 581 1104; x_wconf 86' lang='lat' dir='ltr'><strong>his</strong></span> <span class='ocrx_word' id='word_1_92' title='bbox 600 1053 725 1130; x_wconf 78' lang='lat' dir='ltr'><strong>geminis</strong></span> <span class='ocrx_word' id='word_1_93' title='bbox 750 1059 780 1104; x_wconf 90' lang='lat' dir='ltr'><strong>et</strong></span> <span class='ocrx_word' id='word_1_94' title='bbox 795 1051 858 1104; x_wconf 87' lang='lat' dir='ltr'><strong>ideo</strong></span> <span class='ocrx_word' id='word_1_95' title='bbox 875 1053 1025 1108; x_wconf 85' lang='lat' dir='ltr'><strong>Gemellum</strong></span> <span class='ocrx_word' id='word_1_96' title='bbox 1036 1052 1287 1138; x_wconf 66' lang='lat' dir='ltr'><strong>cognominatum</strong></span> <span class='ocrx_word' id='word_1_97' title='bbox 1309 1047 1386 1118; x_wconf 73' lang='lat' dir='ltr'><strong>lips.</strong></span> 
     </span>
     <span class='ocr_line' id='line_1_11' title="bbox 170 1121 1387 1200; baseline -0.004 -22"><span class='ocrx_word' id='word_1_98' title='bbox 170 1123 216 1179; x_wconf 82' lang='lat' dir='ltr'><strong>Cf.</strong></span> <span class='ocrx_word' id='word_1_99' title='bbox 236 1124 273 1178; x_wconf 88' lang='lat' dir='ltr'><strong>ad</strong></span> <span class='ocrx_word' id='word_1_100' title='bbox 289 1125 316 1190; x_wconf 89' lang='grc'><strong>6,</strong></span> <span class='ocrx_word' id='word_1_101' title='bbox 334 1125 380 1190; x_wconf 98' lang='grc'><strong>46,</strong></span> <span class='ocrx_word' id='word_1_102' title='bbox 399 1126 427 1182; x_wconf 85' lang='grc'><strong>1.</strong></span> <span class='ocrx_word' id='word_1_103' title='bbox 471 1125 583 1192; x_wconf 86' lang='lat' dir='ltr'><strong>„Drusi</strong></span> <span class='ocrx_word' id='word_1_104' title='bbox 609 1131 637 1178; x_wconf 90' lang='lat' dir='ltr'><strong>et</strong></span> <span class='ocrx_word' id='word_1_105' title='bbox 660 1121 773 1176; x_wconf 85' lang='lat' dir='ltr'><strong>Tiberii</strong></span> <span class='ocrx_word' id='word_1_106' title='bbox 799 1124 994 1200; x_wconf 76' lang='lat' dir='ltr'><strong>gemellorum</strong></span> <span class='ocrx_word' id='word_1_107' title='bbox 1018 1130 1113 1194; x_wconf 72' lang='lat' dir='ltr'><strong>capite</strong></span> <span class='ocrx_word' id='word_1_108' title='bbox 1136 1139 1151 1175; x_wconf 87' lang='lat' dir='ltr'><strong>e</strong></span> <span class='ocrx_word' id='word_1_109' title='bbox 1178 1138 1269 1175; x_wconf 90' lang='lat' dir='ltr'><strong>cornu</strong></span> <span class='ocrx_word' id='word_1_110' title='bbox 1288 1137 1324 1173; x_wconf 92' lang='lat' dir='ltr'><strong>co</strong></span> <span class='ocrx_word' id='word_1_111' title='bbox 1346 1121 1387 1173; x_wconf 86' lang='lat' dir='ltr'><strong>iae</strong></span> 
     </span>
    </p>

    <p class='ocr_par' dir='ltr' id='par_1_4' title="bbox 149 1190 1386 1272">
     <span class='ocr_line' id='line_1_12' title="bbox 149 1190 1386 1272; baseline -0.006 -22"><span class='ocrx_word' id='word_1_112' title='bbox 149 1196 320 1272; x_wconf 76' lang='lat' dir='ltr'><strong>¹surgentia</strong></span> <span class='ocrx_word' id='word_1_113' title='bbox 339 1193 457 1250; x_wconf 80' lang='lat' dir='ltr'><strong>exhibet</strong></span> <span class='ocrx_word' id='word_1_114' title='bbox 474 1213 579 1250; x_wconf 87' lang='lat' dir='ltr'><strong>numus</strong></span> <span class='ocrx_word' id='word_1_115' title='bbox 597 1193 695 1251; x_wconf 84' lang='lat' dir='ltr'><strong>Drusi.</strong></span> <span class='ocrx_word' id='word_1_116' title='bbox 715 1210 744 1244; x_wconf 84' lang='lat' dir='ltr'><strong>v.</strong></span> <span class='ocrx_word' id='word_1_117' title='bbox 764 1191 902 1248; x_wconf 84' lang='lat' dir='ltr'><strong>Torreat.</strong></span> <span class='ocrx_word' id='word_1_118' title='bbox 922 1197 958 1250; x_wconf 83' lang='lat' dir='ltr'><strong>ad</strong></span> <span class='ocrx_word' id='word_1_119' title='bbox 976 1193 1054 1249; x_wconf 89' lang='lat' dir='ltr'><strong>Suet.</strong></span> <span class='ocrx_word' id='word_1_120' title='bbox 1075 1192 1138 1247; x_wconf 86' lang='lat' dir='ltr'><strong>Gal.</strong></span> <span class='ocrx_word' id='word_1_121' title='bbox 1152 1195 1195 1249; x_wconf 88' lang='grc'><strong>15.</strong></span> <span class='ocrx_word' id='word_1_122' title='bbox 1215 1199 1245 1246; x_wconf 87' lang='lat' dir='ltr'><strong>et</strong></span> <span class='ocrx_word' id='word_1_123' title='bbox 1262 1191 1308 1245; x_wconf 81' lang='lat' dir='ltr'><strong>Ec</strong></span> <span class='ocrx_word' id='word_1_124' title='bbox 1353 1190 1386 1243; x_wconf 89' lang='lat' dir='ltr'><strong>el.</strong></span> 
     </span>
    </p>
   </div>
   <div class='ocr_carea' id='block_1_4' title="bbox 81 1263 1388 1341">
    <p class='ocr_par' dir='ltr' id='par_1_5' title="bbox 81 1263 1388 1341">
     <span class='ocr_line' id='line_1_13' title="bbox 81 1263 1388 1341; baseline -0.003 -21"><span class='ocrx_word' id='word_1_125' title='bbox 81 1273 82 1278; x_wconf 78' lang='grc'>’</span> <span class='ocrx_word' id='word_1_126' title='bbox 169 1265 262 1322; x_wconf 85' lang='lat' dir='ltr'><strong>doctr.</strong></span> <span class='ocrx_word' id='word_1_127' title='bbox 282 1266 345 1322; x_wconf 86' lang='lat' dir='ltr'><strong>NN.</strong></span> <span class='ocrx_word' id='word_1_128' title='bbox 364 1265 429 1320; x_wconf 85' lang='lat' dir='ltr'><strong>vol.</strong></span> <span class='ocrx_word' id='word_1_129' title='bbox 448 1267 497 1320; x_wconf 84' lang='lat' dir='ltr'><strong>vt.</strong></span> <span class='ocrx_word' id='word_1_130' title='bbox 516 1285 547 1340; x_wconf 89' lang='lat' dir='ltr'><strong>p.</strong></span> <span class='ocrx_word' id='word_1_131' title='bbox 566 1269 628 1322; x_wconf 86' lang='grc'><strong>164.</strong></span> <span class='ocrx_word' id='word_1_132' title='bbox 648 1263 737 1322; x_wconf 83' lang='grc'><strong>167.“</strong></span> <span class='ocrx_word' id='word_1_133' title='bbox 754 1264 823 1318; x_wconf 83' lang='lat' dir='ltr'><strong>Era.</strong></span> <span class='ocrx_word' id='word_1_134' title='bbox 845 1274 873 1320; x_wconf 90' lang='lat' dir='ltr'><strong>et</strong></span> <span class='ocrx_word' id='word_1_135' title='bbox 892 1265 986 1322; x_wconf 85' lang='lat' dir='ltr'><strong>Oderl.</strong></span> <span class='ocrx_word' id='word_1_136' title='bbox 1023 1263 1067 1319; x_wconf 86' lang='lat' dir='ltr'><strong>De</strong></span> <span class='ocrx_word' id='word_1_137' title='bbox 1084 1263 1132 1317; x_wconf 87' lang='lat' dir='ltr'><strong>his</strong></span> <span class='ocrx_word' id='word_1_138' title='bbox 1151 1263 1285 1341; x_wconf 80' lang='lat' dir='ltr'><strong>gemellis</strong></span> <span class='ocrx_word' id='word_1_139' title='bbox 1314 1281 1344 1316; x_wconf 84' lang='lat' dir='ltr'><strong>v.</strong></span> <span class='ocrx_word' id='word_1_140' title='bbox 1362 1265 1388 1328; x_wconf 84' lang='grc'><strong>4,</strong></span> 
     </span>
    </p>
   </div>
   <div class='ocr_carea' id='block_1_5' title="bbox 168 1331 1393 1908">
    <p class='ocr_par' dir='ltr' id='par_1_6' title="bbox 168 1331 1390 1768">
     <span class='ocr_line' id='line_1_14' title="bbox 169 1331 1390 1406; baseline -0.007 -14"><span class='ocrx_word' id='word_1_141' title='bbox 169 1335 220 1392; x_wconf 71' lang='grc' dir='ltr'><strong>15.Ι</strong></span> <span class='ocrx_word' id='word_1_142' title='bbox 234 1341 263 1404; x_wconf 88' lang='grc'><strong>6,</strong></span> <span class='ocrx_word' id='word_1_143' title='bbox 276 1340 320 1394; x_wconf 81' lang='grc'><strong>46.</strong></span> <span class='ocrx_word' id='word_1_144' title='bbox 336 1335 392 1390; x_wconf 87' lang='lat' dir='ltr'><strong>Dio</strong></span> <span class='ocrx_word' id='word_1_145' title='bbox 410 1339 455 1406; x_wconf 87' lang='grc'><strong>57,</strong></span> <span class='ocrx_word' id='word_1_146' title='bbox 476 1341 519 1396; x_wconf 87' lang='grc'><strong>14.</strong></span> <span class='ocrx_word' id='word_1_147' title='bbox 533 1337 609 1392; x_wconf 87' lang='lat' dir='ltr'><strong>Vell.</strong></span> <span class='ocrx_word' id='word_1_148' title='bbox 620 1339 648 1404; x_wconf 86' lang='grc'><strong>1,</strong></span> <span class='ocrx_word' id='word_1_149' title='bbox 668 1339 730 1392; x_wconf 82' lang='grc'><strong>130.</strong></span> <span class='ocrx_word' id='word_1_150' title='bbox 751 1335 785 1390; x_wconf 88' lang='lat' dir='ltr'><strong>de</strong></span> <span class='ocrx_word' id='word_1_151' title='bbox 796 1335 872 1390; x_wconf 85' lang='lat' dir='ltr'><strong>Iulia</strong></span> <span class='ocrx_word' id='word_1_152' title='bbox 884 1339 955 1406; x_wconf 80' lang='lat' dir='ltr'><strong>filia,</strong></span> <span class='ocrx_word' id='word_1_153' title='bbox 976 1335 1042 1390; x_wconf 86' lang='lat' dir='ltr'><strong>coni</strong></span> <span class='ocrx_word' id='word_1_154' title='bbox 1084 1335 1232 1390; x_wconf 86' lang='lat' dir='ltr'><strong>eNeronis</strong></span> <span class='ocrx_word' id='word_1_155' title='bbox 1244 1331 1390 1390; x_wconf 83' lang='lat' dir='ltr'><strong>etRubel·</strong></span> 
     </span>
     <span class='ocr_line' id='line_1_15' title="bbox 169 1407 1388 1480; baseline -0.002 -18"><span class='ocrx_word' id='word_1_156' title='bbox 169 1408 205 1462; x_wconf 88' lang='lat' dir='ltr'><strong>lii</strong></span> <span class='ocrx_word' id='word_1_157' title='bbox 223 1407 337 1474; x_wconf 75' lang='lat' dir='ltr'><strong>Blandi,</strong></span> <span class='ocrx_word' id='word_1_158' title='bbox 356 1427 443 1480; x_wconf 68' lang='grc' dir='ltr'>ᾳιιαιιι</span> <span class='ocrx_word' id='word_1_159' title='bbox 463 1407 566 1464; x_wconf 88' lang='lat' dir='ltr'><strong>deinde</strong></span> <span class='ocrx_word' id='word_1_160' title='bbox 584 1409 700 1480; x_wconf 81' lang='lat' dir='ltr'><strong>peperit</strong></span> <span class='ocrx_word' id='word_1_161' title='bbox 718 1407 812 1471; x_wconf 80' lang='lat' dir='ltr'><strong>Livia,</strong></span> <span class='ocrx_word' id='word_1_162' title='bbox 836 1427 864 1461; x_wconf 84' lang='lat' dir='ltr'><strong>v.</strong></span> <span class='ocrx_word' id='word_1_163' title='bbox 879 1411 906 1478; x_wconf 92' lang='grc'><strong>1,</strong></span> <span class='ocrx_word' id='word_1_164' title='bbox 925 1413 970 1467; x_wconf 79' lang='grc'><strong>84.</strong></span> <span class='ocrx_word' id='word_1_165' title='bbox 984 1410 1011 1472; x_wconf 89' lang='grc'><strong>4,</strong></span> <span class='ocrx_word' id='word_1_166' title='bbox 1026 1409 1053 1464; x_wconf 82' lang='grc'><strong>3.</strong></span> <span class='ocrx_word' id='word_1_167' title='bbox 1088 1409 1193 1473; x_wconf 85' lang='grc'><strong>,1.17.</strong></span> <span class='ocrx_word' id='word_1_168' title='bbox 1213 1408 1258 1460; x_wconf 85' lang='grc'><strong>46.</strong></span> <span class='ocrx_word' id='word_1_169' title='bbox 1279 1407 1323 1470; x_wconf 92' lang='grc'><strong>16,</strong></span> <span class='ocrx_word' id='word_1_170' title='bbox 1347 1407 1388 1460; x_wconf 87' lang='grc'><strong>16.</strong></span> 
     </span>
     <span class='ocr_line' id='line_1_16' title="bbox 169 1475 1389 1542; baseline -0.002 -8"><span class='ocrx_word' id='word_1_171' title='bbox 169 1479 241 1534; x_wconf 82' lang='lat' dir='ltr'><strong>daos</strong></span> <span class='ocrx_word' id='word_1_172' title='bbox 258 1479 361 1533; x_wconf 81' lang='lat' dir='ltr'><strong>viriles</strong></span> <span class='ocrx_word' id='word_1_173' title='bbox 378 1495 462 1534; x_wconf 78' lang='lat' dir='ltr'><strong>sexos</strong></span> <span class='ocrx_word' id='word_1_174' title='bbox 480 1479 539 1534; x_wconf 81' lang='lat' dir='ltr'><strong>MS.</strong></span> <span class='ocrx_word' id='word_1_175' title='bbox 559 1480 628 1534; x_wconf 82' lang='lat' dir='ltr'><strong>duos</strong></span> <span class='ocrx_word' id='word_1_176' title='bbox 647 1479 733 1532; x_wconf 83' lang='lat' dir='ltr'><strong>virile</strong></span> <span class='ocrx_word' id='word_1_177' title='bbox 750 1495 831 1532; x_wconf 85' lang='lat' dir='ltr'><strong>secus</strong></span> <span class='ocrx_word' id='word_1_178' title='bbox 856 1483 932 1538; x_wconf 89' lang='lat' dir='ltr'><strong>coni.</strong></span> <span class='ocrx_word' id='word_1_179' title='bbox 960 1479 984 1534; x_wconf 92' lang='lat'><strong>1.</strong></span> <span class='ocrx_word' id='word_1_180' title='bbox 1004 1478 1097 1531; x_wconf 85' lang='lat' dir='ltr'><strong>Gran.</strong></span> <span class='ocrx_word' id='word_1_181' title='bbox 1127 1495 1156 1530; x_wconf 90' lang='lat' dir='ltr'><strong>v.</strong></span> <span class='ocrx_word' id='word_1_182' title='bbox 1180 1475 1216 1530; x_wconf 88' lang='lat' dir='ltr'><strong>sd</strong></span> <span class='ocrx_word' id='word_1_183' title='bbox 1233 1479 1260 1542; x_wconf 91' lang='grc'><strong>4,</strong></span> <span class='ocrx_word' id='word_1_184' title='bbox 1280 1479 1324 1532; x_wconf 86' lang='grc'><strong>61.</strong></span> <span class='ocrx_word' id='word_1_185' title='bbox 1357 1507 1389 1518; x_wconf 92' lang='grc'>-</span> 
     </span>
     <span class='ocr_line' id='line_1_17' title="bbox 168 1547 1389 1624; baseline -0.006 -19"><span class='ocrx_word' id='word_1_186' title='bbox 168 1550 455 1624; x_wconf 82' lang='lat' dir='ltr'><strong>modieiepessatidas,</strong></span> <span class='ocrx_word' id='word_1_187' title='bbox 474 1551 694 1620; x_wconf 82' lang='lat' dir='ltr'><strong>uttaresparos&#39;,</strong></span> <span class='ocrx_word' id='word_1_188' title='bbox 705 1549 814 1620; x_wconf 78' lang='lat' dir='ltr'><strong>exigui,</strong></span> <span class='ocrx_word' id='word_1_189' title='bbox 833 1551 969 1619; x_wconf 79' lang='lat' dir='ltr'><strong>graciles,</strong></span> <span class='ocrx_word' id='word_1_190' title='bbox 989 1547 1117 1617; x_wconf 74' lang='lat' dir='ltr'><strong>angusti,</strong></span> <span class='ocrx_word' id='word_1_191' title='bbox 1134 1563 1283 1618; x_wconf 80' lang='lat' dir='ltr'><strong>pauperes,</strong></span> <span class='ocrx_word' id='word_1_192' title='bbox 1303 1547 1389 1599; x_wconf 88' lang='lat' dir='ltr'><strong>curti.</strong></span> 
     </span>
     <span class='ocr_line' id='line_1_18' title="bbox 169 1620 1390 1694; baseline -0.005 -18"><span class='ocrx_word' id='word_1_193' title='bbox 169 1641 199 1676; x_wconf 88' lang='lat' dir='ltr'><strong>v.</strong></span> <span class='ocrx_word' id='word_1_194' title='bbox 218 1623 255 1678; x_wconf 88' lang='lat' dir='ltr'><strong>sd</strong></span> <span class='ocrx_word' id='word_1_195' title='bbox 273 1623 310 1678; x_wconf 86' lang='lat' dir='ltr'><strong>G.</strong></span> <span class='ocrx_word' id='word_1_196' title='bbox 330 1623 372 1680; x_wconf 79' lang='lat'><strong>15.</strong></span> <span class='ocrx_word' id='word_1_197' title='bbox 391 1640 419 1676; x_wconf 89' lang='lat' dir='ltr'><strong>n.</strong></span> <span class='ocrx_word' id='word_1_198' title='bbox 440 1625 466 1678; x_wconf 93' lang='grc'><strong>1.</strong></span> <span class='ocrx_word' id='word_1_199' title='bbox 488 1631 517 1676; x_wconf 91' lang='lat' dir='ltr'><strong>et</strong></span> <span class='ocrx_word' id='word_1_200' title='bbox 534 1621 629 1676; x_wconf 87' lang='lat' dir='ltr'><strong>Bentl.</strong></span> <span class='ocrx_word' id='word_1_201' title='bbox 649 1621 685 1675; x_wconf 85' lang='lat' dir='ltr'><strong>sd</strong></span> <span class='ocrx_word' id='word_1_202' title='bbox 701 1622 772 1680; x_wconf 80' lang='lat' dir='ltr'><strong>ilar.</strong></span> <span class='ocrx_word' id='word_1_203' title='bbox 791 1623 877 1694; x_wconf 82' lang='lat' dir='ltr'><strong>epist.</strong></span> <span class='ocrx_word' id='word_1_204' title='bbox 898 1627 924 1691; x_wconf 92' lang='grc'><strong>1,</strong></span> <span class='ocrx_word' id='word_1_205' title='bbox 944 1629 971 1689; x_wconf 83' lang='grc'><strong>7,</strong></span> <span class='ocrx_word' id='word_1_206' title='bbox 990 1623 1036 1677; x_wconf 86' lang='grc'><strong>58.</strong></span> <span class='ocrx_word' id='word_1_207' title='bbox 1061 1654 1094 1664; x_wconf 97' lang='grc'>-</span> <span class='ocrx_word' id='word_1_208' title='bbox 1114 1636 1170 1673; x_wconf 83' lang='lat' dir='ltr'><strong>aaa</strong></span> <span class='ocrx_word' id='word_1_209' title='bbox 1188 1620 1390 1687; x_wconf 79' lang='lat' dir='ltr'><strong>temperaverit</strong></span> 
     </span>
     <span class='ocr_line' id='line_1_19' title="bbox 169 1691 1294 1768; baseline -0.005 -20"><span class='ocrx_word' id='word_1_210' title='bbox 169 1691 248 1761; x_wconf 85' lang='lat' dir='ltr'><strong>(sibi)</strong></span> <span class='ocrx_word' id='word_1_211' title='bbox 267 1693 335 1768; x_wconf 82' lang='lat' dir='ltr'><strong>quia</strong></span> <span class='ocrx_word' id='word_1_212' title='bbox 354 1693 495 1746; x_wconf 85' lang='lat' dir='ltr'><strong>iactaret:</strong></span> <span class='ocrx_word' id='word_1_213' title='bbox 535 1711 588 1747; x_wconf 86' lang='lat' dir='ltr'><strong>uae</strong></span> <span class='ocrx_word' id='word_1_214' title='bbox 606 1691 685 1747; x_wconf 87' lang='lat' dir='ltr'><strong>Suet.</strong></span> <span class='ocrx_word' id='word_1_215' title='bbox 706 1693 787 1748; x_wconf 81' lang='lat' dir='ltr'><strong>Caes.</strong></span> <span class='ocrx_word' id='word_1_216' title='bbox 806 1695 850 1750; x_wconf 84' lang='grc'><strong>11.</strong></span> <span class='ocrx_word' id='word_1_217' title='bbox 869 1691 1043 1748; x_wconf 82' lang='lat' dir='ltr'><strong>adverbum</strong></span> <span class='ocrx_word' id='word_1_218' title='bbox 1062 1691 1197 1764; x_wconf 78' lang='lat' dir='ltr'><strong>repetiit3</strong></span> <span class='ocrx_word' id='word_1_219' title='bbox 1220 1691 1294 1744; x_wconf 80' lang='lat' dir='ltr'><strong>Eme.</strong></span> 
     </span>
    </p>

    <p class='ocr_par' dir='ltr' id='par_1_7' title="bbox 171 1761 1393 1908">
     <span class='ocr_line' id='line_1_20' title="bbox 238 1761 1393 1832; baseline -0.005 -12"><span class='ocrx_word' id='word_1_220' title='bbox 238 1767 266 1820; x_wconf 89' lang='grc'><strong>1.</strong></span> <span class='ocrx_word' id='word_1_221' title='bbox 286 1771 384 1818; x_wconf 79' lang='lat' dir='ltr'><strong>auctus</strong></span> <span class='ocrx_word' id='word_1_222' title='bbox 402 1765 505 1818; x_wconf 82' lang='lat' dir='ltr'><strong>tiberis</strong></span> <span class='ocrx_word' id='word_1_223' title='bbox 551 1780 644 1832; x_wconf 83' lang='lat' dir='ltr'><strong>rusus,</strong></span> <span class='ocrx_word' id='word_1_224' title='bbox 663 1783 693 1817; x_wconf 88' lang='lat' dir='ltr'><strong>v.</strong></span> <span class='ocrx_word' id='word_1_225' title='bbox 711 1765 747 1819; x_wconf 85' lang='lat' dir='ltr'><strong>ad</strong></span> <span class='ocrx_word' id='word_1_226' title='bbox 766 1769 791 1830; x_wconf 87' lang='lat'><strong>1,</strong></span> <span class='ocrx_word' id='word_1_227' title='bbox 804 1767 831 1832; x_wconf 78' lang='lat'><strong>³,</strong></span> <span class='ocrx_word' id='word_1_228' title='bbox 843 1766 870 1821; x_wconf 88' lang='grc'><strong>1.</strong></span> <span class='ocrx_word' id='word_1_229' title='bbox 889 1773 919 1820; x_wconf 90' lang='lat' dir='ltr'><strong>et</strong></span> <span class='ocrx_word' id='word_1_230' title='bbox 937 1767 976 1822; x_wconf 87' lang='lat' dir='ltr'><strong>cf.</strong></span> <span class='ocrx_word' id='word_1_231' title='bbox 991 1763 1054 1818; x_wconf 88' lang='lat' dir='ltr'><strong>lud.</strong></span> <span class='ocrx_word' id='word_1_232' title='bbox 1063 1763 1085 1820; x_wconf 90' lang='lat'><strong>1.</strong></span> <span class='ocrx_word' id='word_1_233' title='bbox 1108 1795 1139 1805; x_wconf 93' lang='lat'>—</span> <span class='ocrx_word' id='word_1_234' title='bbox 1151 1767 1269 1831; x_wconf 81' lang='lat' dir='ltr'><strong>urgeret</strong></span> <span class='ocrx_word' id='word_1_235' title='bbox 1279 1761 1393 1816; x_wconf 81' lang='lat' dir='ltr'><strong>damam</strong></span> 
     </span>
     <span class='ocr_line' id='line_1_21' title="bbox 171 1835 829 1908; baseline -0.006 -16"><span class='ocrx_word' id='word_1_236' title='bbox 171 1835 220 1905; x_wconf 81' lang='grc'><strong>(1.,</strong></span> <span class='ocrx_word' id='word_1_237' title='bbox 237 1843 396 1908; x_wconf 87' lang='lat' dir='ltr'><strong>premeret,</strong></span> <span class='ocrx_word' id='word_1_238' title='bbox 415 1835 584 1908; x_wconf 76' lang='lat' dir='ltr'><strong>periculum</strong></span> <span class='ocrx_word' id='word_1_239' title='bbox 602 1835 738 1904; x_wconf 61' lang='lat' dir='ltr'><strong>afferrem</strong></span> <span class='ocrx_word' id='word_1_240' title='bbox 758 1835 829 1890; x_wconf 83' lang='lat' dir='ltr'><strong>Era.</strong></span> 
     </span>
    </p>
   </div>
   <div class='ocr_carea' id='block_1_6' title="bbox 578 1975 981 2045">
    <p class='ocr_par' dir='ltr' id='par_1_8' title="bbox 578 1975 981 2045">
     <span class='ocr_line' id='line_1_22' title="bbox 578 1975 981 2045; baseline -0.002 -1"><span class='ocrx_word' id='word_1_241' title='bbox 578 1975 771 2044; x_wconf 75' lang='lat' dir='ltr'><strong>carus</strong></span> <span class='ocrx_word' id='word_1_242' title='bbox 824 1989 981 2045; x_wconf 72' lang='lat' dir='ltr'><strong>cxxxv.</strong></span> 
     </span>
    </p>
   </div>
   <div class='ocr_carea' id='block_1_7' title="bbox 79 2085 1399 3015">
    <p class='ocr_par' dir='ltr' id='par_1_9' title="bbox 79 2085 1398 2766">
     <span class='ocr_line' id='line_1_23' title="bbox 251 2085 1395 2185; baseline -0.003 -24"><span class='ocrx_word' id='word_1_243' title='bbox 251 2097 374 2162; x_wconf 85' lang='lat' dir='ltr'><strong>Eodem</strong></span> <span class='ocrx_word' id='word_1_244' title='bbox 408 2117 494 2162; x_wconf 90' lang='lat' dir='ltr'><strong>anno</strong></span> <span class='ocrx_word' id='word_1_245' title='bbox 521 2097 690 2185; x_wconf 50' lang='lat' dir='ltr'><strong>*gravibus</strong></span> <span class='ocrx_word' id='word_1_246' title='bbox 726 2105 859 2162; x_wconf 84' lang='lat' dir='ltr'><strong>senatus</strong></span> <span class='ocrx_word' id='word_1_247' title='bbox 889 2097 1033 2162; x_wconf 74' lang='lat' dir='ltr'><strong>decretis</strong></span> <span class='ocrx_word' id='word_1_248' title='bbox 1059 2097 1164 2161; x_wconf 88' lang='lat' dir='ltr'><strong>libido</strong></span> <span class='ocrx_word' id='word_1_249' title='bbox 1191 2085 1395 2160; x_wconf 84' lang='lat' dir='ltr'><strong>feminarum</strong></span> 
     </span>
     <span class='ocr_line' id='line_1_24' title="bbox 170 2182 1396 2280; baseline -0.005 -34"><span class='ocrx_word' id='word_1_250' title='bbox 170 2184 315 2248; x_wconf 84' lang='lat' dir='ltr'><strong>coercita</strong></span> <span class='ocrx_word' id='word_1_251' title='bbox 337 2191 546 2264; x_wconf 81' lang='lat' dir='ltr'><strong>cautumque,</strong></span> <span class='ocrx_word' id='word_1_252' title='bbox 572 2201 614 2242; x_wconf 90' lang='lat' dir='ltr'><strong>ne</strong></span> <span class='ocrx_word' id='word_1_253' title='bbox 636 2189 807 2266; x_wconf 90' lang='lat' dir='ltr'><strong>quaestum</strong></span> <span class='ocrx_word' id='word_1_254' title='bbox 829 2199 972 2280; x_wconf 90' lang='lat' dir='ltr'><strong>corpore</strong></span> <span class='ocrx_word' id='word_1_255' title='bbox 994 2183 1130 2260; x_wconf 85' lang='lat' dir='ltr'><strong>faceret,</strong></span> <span class='ocrx_word' id='word_1_256' title='bbox 1153 2182 1207 2245; x_wconf 90' lang='lat' dir='ltr'><strong>cui</strong></span> <span class='ocrx_word' id='word_1_257' title='bbox 1229 2201 1313 2241; x_wconf 88' lang='lat' dir='ltr'><strong>avus</strong></span> <span class='ocrx_word' id='word_1_258' title='bbox 1337 2187 1396 2240; x_wconf 87' lang='lat' dir='ltr'><strong>aut</strong></span> 
     </span>
     <span class='ocr_line' id='line_1_25' title="bbox 169 2261 1395 2350; baseline -0.006 -20"><span class='ocrx_word' id='word_1_259' title='bbox 169 2276 266 2350; x_wconf 85' lang='lat' dir='ltr'><strong>pater</strong></span> <span class='ocrx_word' id='word_1_260' title='bbox 287 2275 345 2329; x_wconf 91' lang='lat' dir='ltr'><strong>aut</strong></span> <span class='ocrx_word' id='word_1_261' title='bbox 366 2267 508 2330; x_wconf 85' lang='lat' dir='ltr'><strong>meritus</strong></span> <span class='ocrx_word' id='word_1_262' title='bbox 529 2261 634 2346; x_wconf 86' lang='lat' dir='ltr'><strong>Eques</strong></span> <span class='ocrx_word' id='word_1_263' title='bbox 661 2263 827 2328; x_wconf 89' lang='lat' dir='ltr'><strong>Romanus</strong></span> <span class='ocrx_word' id='word_1_264' title='bbox 857 2267 990 2328; x_wconf 77' lang='lat' dir='ltr'><strong>futssct:</strong></span> <span class='ocrx_word' id='word_1_265' title='bbox 1025 2285 1100 2325; x_wconf 89' lang='lat' dir='ltr'><strong>nam</strong></span> <span class='ocrx_word' id='word_1_266' title='bbox 1128 2263 1269 2330; x_wconf 82' lang='lat' dir='ltr'><strong>Vistilia</strong></span> <span class='ocrx_word' id='word_1_267' title='bbox 1295 2283 1395 2346; x_wconf 86' lang='lat' dir='ltr'><strong>prae-</strong></span> 
     </span>
     <span class='ocr_line' id='line_1_26' title="bbox 168 2345 1397 2434; baseline -0.004 -22"><span class='ocrx_word' id='word_1_268' title='bbox 168 2351 259 2412; x_wconf 87' lang='lat' dir='ltr'><strong>toria</strong></span> <span class='ocrx_word' id='word_1_269' title='bbox 286 2350 412 2412; x_wconf 88' lang='lat' dir='ltr'><strong>familia</strong></span> <span class='ocrx_word' id='word_1_270' title='bbox 442 2349 556 2434; x_wconf 80' lang='lat' dir='ltr'><strong>genita</strong></span> <span class='ocrx_word' id='word_1_271' title='bbox 585 2347 755 2410; x_wconf 80' lang='lat' dir='ltr'><strong>licentiam</strong></span> <span class='ocrx_word' id='word_1_272' title='bbox 787 2349 897 2430; x_wconf 86' lang='lat' dir='ltr'><strong>stupri</strong></span> <span class='ocrx_word' id='word_1_273' title='bbox 925 2345 1012 2430; x_wconf 88' lang='lat' dir='ltr'><strong>apud</strong></span> <span class='ocrx_word' id='word_1_274' title='bbox 1040 2345 1162 2410; x_wconf 82' lang='lat' dir='ltr'><strong>aediles</strong></span> <span class='ocrx_word' id='word_1_275' title='bbox 1194 2348 1397 2433; x_wconf 79' lang='lat' dir='ltr'><strong>vulgaverat</strong></span> 
     </span>
     <span class='ocr_line' id='line_1_27' title="bbox 168 2429 1397 2512; baseline -0.004 -18"><span class='ocrx_word' id='word_1_276' title='bbox 168 2451 264 2494; x_wconf 90' lang='lat' dir='ltr'><strong>more</strong></span> <span class='ocrx_word' id='word_1_277' title='bbox 291 2433 381 2494; x_wconf 88' lang='lat' dir='ltr'><strong>inter</strong></span> <span class='ocrx_word' id='word_1_278' title='bbox 407 2441 538 2494; x_wconf 87' lang='lat' dir='ltr'><strong>veteres</strong></span> <span class='ocrx_word' id='word_1_279' title='bbox 560 2437 707 2512; x_wconf 83' lang='lat' dir='ltr'><strong>recepto,</strong></span> <span class='ocrx_word' id='word_1_280' title='bbox 740 2429 799 2512; x_wconf 88' lang='lat' dir='ltr'><strong>qui</strong></span> <span class='ocrx_word' id='word_1_281' title='bbox 824 2433 904 2492; x_wconf 87' lang='lat' dir='ltr'><strong>satis</strong></span> <span class='ocrx_word' id='word_1_282' title='bbox 949 2449 1107 2492; x_wconf 72' lang='lat' dir='ltr'><strong>«senarum</strong></span> <span class='ocrx_word' id='word_1_283' title='bbox 1130 2429 1309 2492; x_wconf 87' lang='lat' dir='ltr'><strong>adversum</strong></span> <span class='ocrx_word' id='word_1_284' title='bbox 1334 2432 1397 2490; x_wconf 87' lang='lat' dir='ltr'><strong>im-</strong></span> 
     </span>
     <span class='ocr_line' id='line_1_28' title="bbox 169 2450 1396 2600; baseline -0.001 -25"><span class='ocrx_word' id='word_1_285' title='bbox 169 2513 306 2596; x_wconf 84' lang='lat' dir='ltr'><strong>pudicas</strong></span> <span class='ocrx_word' id='word_1_286' title='bbox 328 2517 364 2575; x_wconf 90' lang='lat' dir='ltr'><strong>in</strong></span> <span class='ocrx_word' id='word_1_287' title='bbox 385 2516 456 2597; x_wconf 91' lang='lat' dir='ltr'><strong>ipsa</strong></span> <span class='ocrx_word' id='word_1_288' title='bbox 478 2515 687 2596; x_wconf 82' lang='lat' dir='ltr'><strong>professione</strong></span> <span class='ocrx_word' id='word_1_289' title='bbox 712 2513 833 2599; x_wconf 79' lang='lat' dir='ltr'><strong>flagitii</strong></span> <span class='ocrx_word' id='word_1_290' title='bbox 860 2450 1049 2600; x_wconf 76' lang='lat' dir='ltr'><strong>credebant.</strong></span> <span class='ocrx_word' id='word_1_291' title='bbox 1092 2515 1214 2574; x_wconf 86' lang='lat' dir='ltr'><strong>Exacta</strong></span> <span class='ocrx_word' id='word_1_292' title='bbox 1236 2521 1270 2575; x_wconf 88' lang='lat' dir='ltr'><strong>et</strong></span> <span class='ocrx_word' id='word_1_293' title='bbox 1291 2533 1313 2574; x_wconf 86' lang='lat' dir='ltr'><strong>a</strong></span> <span class='ocrx_word' id='word_1_294' title='bbox 1336 2514 1396 2575; x_wconf 85' lang='lat' dir='ltr'><strong>Ti-</strong></span> 
     </span>
     <span class='ocr_line' id='line_1_29' title="bbox 169 2595 1398 2674; baseline -0.001 -15"><span class='ocrx_word' id='word_1_295' title='bbox 169 2595 253 2659; x_wconf 86' lang='lat' dir='ltr'><strong>tidio</strong></span> <span class='ocrx_word' id='word_1_296' title='bbox 275 2597 432 2660; x_wconf 82' lang='lat' dir='ltr'><strong>Labeone</strong></span> <span class='ocrx_word' id='word_1_297' title='bbox 452 2597 608 2658; x_wconf 86' lang='lat' dir='ltr'><strong>Vistiliae</strong></span> <span class='ocrx_word' id='word_1_298' title='bbox 630 2597 762 2674; x_wconf 90' lang='lat' dir='ltr'><strong>marito,</strong></span> <span class='ocrx_word' id='word_1_299' title='bbox 799 2615 862 2656; x_wconf 91' lang='lat' dir='ltr'><strong>cur</strong></span> <span class='ocrx_word' id='word_1_300' title='bbox 887 2599 923 2658; x_wconf 89' lang='lat' dir='ltr'><strong>in</strong></span> <span class='ocrx_word' id='word_1_301' title='bbox 950 2615 1055 2658; x_wconf 88' lang='lat' dir='ltr'><strong>uxore</strong></span> <span class='ocrx_word' id='word_1_302' title='bbox 1083 2595 1196 2659; x_wconf 87' lang='lat' dir='ltr'><strong>delicti</strong></span> <span class='ocrx_word' id='word_1_303' title='bbox 1218 2599 1398 2658; x_wconf 80' lang='lat' dir='ltr'><strong>manifesta</strong></span> 
     </span>
     <span class='ocr_line' id='line_1_30' title="bbox 79 2677 1397 2766; baseline -0.003 -23"><span class='ocrx_word' id='word_1_304' title='bbox 79 2702 80 2711; x_wconf 54' lang='lat'>¹</span> <span class='ocrx_word' id='word_1_305' title='bbox 168 2679 332 2743; x_wconf 87' lang='lat' dir='ltr'><strong>ultionem</strong></span> <span class='ocrx_word' id='word_1_306' title='bbox 354 2679 437 2766; x_wconf 81' lang='lat' dir='ltr'><strong>legis</strong></span> <span class='ocrx_word' id='word_1_307' title='bbox 460 2677 644 2741; x_wconf 73' lang='lat' dir='ltr'><strong>omisisset?</strong></span> <span class='ocrx_word' id='word_1_308' title='bbox 665 2687 763 2761; x_wconf 91' lang='lat' dir='ltr'><strong>atque</strong></span> <span class='ocrx_word' id='word_1_309' title='bbox 784 2678 842 2740; x_wconf 92' lang='lat' dir='ltr'><strong>illo</strong></span> <span class='ocrx_word' id='word_1_310' title='bbox 857 2679 1106 2761; x_wconf 84' lang='lat' dir='ltr'><strong>praetendente,</strong></span> <span class='ocrx_word' id='word_1_311' title='bbox 1128 2682 1301 2766; x_wconf 83' lang='lat' dir='ltr'><strong>sexaginta</strong></span> <span class='ocrx_word' id='word_1_312' title='bbox 1326 2679 1397 2740; x_wconf 90' lang='lat' dir='ltr'><strong>dies</strong></span> 
     </span>
    </p>

    <p class='ocr_par' dir='ltr' id='par_1_10' title="bbox 145 2759 1399 3015">
     <span class='ocr_line' id='line_1_31' title="bbox 145 2759 1398 2844; baseline -0.001 -19"><span class='ocrx_word' id='word_1_313' title='bbox 145 2761 211 2825; x_wconf 88' lang='lat' dir='ltr'><strong>&#39;ad</strong></span> <span class='ocrx_word' id='word_1_314' title='bbox 240 2759 494 2824; x_wconf 89' lang='lat' dir='ltr'><strong>consultandum</strong></span> <span class='ocrx_word' id='word_1_315' title='bbox 529 2761 624 2824; x_wconf 89' lang='lat' dir='ltr'><strong>datos</strong></span> <span class='ocrx_word' id='word_1_316' title='bbox 660 2759 799 2824; x_wconf 86' lang='lat' dir='ltr'><strong>necdum</strong></span> <span class='ocrx_word' id='word_1_317' title='bbox 833 2763 1059 2844; x_wconf 85' lang='lat' dir='ltr'><strong>praeteriisse,</strong></span> <span class='ocrx_word' id='word_1_318' title='bbox 1099 2764 1178 2826; x_wconf 67' lang='lat' dir='ltr'><strong>satis</strong></span> <span class='ocrx_word' id='word_1_319' title='bbox 1210 2765 1324 2825; x_wconf 87' lang='lat' dir='ltr'><strong>visum</strong></span> <span class='ocrx_word' id='word_1_320' title='bbox 1357 2761 1398 2824; x_wconf 92' lang='lat' dir='ltr'><strong>de</strong></span> 
     </span>
     <span class='ocr_line' id='line_1_32' title="bbox 168 2843 1399 2927; baseline 0.002 -21"><span class='ocrx_word' id='word_1_321' title='bbox 168 2845 305 2909; x_wconf 85' lang='lat' dir='ltr'><strong>Vistilia</strong></span> <span class='ocrx_word' id='word_1_322' title='bbox 325 2853 492 2921; x_wconf 73' lang='lat' dir='ltr'><strong>statueres</strong></span> <span class='ocrx_word' id='word_1_323' title='bbox 514 2864 617 2926; x_wconf 87' lang='lat' dir='ltr'><strong>eaque</strong></span> <span class='ocrx_word' id='word_1_324' title='bbox 638 2845 672 2906; x_wconf 90' lang='lat' dir='ltr'><strong>in</strong></span> <span class='ocrx_word' id='word_1_325' title='bbox 692 2845 834 2906; x_wconf 85' lang='lat' dir='ltr'><strong>insulam</strong></span> <span class='ocrx_word' id='word_1_326' title='bbox 845 2843 1014 2927; x_wconf 82' lang='lat' dir='ltr'><strong>Seriphon</strong></span> <span class='ocrx_word' id='word_1_327' title='bbox 1036 2843 1147 2908; x_wconf 86' lang='lat' dir='ltr'><strong>abdita</strong></span> <span class='ocrx_word' id='word_1_328' title='bbox 1167 2855 1229 2909; x_wconf 88' lang='lat' dir='ltr'><strong>est.</strong></span> <span class='ocrx_word' id='word_1_329' title='bbox 1272 2846 1399 2908; x_wconf 83' lang='lat' dir='ltr'><strong>Actum</strong></span> 
     </span>
     <span class='ocr_line' id='line_1_33' title="bbox 169 2925 1398 3015; baseline 0 -24"><span class='ocrx_word' id='word_1_330' title='bbox 169 2936 205 2991; x_wconf 88' lang='lat' dir='ltr'><strong>et</strong></span> <span class='ocrx_word' id='word_1_331' title='bbox 225 2927 267 2990; x_wconf 94' lang='lat' dir='ltr'><strong>de</strong></span> <span class='ocrx_word' id='word_1_332' title='bbox 287 2929 391 2992; x_wconf 87' lang='lat' dir='ltr'><strong>sacris</strong></span> <span class='ocrx_word' id='word_1_333' title='bbox 412 2928 588 3015; x_wconf 78' lang='lat' dir='ltr'><strong>Aegyptiis</strong></span> <span class='ocrx_word' id='word_1_334' title='bbox 609 2925 816 3010; x_wconf 86' lang='lat' dir='ltr'><strong>Iudaicisque</strong></span> <span class='ocrx_word' id='word_1_335' title='bbox 843 2927 1019 3009; x_wconf 85' lang='lat' dir='ltr'><strong>pellendis,</strong></span> <span class='ocrx_word' id='word_1_336' title='bbox 1046 2931 1232 3012; x_wconf 87' lang='lat' dir='ltr'><strong>factumque</strong></span> <span class='ocrx_word' id='word_1_337' title='bbox 1253 2928 1398 2992; x_wconf 81' lang='lat' dir='ltr'><strong>Petrum</strong></span> 
     </span>
    </p>
   </div>
   <div class='ocr_carea' id='block_1_8' title="bbox 95 3009 1400 3155">
    <p class='ocr_par' dir='ltr' id='par_1_11' title="bbox 95 3009 1400 3155">
     <span class='ocr_line' id='line_1_34' title="bbox 95 3009 1400 3155; baseline 0 -81"><span class='ocrx_word' id='word_1_338' title='bbox 95 3055 96 3058; x_wconf 19' lang='grc' dir='ltr'><strong>κ</strong></span> <span class='ocrx_word' id='word_1_339' title='bbox 170 3012 373 3092; x_wconf 87' lang='lat' dir='ltr'><strong>consultum,</strong></span> <span class='ocrx_word' id='word_1_340' title='bbox 401 3020 441 3074; x_wconf 89' lang='lat' dir='ltr'><strong>ut</strong></span> <span class='ocrx_word' id='word_1_341' title='bbox 456 3020 607 3155; x_wconf 52' lang='lat' dir='ltr'><strong>(quatuor</strong></span> <span class='ocrx_word' id='word_1_342' title='bbox 627 3011 734 3074; x_wconf 88' lang='lat' dir='ltr'><strong>miliia</strong></span> <span class='ocrx_word' id='word_1_343' title='bbox 755 3009 907 3072; x_wconf 89' lang='lat' dir='ltr'><strong>libertini</strong></span> <span class='ocrx_word' id='word_1_344' title='bbox 933 3013 1065 3098; x_wconf 77' lang='lat' dir='ltr'><strong>generis</strong></span> <span class='ocrx_word' id='word_1_345' title='bbox 1095 3031 1134 3073; x_wconf 90' lang='lat' dir='ltr'><strong>ee</strong></span> <span class='ocrx_word' id='word_1_346' title='bbox 1154 3014 1400 3094; x_wconf 87' lang='lat' dir='ltr'><strong>superstitione</strong></span> 
     </span>
    </p>
   </div>
   <div class='ocr_carea' id='block_1_9' title="bbox 169 3093 1400 3340">
    <p class='ocr_par' dir='ltr' id='par_1_12' title="bbox 169 3093 1400 3340">
     <span class='ocr_line' id='line_1_35' title="bbox 169 3093 1400 3182; baseline -0.001 -25"><span class='ocrx_word' id='word_1_347' title='bbox 169 3095 303 3174; x_wconf 89' lang='lat' dir='ltr'><strong>infecta,</strong></span> <span class='ocrx_word' id='word_1_348' title='bbox 337 3096 412 3182; x_wconf 86' lang='lat' dir='ltr'><strong>quis</strong></span> <span class='ocrx_word' id='word_1_349' title='bbox 440 3097 453 3156; x_wconf 89' lang='lat' dir='ltr'><strong>i</strong></span> <span class='ocrx_word' id='word_1_350' title='bbox 478 3114 561 3156; x_wconf 91' lang='lat' dir='ltr'><strong>onea</strong></span> <span class='ocrx_word' id='word_1_351' title='bbox 588 3102 689 3173; x_wconf 84' lang='lat' dir='ltr'><strong>aetas,</strong></span> <span class='ocrx_word' id='word_1_352' title='bbox 727 3096 762 3155; x_wconf 89' lang='lat' dir='ltr'><strong>in</strong></span> <span class='ocrx_word' id='word_1_353' title='bbox 801 3093 944 3156; x_wconf 88' lang='lat' dir='ltr'><strong>insulam</strong></span> <span class='ocrx_word' id='word_1_354' title='bbox 971 3095 1159 3156; x_wconf 88' lang='lat' dir='ltr'><strong>Sardiniam</strong></span> <span class='ocrx_word' id='word_1_355' title='bbox 1185 3097 1400 3158; x_wconf 88' lang='lat' dir='ltr'><strong>veherentur</strong></span> 
     </span>
     <span class='ocr_line' id='line_1_36' title="bbox 170 3175 1400 3265; baseline -0.002 -25"><span class='ocrx_word' id='word_1_356' title='bbox 170 3175 363 3242; x_wconf 84' lang='lat' dir='ltr'><strong>coercendis</strong></span> <span class='ocrx_word' id='word_1_357' title='bbox 384 3179 456 3240; x_wconf 90' lang='lat' dir='ltr'><strong>illic</strong></span> <span class='ocrx_word' id='word_1_358' title='bbox 477 3179 673 3257; x_wconf 89' lang='lat' dir='ltr'><strong>latrociniis,</strong></span> <span class='ocrx_word' id='word_1_359' title='bbox 703 3185 747 3256; x_wconf 89' lang='lat' dir='ltr'><strong>et,</strong></span> <span class='ocrx_word' id='word_1_360' title='bbox 776 3177 806 3239; x_wconf 89' lang='lat' dir='ltr'><strong>si</strong></span> <span class='ocrx_word' id='word_1_361' title='bbox 829 3177 870 3238; x_wconf 89' lang='lat' dir='ltr'><strong>ob</strong></span> <span class='ocrx_word' id='word_1_362' title='bbox 898 3181 1100 3265; x_wconf 76' lang='lat' dir='ltr'><strong>gravitatem</strong></span> <span class='ocrx_word' id='word_1_363' title='bbox 1128 3179 1214 3241; x_wconf 90' lang='lat' dir='ltr'><strong>coeli</strong></span> <span class='ocrx_word' id='word_1_364' title='bbox 1243 3179 1400 3242; x_wconf 84' lang='lat' dir='ltr'><strong>interiis-</strong></span> 
     </span>
     <span class='ocr_line' id='line_1_37' title="bbox 170 3259 1400 3340; baseline -0.001 -16"><span class='ocrx_word' id='word_1_365' title='bbox 170 3267 256 3339; x_wconf 88' lang='lat' dir='ltr'><strong>sent,</strong></span> <span class='ocrx_word' id='word_1_366' title='bbox 291 3261 359 3326; x_wconf 88' lang='lat' dir='ltr'><strong>vile</strong></span> <span class='ocrx_word' id='word_1_367' title='bbox 395 3259 567 3336; x_wconf 79' lang='lat' dir='ltr'><strong>damnum3</strong></span> <span class='ocrx_word' id='word_1_368' title='bbox 602 3263 706 3324; x_wconf 88' lang='lat' dir='ltr'><strong>ceteri</strong></span> <span class='ocrx_word' id='word_1_369' title='bbox 737 3259 895 3324; x_wconf 86' lang='lat' dir='ltr'><strong>cederent</strong></span> <span class='ocrx_word' id='word_1_370' title='bbox 922 3259 1029 3340; x_wconf 88' lang='lat' dir='ltr'><strong>Italia,</strong></span> <span class='ocrx_word' id='word_1_371' title='bbox 1070 3262 1136 3323; x_wconf 91' lang='lat' dir='ltr'><strong>nisi</strong></span> <span class='ocrx_word' id='word_1_372' title='bbox 1163 3271 1290 3323; x_wconf 89' lang='lat' dir='ltr'><strong>certam</strong></span> <span class='ocrx_word' id='word_1_373' title='bbox 1321 3271 1400 3324; x_wconf 86' lang='lat' dir='ltr'><strong>ante</strong></span> 
     </span>
    </p>
   </div>
   <div class='ocr_carea' id='block_1_10' title="bbox 170 3342 1399 3518">
    <p class='ocr_par' dir='ltr' id='par_1_13' title="bbox 170 3342 1399 3518">
     <span class='ocr_line' id='line_1_38' title="bbox 170 3342 748 3432; baseline 0.002 -26"><span class='ocrx_word' id='word_1_374' title='bbox 170 3342 260 3432; x_wconf 81' lang='lat' dir='ltr'><strong>diens</strong></span> <span class='ocrx_word' id='word_1_375' title='bbox 281 3347 439 3426; x_wconf 83' lang='lat' dir='ltr'><strong>profanos</strong></span> <span class='ocrx_word' id='word_1_376' title='bbox 462 3347 549 3406; x_wconf 90' lang='lat' dir='ltr'><strong>ritus</strong></span> <span class='ocrx_word' id='word_1_377' title='bbox 572 3345 748 3407; x_wconf 80' lang='lat' dir='ltr'><strong>exuissent.</strong></span> 
     </span>
     <span class='ocr_line' id='line_1_39' title="bbox 242 3443 1399 3518; baseline 0 -20"><span class='ocrx_word' id='word_1_378' title='bbox 242 3447 268 3498; x_wconf 97' lang='lat' dir='ltr'><strong>l.</strong></span> <span class='ocrx_word' id='word_1_379' title='bbox 288 3443 426 3514; x_wconf 74' lang='lat' dir='ltr'><strong>grauidas</strong></span> <span class='ocrx_word' id='word_1_380' title='bbox 443 3451 558 3498; x_wconf 77' lang='lat' dir='ltr'><strong>senatus</strong></span> <span class='ocrx_word' id='word_1_381' title='bbox 578 3443 719 3498; x_wconf 79' lang='lat' dir='ltr'><strong>decretiss</strong></span> <span class='ocrx_word' id='word_1_382' title='bbox 756 3460 906 3514; x_wconf 83' lang='lat' dir='ltr'><strong>„quorum</strong></span> <span class='ocrx_word' id='word_1_383' title='bbox 930 3445 1078 3516; x_wconf 81' lang='lat' dir='ltr'><strong>particula</strong></span> <span class='ocrx_word' id='word_1_384' title='bbox 1101 3443 1173 3500; x_wconf 77' lang='lat' dir='ltr'><strong>haec</strong></span> <span class='ocrx_word' id='word_1_385' title='bbox 1197 3463 1244 3518; x_wconf 83' lang='lat' dir='ltr'><strong>ap.</strong></span> <span class='ocrx_word' id='word_1_386' title='bbox 1264 3443 1399 3500; x_wconf 80' lang='lat' dir='ltr'><strong>Tertull.</strong></span> 
     </span>
    </p>
   </div>
   <div class='ocr_carea' id='block_1_11' title="bbox 53 3513 1401 3586">
    <p class='ocr_par' dir='ltr' id='par_1_14' title="bbox 53 3513 1401 3586">
     <span class='ocr_line' id='line_1_40' title="bbox 53 3513 1401 3586; baseline 0.003 -20"><span class='ocrx_word' id='word_1_387' title='bbox 53 3551 60 3566; x_wconf 90' lang='lat'><strong>.</strong></span> <span class='ocrx_word' id='word_1_388' title='bbox 170 3513 207 3568; x_wconf 88' lang='lat' dir='ltr'><strong>de</strong></span> <span class='ocrx_word' id='word_1_389' title='bbox 224 3514 296 3586; x_wconf 85' lang='lat' dir='ltr'><strong>pall.</strong></span> <span class='ocrx_word' id='word_1_390' title='bbox 326 3533 352 3570; x_wconf 91' lang='lat' dir='ltr'><strong>c.</strong></span> <span class='ocrx_word' id='word_1_391' title='bbox 372 3519 399 3572; x_wconf 83' lang='grc'><strong>4.</strong></span> <span class='ocrx_word' id='word_1_392' title='bbox 436 3517 530 3570; x_wconf 84' lang='lat' dir='ltr'><strong>Hades</strong></span> <span class='ocrx_word' id='word_1_393' title='bbox 552 3522 691 3585; x_wconf 82' lang='lat' dir='ltr'><strong>spectare,</strong></span> <span class='ocrx_word' id='word_1_394' title='bbox 719 3517 794 3585; x_wconf 81' lang='lat' dir='ltr'><strong>quod</strong></span> <span class='ocrx_word' id='word_1_395' title='bbox 824 3515 948 3570; x_wconf 76' lang='lat' dir='ltr'><strong>Caeciae</strong></span> <span class='ocrx_word' id='word_1_396' title='bbox 974 3516 1094 3572; x_wconf 78' lang='lat' dir='ltr'><strong>Seoesass</strong></span> <span class='ocrx_word' id='word_1_397' title='bbox 1119 3517 1253 3585; x_wconf 76' lang='lat' dir='ltr'><strong>gramter</strong></span> <span class='ocrx_word' id='word_1_398' title='bbox 1280 3519 1401 3570; x_wconf 81' lang='lat' dir='ltr'><strong>sessatni</strong></span> 
     </span>
    </p>
   </div>
   <div class='ocr_carea' id='block_1_12' title="bbox 170 3585 1425 4374">
    <p class='ocr_par' dir='ltr' id='par_1_15' title="bbox 170 3585 1425 4374">
     <span class='ocr_line' id='line_1_41' title="bbox 170 3585 1401 3660; baseline 0.002 -21"><span class='ocrx_word' id='word_1_399' title='bbox 170 3585 331 3654; x_wconf 73' lang='lat' dir='ltr'><strong>impressit,</strong></span> <span class='ocrx_word' id='word_1_400' title='bbox 350 3593 482 3642; x_wconf 82' lang='lat' dir='ltr'><strong>matrona</strong></span> <span class='ocrx_word' id='word_1_401' title='bbox 500 3587 563 3641; x_wconf 84' lang='lat' dir='ltr'><strong>siae</strong></span> <span class='ocrx_word' id='word_1_402' title='bbox 580 3587 657 3640; x_wconf 82' lang='lat' dir='ltr'><strong>stola</strong></span> <span class='ocrx_word' id='word_1_403' title='bbox 674 3587 706 3640; x_wconf 85' lang='lat' dir='ltr'><strong>ia</strong></span> <span class='ocrx_word' id='word_1_404' title='bbox 743 3587 843 3640; x_wconf 83' lang='lat' dir='ltr'><strong>adlice.</strong></span> <span class='ocrx_word' id='word_1_405' title='bbox 880 3589 1008 3660; x_wconf 77' lang='lat' dir='ltr'><strong>Denique</strong></span> <span class='ocrx_word' id='word_1_406' title='bbox 1032 3587 1149 3641; x_wconf 62' lang='lat' dir='ltr'><strong>Mutati</strong></span> <span class='ocrx_word' id='word_1_407' title='bbox 1175 3588 1301 3657; x_wconf 75' lang='lat' dir='ltr'><strong>augaria</strong></span> <span class='ocrx_word' id='word_1_408' title='bbox 1332 3607 1401 3642; x_wconf 82' lang='lat' dir='ltr'><strong>coss-</strong></span> 
     </span>
     <span class='ocr_line' id='line_1_42' title="bbox 170 3603 1402 3730; baseline 0.002 -20"><span class='ocrx_word' id='word_1_409' title='bbox 170 3657 267 3724; x_wconf 86' lang='lat' dir='ltr'><strong>sultis,</strong></span> <span class='ocrx_word' id='word_1_410' title='bbox 288 3675 358 3729; x_wconf 85' lang='lat' dir='ltr'><strong>qaae</strong></span> <span class='ocrx_word' id='word_1_411' title='bbox 377 3659 421 3712; x_wconf 85' lang='lat' dir='ltr'><strong>ita</strong></span> <span class='ocrx_word' id='word_1_412' title='bbox 439 3675 499 3713; x_wconf 87' lang='lat' dir='ltr'><strong>sese</strong></span> <span class='ocrx_word' id='word_1_413' title='bbox 517 3603 742 3722; x_wconf 63' lang='lat' dir='ltr'><strong>exauctorassed:</strong></span> <span class='ocrx_word' id='word_1_414' title='bbox 767 3674 821 3726; x_wconf 85' lang='lat' dir='ltr'><strong>pre</strong></span> <span class='ocrx_word' id='word_1_415' title='bbox 840 3665 939 3728; x_wconf 85' lang='lat' dir='ltr'><strong>stupro</strong></span> <span class='ocrx_word' id='word_1_416' title='bbox 960 3665 1026 3713; x_wconf 85' lang='lat' dir='ltr'><strong>erat</strong></span> <span class='ocrx_word' id='word_1_417' title='bbox 1043 3675 1150 3727; x_wconf 85' lang='lat' dir='ltr'><strong>poeaa;</strong></span> <span class='ocrx_word' id='word_1_418' title='bbox 1176 3660 1313 3730; x_wconf 82' lang='lat' dir='ltr'><strong>quoniam</strong></span> <span class='ocrx_word' id='word_1_419' title='bbox 1334 3662 1402 3729; x_wconf 79' lang='lat' dir='ltr'><strong>qai·</strong></span> 
     </span>
     <span class='ocr_line' id='line_1_43' title="bbox 170 3727 1403 3800; baseline 0.002 -16"><span class='ocrx_word' id='word_1_420' title='bbox 170 3729 234 3784; x_wconf 78' lang='lat' dir='ltr'><strong>elesa</strong></span> <span class='ocrx_word' id='word_1_421' title='bbox 251 3729 363 3784; x_wconf 81' lang='lat' dir='ltr'><strong>indices</strong></span> <span class='ocrx_word' id='word_1_422' title='bbox 379 3732 565 3800; x_wconf 80' lang='lat' dir='ltr'><strong>custodesque</strong></span> <span class='ocrx_word' id='word_1_423' title='bbox 578 3729 743 3798; x_wconf 76' lang='lat' dir='ltr'><strong>dignitatis</strong></span> <span class='ocrx_word' id='word_1_424' title='bbox 760 3727 882 3796; x_wconf 77' lang='lat' dir='ltr'><strong>inditus,</strong></span> <span class='ocrx_word' id='word_1_425' title='bbox 909 3739 942 3784; x_wconf 83' lang='lat' dir='ltr'><strong>ut</strong></span> <span class='ocrx_word' id='word_1_426' title='bbox 967 3731 1104 3786; x_wconf 78' lang='lat' dir='ltr'><strong>lenocinii</strong></span> <span class='ocrx_word' id='word_1_427' title='bbox 1128 3731 1288 3798; x_wconf 76' lang='lat' dir='ltr'><strong>factitandi</strong></span> <span class='ocrx_word' id='word_1_428' title='bbox 1306 3733 1403 3800; x_wconf 84' lang='lat' dir='ltr'><strong>impe-</strong></span> 
     </span>
     <span class='ocr_line' id='line_1_44' title="bbox 170 3800 1403 3873; baseline 0.002 -20"><span class='ocrx_word' id='word_1_429' title='bbox 170 3800 307 3869; x_wconf 79' lang='lat' dir='ltr'><strong>dimenta,</strong></span> <span class='ocrx_word' id='word_1_430' title='bbox 326 3802 423 3855; x_wconf 83' lang='lat' dir='ltr'><strong>sedato</strong></span> <span class='ocrx_word' id='word_1_431' title='bbox 442 3803 580 3873; x_wconf 81' lang='lat' dir='ltr'><strong>quaedam</strong></span> <span class='ocrx_word' id='word_1_432' title='bbox 597 3801 838 3868; x_wconf 76' lang='lat' dir='ltr'><strong>‹iesaefecerasst.“</strong></span> <span class='ocrx_word' id='word_1_433' title='bbox 856 3801 936 3871; x_wconf 86' lang='lat' dir='ltr'><strong>Lips.</strong></span> <span class='ocrx_word' id='word_1_434' title='bbox 964 3835 991 3846; x_wconf 91' lang='lat'><em>-</em></span> <span class='ocrx_word' id='word_1_435' title='bbox 1021 3802 1169 3856; x_wconf 80' lang='lat' dir='ltr'><strong>licentiam</strong></span> <span class='ocrx_word' id='word_1_436' title='bbox 1192 3803 1288 3871; x_wconf 79' lang='lat' dir='ltr'><strong>stupri</strong></span> <span class='ocrx_word' id='word_1_437' title='bbox 1320 3805 1403 3872; x_wconf 79' lang='lat' dir='ltr'><strong>apud</strong></span> 
     </span>
     <span class='ocr_line' id='line_1_45' title="bbox 170 3871 1400 3945; baseline 0 -19"><span class='ocrx_word' id='word_1_438' title='bbox 170 3873 298 3939; x_wconf 74' lang='lat' dir='ltr'><strong>Aediles,</strong></span> <span class='ocrx_word' id='word_1_439' title='bbox 325 3873 376 3944; x_wconf 89' lang='lat' dir='ltr'><strong>qui</strong></span> <span class='ocrx_word' id='word_1_440' title='bbox 394 3873 532 3927; x_wconf 81' lang='lat' dir='ltr'><strong>libidines</strong></span> <span class='ocrx_word' id='word_1_441' title='bbox 558 3880 587 3927; x_wconf 90' lang='lat' dir='ltr'><strong>et</strong></span> <span class='ocrx_word' id='word_1_442' title='bbox 610 3871 714 3926; x_wconf 89' lang='lat' dir='ltr'><strong>luxum</strong></span> <span class='ocrx_word' id='word_1_443' title='bbox 732 3873 915 3939; x_wconf 84' lang='lat' dir='ltr'><strong>coercebant,</strong></span> <span class='ocrx_word' id='word_1_444' title='bbox 934 3875 1063 3945; x_wconf 79' lang='lat' dir='ltr'><strong>vulgare,</strong></span> <span class='ocrx_word' id='word_1_445' title='bbox 1103 3874 1226 3930; x_wconf 84' lang='lat' dir='ltr'><strong>rofiteri.</strong></span> <span class='ocrx_word' id='word_1_446' title='bbox 1247 3873 1294 3927; x_wconf 85' lang='lat' dir='ltr'><strong>Cf.</strong></span> <span class='ocrx_word' id='word_1_447' title='bbox 1305 3878 1337 3939; x_wconf 84' lang='lat'><strong>3,</strong></span> <span class='ocrx_word' id='word_1_448' title='bbox 1356 3878 1400 3930; x_wconf 84' lang='grc'><strong>51.</strong></span> 
     </span>
     <span class='ocr_line' id='line_1_46' title="bbox 171 3891 1402 4016; baseline -0.001 -17"><span class='ocrx_word' id='word_1_449' title='bbox 171 3941 198 4010; x_wconf 78' lang='lat' dir='ltr'><strong>i,</strong></span> <span class='ocrx_word' id='word_1_450' title='bbox 218 3945 263 4000; x_wconf 83' lang='grc'><strong>35.</strong></span> <span class='ocrx_word' id='word_1_451' title='bbox 284 3947 328 4012; x_wconf 75' lang='lat' dir='ltr'><strong>ta,</strong></span> <span class='ocrx_word' id='word_1_452' title='bbox 347 3947 391 4000; x_wconf 78' lang='grc'><strong>18.</strong></span> <span class='ocrx_word' id='word_1_453' title='bbox 411 3943 491 3999; x_wconf 84' lang='lat' dir='ltr'><strong>Suet.</strong></span> <span class='ocrx_word' id='word_1_454' title='bbox 511 3943 576 4000; x_wconf 83' lang='lat' dir='ltr'><strong>Tib.</strong></span> <span class='ocrx_word' id='word_1_455' title='bbox 595 3946 638 4000; x_wconf 83' lang='grc'><strong>35.</strong></span> <span class='ocrx_word' id='word_1_456' title='bbox 664 3945 746 4015; x_wconf 74' lang='lat' dir='ltr'><strong>lsips.</strong></span> <span class='ocrx_word' id='word_1_457' title='bbox 774 3945 846 4002; x_wconf 79' lang='lat' dir='ltr'><strong>Exc.</strong></span> <span class='ocrx_word' id='word_1_458' title='bbox 872 3945 945 3998; x_wconf 81' lang='lat' dir='ltr'><strong>xlv.</strong></span> <span class='ocrx_word' id='word_1_459' title='bbox 971 3945 1008 4000; x_wconf 84' lang='lat' dir='ltr'><strong>sd</strong></span> <span class='ocrx_word' id='word_1_460' title='bbox 1030 3891 1106 3999; x_wconf 76' lang='lat' dir='ltr'><strong>And.</strong></span> <span class='ocrx_word' id='word_1_461' title='bbox 1126 3945 1164 3998; x_wconf 95' lang='grc'><strong>11.</strong></span> <span class='ocrx_word' id='word_1_462' title='bbox 1195 3946 1292 4016; x_wconf 86' lang='lat' dir='ltr'><strong>intpp.</strong></span> <span class='ocrx_word' id='word_1_463' title='bbox 1323 3947 1402 4000; x_wconf 88' lang='lat' dir='ltr'><strong>Hor.</strong></span> 
     </span>
     <span class='ocr_line' id='line_1_47' title="bbox 170 4011 1425 4084; baseline 0.002 -15"><span class='ocrx_word' id='word_1_464' title='bbox 170 4011 231 4070; x_wconf 81' lang='lat' dir='ltr'><strong>Sat.</strong></span> <span class='ocrx_word' id='word_1_465' title='bbox 251 4019 277 4082; x_wconf 92' lang='grc'><strong>1,</strong></span> <span class='ocrx_word' id='word_1_466' title='bbox 296 4017 324 4080; x_wconf 88' lang='grc'><strong>1,</strong></span> <span class='ocrx_word' id='word_1_467' title='bbox 344 4019 389 4072; x_wconf 81' lang='grc'><strong>63.</strong></span> <span class='ocrx_word' id='word_1_468' title='bbox 410 4019 455 4071; x_wconf 80' lang='grc'><strong>61.</strong></span> <span class='ocrx_word' id='word_1_469' title='bbox 484 4023 514 4069; x_wconf 87' lang='lat' dir='ltr'><strong>et</strong></span> <span class='ocrx_word' id='word_1_470' title='bbox 538 4014 648 4068; x_wconf 83' lang='lat' dir='ltr'><strong>Tibull.</strong></span> <span class='ocrx_word' id='word_1_471' title='bbox 675 4019 701 4082; x_wconf 91' lang='lat'><strong>1,</strong></span> <span class='ocrx_word' id='word_1_472' title='bbox 721 4017 748 4082; x_wconf 92' lang='grc'><strong>6,</strong></span> <span class='ocrx_word' id='word_1_473' title='bbox 767 4017 813 4070; x_wconf 85' lang='grc'><strong>67.</strong></span> <span class='ocrx_word' id='word_1_474' title='bbox 832 4017 860 4081; x_wconf 92' lang='grc'><strong>4,</strong></span> <span class='ocrx_word' id='word_1_475' title='bbox 879 4020 923 4084; x_wconf 87' lang='grc'><strong>16,</strong></span> <span class='ocrx_word' id='word_1_476' title='bbox 941 4021 968 4074; x_wconf 82' lang='grc'><strong>3.</strong></span> <span class='ocrx_word' id='word_1_477' title='bbox 996 4049 1028 4060; x_wconf 93' lang='lat'>-</span> <span class='ocrx_word' id='word_1_478' title='bbox 1054 4018 1162 4079; x_wconf 74' lang='lat' dir='ltr'><strong>Exacto</strong></span> <span class='ocrx_word' id='word_1_479' title='bbox 1187 4023 1213 4070; x_wconf 89' lang='lat' dir='ltr'><strong>et</strong></span> <span class='ocrx_word' id='word_1_480' title='bbox 1241 4033 1260 4069; x_wconf 86' lang='lat' dir='ltr'><strong>a</strong></span> <span class='ocrx_word' id='word_1_481' title='bbox 1281 4017 1425 4072; x_wconf 51' lang='lat' dir='ltr'><strong>Ts&#39;ts&#39;dio¹</strong></span> 
     </span>
     <span class='ocr_line' id='line_1_48' title="bbox 170 4083 1425 4158; baseline 0.003 -20"><span class='ocrx_word' id='word_1_482' title='bbox 170 4083 230 4138; x_wconf 77' lang='lat' dir='ltr'><strong>MS.</strong></span> <span class='ocrx_word' id='word_1_483' title='bbox 251 4094 281 4140; x_wconf 86' lang='lat' dir='ltr'><strong>et</strong></span> <span class='ocrx_word' id='word_1_484' title='bbox 299 4085 362 4142; x_wconf 90' lang='lat' dir='ltr'><strong>edd.</strong></span> <span class='ocrx_word' id='word_1_485' title='bbox 380 4095 440 4140; x_wconf 91' lang='lat' dir='ltr'><strong>vet.</strong></span> <span class='ocrx_word' id='word_1_486' title='bbox 460 4085 537 4140; x_wconf 90' lang='lat' dir='ltr'><strong>unde</strong></span> <span class='ocrx_word' id='word_1_487' title='bbox 556 4091 589 4140; x_wconf 78' lang='lat' dir='ltr'><strong>sd</strong></span> <span class='ocrx_word' id='word_1_488' title='bbox 608 4085 708 4152; x_wconf 87' lang='lat' dir='ltr'><strong>(ratio)</strong></span> <span class='ocrx_word' id='word_1_489' title='bbox 726 4093 793 4157; x_wconf 88' lang='lat' dir='ltr'><strong>post</strong></span> <span class='ocrx_word' id='word_1_490' title='bbox 810 4087 918 4141; x_wconf 85' lang='lat' dir='ltr'><strong>marito</strong></span> <span class='ocrx_word' id='word_1_491' title='bbox 937 4088 1080 4142; x_wconf 84' lang='lat' dir='ltr'><strong>excidisse</strong></span> <span class='ocrx_word' id='word_1_492' title='bbox 1104 4089 1244 4158; x_wconf 85' lang='lat' dir='ltr'><strong>putebant</strong></span> <span class='ocrx_word' id='word_1_493' title='bbox 1268 4089 1343 4142; x_wconf 83' lang='lat' dir='ltr'><strong>Urs.</strong></span> <span class='ocrx_word' id='word_1_494' title='bbox 1373 4099 1404 4144; x_wconf 91' lang='lat' dir='ltr'><strong>et</strong></span> <span class='ocrx_word' id='word_1_495' title='bbox 1424 4133 1425 4142; x_wconf 71' lang='grc'><strong>,</strong></span> 
     </span>
     <span class='ocr_line' id='line_1_49' title="bbox 171 4155 1403 4227; baseline 0.005 -19"><span class='ocrx_word' id='word_1_496' title='bbox 171 4155 305 4210; x_wconf 66' lang='lat' dir='ltr'><strong>feceras.</strong></span> <span class='ocrx_word' id='word_1_497' title='bbox 341 4157 481 4213; x_wconf 75' lang='lat' dir='ltr'><strong>Exustam</strong></span> <span class='ocrx_word' id='word_1_498' title='bbox 499 4155 563 4210; x_wconf 91' lang='lat' dir='ltr'><strong>edd.</strong></span> <span class='ocrx_word' id='word_1_499' title='bbox 583 4155 668 4210; x_wconf 90' lang='lat' dir='ltr'><strong>rec.“</strong></span> <span class='ocrx_word' id='word_1_500' title='bbox 703 4155 760 4211; x_wconf 90' lang='lat' dir='ltr'><strong>Sed</strong></span> <span class='ocrx_word' id='word_1_501' title='bbox 778 4158 895 4227; x_wconf 77' lang='lat' dir='ltr'><strong>exigere</strong></span> <span class='ocrx_word' id='word_1_502' title='bbox 919 4159 950 4212; x_wconf 87' lang='lat' dir='ltr'><strong>in</strong></span> <span class='ocrx_word' id='word_1_503' title='bbox 978 4158 1032 4213; x_wconf 85' lang='lat' dir='ltr'><strong>tali</strong></span> <span class='ocrx_word' id='word_1_504' title='bbox 1060 4167 1198 4214; x_wconf 87' lang='lat' dir='ltr'><strong>contextu</strong></span> <span class='ocrx_word' id='word_1_505' title='bbox 1224 4167 1403 4216; x_wconf 79' lang='lat' dir='ltr'><strong>constanter</strong></span> 
     </span>
     <span class='ocr_line' id='line_1_50' title="bbox 172 4227 1403 4374; baseline 0.008 -26"><span class='ocrx_word' id='word_1_506' title='bbox 172 4227 1043 4369; x_wconf 52' lang='lat' dir='ltr'><strong>tt.titistetffiafft‘aiftttafa.¹0¹5?</strong></span> <span class='ocrx_word' id='word_1_507' title='bbox 1069 4231 1148 4356; x_wconf 70' lang='lat' dir='ltr'><strong>iii.</strong></span> <span class='ocrx_word' id='word_1_508' title='bbox 1165 4232 1403 4374; x_wconf 57' lang='grc' dir='ltr'><strong>1111.ῑῖ</strong></span> 
     </span>
     <span class='ocr_line' id='line_1_51' title="bbox 356 4335 1045 4367; baseline 0.003 -15"><span class='ocrx_word' id='word_1_509' title='bbox 356 4337 363 4352; x_wconf 72' lang='lat'>0</span> <span class='ocrx_word' id='word_1_510' title='bbox 636 4335 662 4364; x_wconf 64' lang='grc' dir='ltr'><strong>’ν</strong></span> <span class='ocrx_word' id='word_1_511' title='bbox 883 4336 893 4367; x_wconf 73' lang='grc'><em>,</em></span> <span class='ocrx_word' id='word_1_512' title='bbox 1039 4339 1045 4354; x_wconf 87' lang='grc' dir='ltr'>Ι</span> 
     </span>
    </p>
   </div>
   <div class='ocr_carea' id='block_1_13' title="bbox 0 0 1447 4792">
    <p class='ocr_par' dir='ltr' id='par_1_16' title="bbox 0 0 1447 4792">
     <span class='ocr_line' id='line_1_52' title="bbox 0 0 1447 4792; baseline 0 0"><span class='ocrx_word' id='word_1_513' title='bbox 0 0 1447 4792; x_wconf 95' lang='lat' dir='ltr'><strong> </strong></span> 
     </span>
    </p>
   </div>
  </div>
 </body>
</html>
