2872 4792
189 189 255 260 m
421 131 422 136 γ
534 211 537 221 ·
580 185 824 260 ANNtLuJM
842 187 927 252 utu.
951 187 997 252 11.

192 355 374 412 revectionem
389 355 469 409 altra
487 353 703 410 doceateeiamm
721 354 845 424 lapidem
861 361 1007 426 receptam
1018 354 1137 409 omnino
1146 352 1304 410 mafortea
1317 355 1413 410 fuisse

191 447 313 518 onenam
333 427 472 516 mulieri·
485 426 632 550 adulteffip
654 445 671 480 a
692 425 1089 551 peppira3¹2::leritiiargtga11rappti
1131 425 1224 551 iffi?
1243 425 1414 552 izrbniffi‘i:

192 519 256 626 :bures
273 501 411 643 gbbdb’taed
428 501 582 640 ξξῖῑῑῖἰῒρῗ
594 569 616 620 1.
626 514 739 634 beldin
756 585 827 624 vero
843 513 1001 633 Tiberius?
1017 513 1056 620 td,
1067 515 1148 621 aalide
1166 569 1194 622 d.
1213 569 1235 622 1.
1254 583 1414 622 remunere-

192 651 251 710 tur,
271 644 370 708 suasit,
390 641 461 714 quip
514 641 678 709 grauiorem
691 655 812 709 paenam
820 637 1019 710 deprecataet‘
1039 637 1146 694 Waltlt.
1163 639 1333 710 propinquis
1348 641 1415 694 saie

193 723 392 780 removeretur,
411 732 438 768 r·
474 712 522 766 nd.
542 713 595 766 111.
616 713 851 770 abutamur.
872 717 897 768 1.
922 707 1096 766 Ramsboru.
1122 713 1223 768 Gram.
1241 729 1272 784 p·
1291 711 1356 770 219.
1378 743 1412 754 -

192 787 331 840 Adultera
350 783 463 842 Manlia
481 783 571 838 ltalia
589 791 672 856 atque
689 785 795 854 Africa
813 781 999 856 interdictum
1016 788 1069 850 eet,
1088 801 1118 838 v.
1137 783 1173 838 ad
1189 787 1216 850 l,
1235 785 1264 852 3,
1282 786 1310 840 t.
1332 792 1364 838 et
1383 787 1413 852 ³,

192 859 284 926 aa

653 963 847 1021 aanor
896 949 957 1022 ta

275 1054 326 1118 De
347 1061 503 1138 praetore
528 1055 694 1118 inlocum
717 1056 870 1138 Vipsanii
892 1055 990 1132 Galli,
1020 1073 1115 1138 quem
1144 1073 1235 1118 mors
1262 1055 1415 1119 abstule-

193 1148 258 1217 rat,
286 1136 498 1225 subrogando
528 1147 696 1202 certamen
724 1141 869 1202 incessit.
914 1137 1131 1201 Germanicus
1158 1149 1256 1221 etque
1277 1137 1414 1201 Drusus

193 1221 289 1302 (uam
320 1223 420 1284 etiam
447 1229 519 1282 tum
545 1222 667 1284 Romae
694 1222 811 1300 erant)
839 1222 1017 1284 Haterium
1056 1220 1240 1308 Agrippam
1271 1225 1414 1304 propiu-

193 1327 295 1390 quum
317 1305 508 1367 Germanici
538 1305 712 1368 fovebant:
744 1305 1033 1386 contra-plerique
1054 1305 1261 1377 nitebantur,
1289 1313 1331 1366 ut
1352 1326 1414 1366 nu-

191 1407 305 1452 merus
326 1389 510 1450 liberorum
532 1391 567 1448 iu
589 1385 773 1450 candidatis
800 1389 1035 1468 praepolleret,
1065 1386 1153 1472 quod
1180 1387 1233 1450 lex
1261 1387 1412 1454 iubebat.

192 1465 400 1534 Laetabatur
421 1469 590 1549 Tiberius,
622 1491 723 1553 quum
756 1473 844 1532 inter
875 1471 963 1532 filios
995 1473 1066 1533 eius
1098 1481 1133 1532 et
1159 1471 1249 1554 leges
1275 1482 1413 1534 senatus

90 1579 94 1586 ⁴
193 1553 404 1638 disceptaret·
435 1547 536 1615 Victa
551 1564 601 1616 cst
623 1556 694 1615 sine
716 1553 820 1634 dubio
838 1554 914 1630 lex;
936 1551 994 1614 sed
1016 1573 1119 1636 neque
1141 1555 1253 1614 statim
1274 1561 1311 1617 et
1330 1573 1415 1636 pau-

114 2121 119 2132 .
192 2093 263 2130 vero
280 2077 457 2146 Vipsanium,
476 2078 514 2129 Μ.
534 2075 672 2146 Vipsania
710 2131 713 2139 ,

193 1639 240 1700 cis
259 1637 437 1720 suffragiis,
459 1657 525 1716 quo
544 1635 643 1698 modo
665 1638 764 1697 etiarn
781 1655 880 1719 quum
903 1638 1052 1716 valerent
1072 1637 1102 1698 le
1126 1657 1161 1700 es
1178 1637 1413 1698 vincebantur.

262 1724 287 1776 l.
312 1717 448 1788 Vipsaaii
466 1719 560 1772 Gallie
580 1720 611 1771 iu
630 1719 673 1774 ed.
692 1718 783 1772 Bekk.
807 1718 942 1788 Vipstani
960 1717 995 1772 G.
1013 1734 1042 1775 v.
1061 1657 1151 1785 atil,
1164 1721 1209 1784 22,
1229 1723 1255 1774 1.
1275 1751 1306 1762 -
1323 1720 1415 1772 etiam

192 1797 253 1846 tum
268 1807 323 1862 pro
342 1807 366 1843 e.
387 1795 468 1857 auae,
489 1807 524 1844 ex
541 1805 666 1862 persona
683 1788 788 1856 Taciti,
807 1791 839 1843 in
858 1791 983 1844 aliorum
1003 1791 1151 1857 cration03
1178 1791 1250 1845 Era.
1277 1807 1307 1842 r.
1329 1791 1365 1844 ad
1386 1797 1414 1854 l,

191 1865 221 1928 3,
238 1865 266 1918 2.
287 1870 316 1916 et
334 1865 363 1924 2,
381 1866 410 1928 9,
428 1865 455 1917 2.
493 1893 526 1906 -·-
551 1860 586 1915 D.
605 1861 758 1914 Haterium
774 1861 945 1932 Agrippam,
973 1859 1126 1917 v.1nd.1.
1164 1891 1198 1904 -
1220 1863 1415 1932 propinquam

191 1932 364 2000 Gemaaiei,
392 1933 428 1986 de
446 1949 503 2004 quc
522 1931 600 1985 nihil
617 1931 692 1984 mibi
710 1941 906 2004 compertum
927 1931 1005 2002 Dipo.
1041 1931 1241 2000 „Verisimile,
1270 1934 1334 1986 eius
1359 1951 1414 2004 pa-

192 2013 268 2062 trem
292 2005 384 2058 fuisse
409 2005 441 2071 Q.
468 2005 621 2058 Haterium
645 2002 669 2056 A
710 2003 814 2076 'ppam,
840 2004 890 2070 (de
914 2019 971 2075 quo
992 2019 1023 2056 r.
1047 2003 1083 2056 ad
1101 2005 1129 2070 t,
1148 2005 1195 2068 61,
1219 2003 1259 2068 l.)
1284 2013 1414 2060 matu-em

670 2021 764 2152 Εἲς-τί
784 2093 822 2146 pa
840 2083 869 2129 et
888 2073 1025 2128 Marcella
1066 2074 1184 2128 auitam.
1220 2076 1302 2128 Hauc
1330 2077 1414 2129 enim

191 2147 359 2202 Marcellam
423 2147 470 2218 rip
509 2162 664 2201 euxorem
683 2157 750 2200 aute
764 2093 873 2199 baliam
893 2154 922 2200 et
940 2161 977 2199 ex
994 2163 1026 2200 ee
1044 2091 1156 2200 iiberos
1179 2146 1280 2212 fuisse,
1308 2147 1414 2216 prodit

190 2217 272 2274 Suet.
291 2217 366 2292 Aug.
423 2260 430 2272 .
493 2219 581 2271 inunt
597 2216 674 2272 banc
691 2218 889 2271 coniecturam
908 2216 1056 2286 Agrippae
1074 2233 1108 2271 ca
1130 2221 1299 2271 nomentum
1318 2217 1413 2270 Hate-

191 2289 240 2344 rii*
254 2308 289 2343 ex
310 2297 442 2344 materno
460 2307 514 2344 avo
533 2287 737 2360 impositum.“
754 2287 838 2358 Rycl.
858 2288 894 2342 ad
912 2292 939 2356 3,
957 2289 1001 2344 tt.
1037 2235 1169 2356 Quasfsco
1212 2296 1363 2341 omentum
1387 2289 1415 2342 ei

99 2375 101 2382 ·
189 2362 295 2428 fuisse,
307 2357 368 2414 uio
387 2361 418 2413 in
437 2359 500 2415 lud.
519 2361 572 2414 lib.
591 2363 635 2417 57.
655 2361 739 2414 testis
760 2367 819 2426 est,
840 2355 948 2414 Wattt.
967 2357 1130 2437 Agrippina
1182 2360 1324 2414 ermonici
1348 2377 1414 2414 ma·

191 2439 239 2488 ter
257 2440 320 2486 erat
338 2433 376 2485 Μ.
395 2431 525 2504 Vipsanii
544 2431 690 2508 Agrippae
707 2431 786 2498 filia,
813 2431 897 2484 Brut.
1280 2465 1284 2472 -

261 2507 289 2560 2.
303 2509 341 2555 at
359 2519 489 2556 aarum
507 2504 661 2557 liberarant
678 2501 711 2556 ia
728 2502 893 2556 candidatis
907 2502 1109 2573 praepolleret,
1129 2501 1204 2574 quot
1220 2502 1266 2554 ler
1283 2499 1412 2568 iubebat,

192 2591 234 2630 sc.
251 2575 290 2628 Pa
311 2575 339 2628 ia
355 2575 495 2645 Poppaea,
519 2592 591 2645 quae
614 2574 646 2626 in
663 2593 710 2628 ma
734 2575 838 2628 'aratu
863 2581 892 2628 et
916 2583 995 2628 sorte
1017 2575 1236 2645 provinciaram
1262 2575 1415 2644 praetulit

192 2591 368 2717 improfibus
387 2661 445 2731 eos,
465 2645 568 2730 quibus
586 2645 699 2716 proles3
742 2646 797 2714 ipe.
817 2645 862 2700 Gi.
883 2645 918 2698 ad
935 2648 963 2711 3,
982 2647 1029 2710 25.
1048 2649 1072 2701 1.
1089 2647 1118 2712 2,
1136 2645 1181 2702 28·
1197 2647 1247 2728 ο15,
1266 2646 1312 2701 19.
1332 2645 1413 2728 Ptin.

191 2721 349 2854 tatii
368 2725 448 2851 {tem
469 2715 594 2841 titt·
618 2713 1322 2864 ¹³¹}„ffl‘dia22itffitiibaad?ii}
1347 2733 1415 2840 ‘tt

191 2875 289 2914 merus
312 2874 371 2915 uon
393 2857 599 2928 praepolleret.
643 2861 782 2934 sptimum
808 2867 904 2914 autem
931 2859 1100 2944 imperium,
1124 2859 1156 2912 in
1182 2873 1239 2930 qua
1258 2875 1415 2930 uunquam

192 2931 272 3007 leges
291 2931 461 2995 vincuntur,
480 2929 597 2996 bonum,
618 2931 650 2985 in
668 2947 725 3001 quc
743 2945 821 2983 rara.
859 2931 951 2997 Quum
976 2939 1056 2984 inter
1079 2929 1156 2984 filios
1183 2933 1244 2984 eius
1268 2937 1299 2982 et
1326 2929 1415 3006 leges

188 3009 307 3058 senatus
325 3002 368 3055 ita
384 3001 572 3072 disceptaret,
590 3001 751 3056 laetabatur
768 2999 913 3056 Tiberius.
953 2995 1057 3056 Certus
1085 3001 1163 3055 enim
1191 3000 1261 3074 quid
1279 3001 1341 3054 iam
1362 3021 1416 3055 va·

149 3073 154 3094 ¹
190 3073 269 3126 leret
286 3071 477 3132 amicabatur,
500 3071 571 3157 quid
596 3074 628 3127 in
654 3081 805 3144 posterum
824 3073 928 3127 audere
945 3071 1073 3144 posset.“
1102 3073 1184 3130 Brot.
1213 3069 1314 3146 'lag-es
1345 3075 1416 3126 vin-

191 3153 309 3210 cuntur,
328 3161 419 3215 quum
436 3142 577 3210 efficitur,
595 3153 628 3198 ut
647 3153 748 3198 contra
767 3144 848 3221 leges
866 3143 978 3216 aliquid
1000 3143 1065 3212 flat3
1084 3143 1155 3199 ΕΜ.
1184 3175 1214 3188 -·-
1242 3143 1295 3198 ted
1320 3159 1416 3216 aeque

92 3209 96 3226 '
191 3213 292 3270 statim
310 3220 338 3270 et
353 3213 454 3284 pateis
472 3215 634 3294 saffrapiia,
654 3233 683 3268 v.
702 3216 738 3269 ad
757 3217 800 3284 15,
819 3217 863 3281 28,
885 3221 909 3270 l.
929 3223 959 3270 et
977 3215 1014 3269 G.
1032 3218 1060 3272 2.
1079 3233 1109 3268 n.
1129 3217 1156 3274 2.

635 3321 839 3394 capua
881 3338 960 3394 mn

274 3427 397 3492 Eodem
419 3449 505 3491 auno
527 3437 681 3511 coeptum
703 3432 739 3490 in
759 3428 874 3496 Africa
895 3429 1020 3492 bellum
1047 3427 1131 3494 duce
1151 3431 1299 3494 hostium
1320 3431 1417 3495 Tac-

191 3513 346 3576 farinate.
383 3511 422 3573 -Ῑι
444 3514 578 3576 natione
600 3511 746 3576 Numida
768 3515 803 3574 iu
824 3515 942 3576 castris
963 3513 1119 3580 Romanis
1149 3515 1326 3590 auxiliaria
1348 3519 1415 3578 sti·

152 3591 156 3600 “
191 3594 311 3678 pendia
332 3597 483 3673 meritus,
505 3616 582 3658 mox
604 3593 768 3676 desertor,
789 3613 890 3684 vagos
913 3599 1058 3679 primum
1080 3607 1113 3660 et
1128 3599 1313 3660 latrociniis
1333 3621 1418 3662 sue-

191 3687 244 3740 tas
266 3676 485 3762 adpraedam
508 3687 542 3742 et
563 3688 679 3762 raptus
701 3699 922 3766 congregare:
956 3677 1033 3744 dein
1061 3701 1155 3752 more
1182 3681 1326 3746 militiae
1347 3704 1418 3765 per

190 3763 313 3826 vexilla
333 3771 367 3826 et
386 3773 513 3828 turmas
534 3783 746 3846 componere:
779 3771 948 3845 postremo
976 3783 1043 3824 non
1064 3763 1253 3828 inconditae
1275 3767 1418 3844 turbae,

191 3845 252 3934 sed*
265 3845 532 3909 Musulamorum
553 3845 619 3908 dux
640 3847 767 3909 haberi.
811 3845 931 3908 Valida
952 3866 991 3908 ea
1011 3865 1092 3932 gens
1114 3855 1148 3908 et
1167 3848 1419 3912 solitudinibus

191 3927 323 3992 Africae
344 3931 540 4012 propinqua,
567 3930 658 3992 nullo
688 3931 789 3991 ctiam
816 3937 887 3991 tum
910 3929 1170 4006 urbiumaultu,
1197 3936 1287 4014 cepit
1314 3951 1421 3996 arma

191 4009 397 4095 Maurosque
417 4013 543 4075 accolas
566 4014 602 4074 in
623 4011 745 4074 bellum
767 4013 879 4074 traxit.
923 4011 999 4074 Dux
1020 4019 1054 4090 et
1075 4012 1126 4073 his
1148 4012 1325 4096 Mazippa3
1359 4017 1420 4078 di-

191 4097 348 4179 visusque
376 4099 551 4174 exercitus,
578 4103 616 4156 ut
637 4096 830 4158 Tacfarinas
859 4096 960 4158 lectos
986 4098 1080 4158 viros
1109 4103 1143 4158 et
1163 4095 1349 4160 Romanum
1377 4103 1419 4164 in

191 4177 325 4240 modum
348 4187 491 4240 armatos
513 4179 628 4242 castris
649 4182 816 4257 attineret,
845 4177 1024 4263 disciplina
1044 4188 1078 4242 et
1099 4181 1249 4262 imperiis
1276 4201 1421 4246 suesce-

136 4315 139 4336 ,
191 4267 257 4341 ret,
276 4259 432 4346 Mazippa
453 4263 520 4326 levi
550 4281 625 4326 cum
654 4264 748 4344 copia
779 4259 931 4326 incendia
963 4271 998 4324 et
1028 4261 1144 4327 caedes
1174 4273 1212 4328 et»
1238 4271 1422 4330 terrorem
