2872 4792
177 219 240 288 2bi
359 159 367 166 1
569 215 815 284 ANNALIUM
836 215 920 282 tte.
941 215 1001 282 111.

177 395 206 440 et
223 387 382 446 detractae.
418 385 463 441 70.
482 383 601 439 vaenue
618 385 731 438 Cordus
754 391 781 438 et
805 383 837 438 L.
857 383 967 438 Ennius
990 382 1127 438 accurati.
1164 383 1267 437 alteiae
1289 385 1393 454 capito

179 459 257 512 iuria
272 455 469 526 peritissimus
487 463 515 509 et
534 457 677 510 adulator.

248 549 291 604 tt.
319 547 445 600 Fortuna
468 545 619 616 Equestria
644 545 731 600 Antii
752 547 839 600 culto.
884 544 1037 599 Provincia
1062 561 1080 598 a
1101 545 1216 609 {lamine
1233 545 1319 598 Diali
1336 563 1409 600 non·

160 619 416 674 'odnanietranda
454 619 497 674 tr.
515 617 648 670 Basilica
666 615 751 670 Pauli
769 634 787 670 a
805 617 973 686 illepide
992 619 1109 684 resecta.
1144 615 1295 670 Tbeutrum
1311 617 1393 670 Pom·

174 692 236 760 peii
254 695 455 746 restauratum.
493 690 537 744 73.
557 691 601 745 li.
621 689 704 742 lunio
722 689 827 742 Bloeeo
852 688 953 742 Seiani
971 687 1114 754 auunculo,
1134 688 1184 758 qui
1196 705 1242 741 ree
1256 687 1394 742 aduersus

179 761 391 828 Tacfarinatem
419 762 484 813 bene
518 767 660 828 generat,
694 762 762 814 data
793 757 980 828 triumphalia
1013 766 1041 812 et
1068 759 1251 828 imperatoria
1279 760 1392 812 titulus.

176 837 222 890 'lb-
240 835 324 888 Mora
342 831 443 884 Asinii
461 831 593 884 Salonini
611 838 637 886 et
656 831 738 884 Ateii
756 825 914 900 Capitonie.
952 831 1046 884 liuius
1064 837 1092 882 et
1110 829 1238 883 Antistii
1250 829 1394 884 labeonis

173 905 241 958 laus
257 917 402 974 morerque
420 902 539 956 diverti.
569 905 612 960 lb.
641 901 742 956 Iuniae
764 903 878 956 Tertiae
896 903 983 970 turnus
1000 903 1124 980 sollenne
1141 907 1168 956 el
1187 908 1392 956 tentamentum.

245 995 324 1046 ilaec
349 992 473 1046 triennio
497 997 580 1060 geete
602 1007 628 1046 a.
651 992 685 1048 ll.
705 987 871 1060 tte-,tta

175 1085 219 1138 M.
250 1082 417 1138 VALERIO
468 1082 499 1137 (l.
524 1080 695 1136 tunneto

178 1155 335 1208 Tleuttto
359 1153 442 1208 lMP.
470 1153 523 1208 W.
585 1151 715 1206 Druso
740 1153 895 1208 Neroua
917 1154 958 1206 11.

176 1228 209 1281 (i.
235 1225 412 1282 samolo
470 1226 511 1280 tt.
539 1223 712 1280 HATttttlo
737 1223 837 1280 0088.

658 1367 850 1426 CAPUT
892 1369 916 1423 l.

258 1497 354 1560 Nihil
396 1481 585 1560 intermissa
629 1477 842 1583 navigationb
883 1494 1018 1560 hiberni
1059 1497 1161 1561 maria
1206 1495 1395 1583 Agrippina

175 1580 359 1664 Corcyram
389 1581 532 1641 insulam
571 1576 751 1640 advehitur
788 1579 889 1640 litura
921 1578 1096 1642 Calabriae
1126 1587 1245 1642 contra
1282 1584 1393 1644 sitam.

174 1664 248 1726 Illic
269 1681 393 1746 paucos
413 1661 483 1725 dies
504 1661 731 1743 componendo
754 1663 865 1724 animo
891 1662 1039 1736 insumit,
1064 1664 1212 1726 uiolenta
1241 1663 1337 1724 luctu
1361 1674 1394 1726 et

175 1749 285 1810 nescia
307 1745 485 1808 tolerandi.
524 1745 663 1807 Interim
685 1743 831 1806 adventu
859 1745 931 1809 eius
959 1743 1073 1807 audito
1095 1748 1231 1810 intimus
1254 1751 1394 1830 quisque

168 1827 358 1892 'amicorum
380 1838 414 1892 et
434 1829 585 1912 plerique
606 1827 782 1908 militares,
810 1835 850 1889 ut
869 1830 991 1912 quique
1019 1829 1079 1890 sub
1093 1821 1304 1892 'Germanico
1333 1835 1394 1894 sti-

174 1911 293 1996 pendia
324 1916 484 1990 fecerant,
523 1910 683 1994 multique
714 1913 815 1974 etiam
847 1913 954 1997 ignoti
986 1911 1104 1975 vicinia
1136 1933 1154 1975 e
1186 1915 1395 1994 municipiis,

166 2015 251 2078 pars
274 1995 418 2059 officium
446 1997 480 2056 in
506 1995 694 2078 Principem
723 1995 799 2070 rati,
828 1995 941 2076 plures
970 1995 1045 2056 illua
1073 1997 1189 2071 secuti,
1217 2015 1322 2058 ruere
1351 1997 1396 2060 ad

173 2079 333 2163 oppidum
353 2077 581 2156 Brundisium,
613 2076 702 2158 quod
732 2071 903 2166 naviganti
932 2069 1151 2140 celerrimum
1179 2078 1396 2142 fidissimum-

173 2183 236 2246 qnc
268 2163 411 2245 appulsu
442 2169 524 2223 crat.
573 2160 683 2242 Atque
715 2161 774 2222 ubi
805 2163 951 2243 primum
987 2179 1028 2222 ex
1060 2163 1128 2223 alto
1160 2163 1234 2224 vira
1267 2164 1394 2242 classis,

172 2247 382 2328 complentur
402 2265 470 2327 non
491 2241 589 2306 modo
613 2251 730 2327 portus
753 2251 786 2306 et
805 2247 957 2328 proxima
978 2246 1093 2324 maris,
1121 2243 1176 2306 aed
1199 2247 1334 2310 moenia
1356 2267 1396 2308 ac

172 2337 270 2407 tecta,
292 2325 633 2413 quaque'longissime
654 2329 862 2410 prospectari
883 2335 1026 2410 poterat,
1047 2329 1270 2390 moerentium
1293 2327 1396 2392 turba

173 2421 207 2476 et
227 2413 446 2500 rogitantium
476 2413 565 2472 inter
586 2411 840 2487 se,'silentiune
861 2431 904 2474 an
925 2430 1007 2472 voca
1034 2411 1144 2494 aliqua
1165 2409 1396 2497 egredientem

172 2491 385 2578 exciperent!
427 2493 544 2576 Neque
574 2497 656 2558 satis
688 2495 870 2572 constabat,
906 2492 986 2576 quid
1017 2513 1080 2578 pro
1113 2502 1264 2576 tempure
1291 2499 1394 2570 ieret,

172 2599 272 2662 quum
294 2579 406 2642 classis
426 2578 588 2660 paulatim
610 2579 780 2650 successit,
802 2597 869 2639 nou
889 2577 1004 2654 alacri,
1025 2585 1064 2638 nt
1080 2579 1211 2656 assolet,
1233 2583 1395 2666 remigio,

171 2660 230 2724 aad
242 2662 368 2724 cunctis
380 2659 422 2723 ad
434 2661 608 2721 tristitiam
618 2663 821 2743 compositis.
844 2661 1020 2742 Postquam
1032 2659 1161 2722 duobus
1175 2679 1250 2724 cnm
1265 2663 1395 2738 liberis,

171 2746 307 2808 feralem
337 2761 457 2805 urnam
483 2751 611 2816 teneus,
639 2761 770 2830 egressa
792 2745 869 2806 navi
898 2741 1013 2806 defixit
1042 2743 1170 2822 oculos,
1209 2741 1300 2807 idem
1324 2767 1390 2809 om-

172 2829 267 2890 nium
298 2829 456 2914 gemitus:
493 2843 598 2908 neque
627 2823 831 2891 discerneres
859 2827 1039 2909 proximos,
1069 2825 1205 2906 alienos,
1235 2829 1394 2890 virorum

173 2913 415 2973 feminarumve
442 2909 605 2992 plauctus,
628 2911 692 2987 nisi
718 2908 806 2994 quod
834 2911 1027 2972 comitatum
1055 2909 1261 2994 Agrippinae
1291 2913 1394 2998 longo

171 3014 326 3058 moerore
353 2995 474 3056 fessum
503 2993 596 3054 obvii
624 3001 659 3056 et
684 2999 835 3058 recentes
856 2995 891 3054 in
913 2991 1030 3056 dolore
1050 2993 1231 3056 anteibant.

243 3117 269 3168 l.
298 3110 486 3182 nauigatione
509 3109 602 3165 utaris
626 3108 747 3177 biberni,
774 3109 895 3177 turbidi,
925 3117 959 3164 ut
977 3113 1117 3182 χείμερος,
1138 3108 1309 3183 χειμερινὸς,
1344 3113 1393 3166 vel

171 3193 304 3255 tempore
321 3183 455 3251 hiberno,
485 3201 524 3238 sc.
544 3199 643 3237 mense
673 3181 735 3237 lan.
762 3199 791 3240 v.
810 3181 887 3236 adu.
906 3183 933 3238 7.
958 3201 987 3235 n.
1007 3185 1033 3238 2
1054 3209 1086 3221 -
1124 3181 1212 3236 litora
1237 3183 1393 3238 Calabriae

170 3263 281 3321 contro,
310 3275 338 3310 r.
365 3256 400 3311 ad
418 3259 445 3322 5,
463 3257 490 3312 9.
511 3263 541 3309 et
564 3255 628 3308 ind.
656 3255 709 3308 111.
748 3271 778 3306 r.
803 3253 977 3323 Praepositt.
1002 3251 1172 3308 Nominibus
1199 3257 1391 3324 poetporitue.

171 3328 349 3382 -uiolenta
373 3327 460 3393 luctu,
489 3326 621 3380 uiolento
651 3325 732 3379 luctu
757 3325 894 3402 cruciata.
923 3359 955 3370 -
994 3325 1094 3379 netria
1116 3327 1262 3380 tolerandi
1279 3329 1330 3382 vel
1350 3337 1391 3380 to-

171 3399 274 3467 lerare,
302 3407 336 3452 ut
364 3397 579 3452 simulationum
603 3398 699 3450 neema
727 3399 755 3463 i,
783 3401 826 3453 5⁴.
856 3413 927 3468 quac
960 3397 1100 3452 simulare
1130 3415 1190 3450 non
1218 3407 1338 3470 poterat
1364 3407 1392 3454 et

168 3471 294 3537 volebat,
308 3467 388 3542 φωνὴ
400 3462 757 3540 σπουδέωνᾶγνωσιοςιρ.
768 3467 850 3523 Pind.
868 3467 911 3526 01.
927 3471 953 3536 b,
969 3471 1031 3526 113.
1051 3469 1156 3523 orandi
1170 3471 1283 3524 nesciae
1296 3479 1325 3525 et
1345 3487 1392 3523 sa.

52 3555 55 3564 ’
125 3583 135 3596 .
170 3541 249 3594 lidus
266 3545 294 3608 3,
314 3545 358 3598 tt.
377 3543 404 3604 4,
423 3543 467 3597 tl.
494 3539 546 3595 Gr.
568 3538 618 3592 oin
636 3539 749 3607 fliium,
785 3557 843 3594 non
868 3557 964 3612 posse.
1001 3539 1123 3594 Nereine
1146 3541 1285 3609 dicimur,
1318 3559 1391 3614 quae

168 3615 267 3666 iacere
294 3621 343 3666 aut
370 3612 472 3684 quibus
500 3629 663 3666 assuescere
681 3627 741 3676 non
759 3627 921 3683 possumus,
949 3615 1026 3684 quia,
1051 3629 1124 3684 quae
1143 3615 1299 3680 nescimus,
1333 3631 1390 3666 non

169 3685 257 3738 iacile
280 3685 421 3750 iacimus,
452 3683 532 3737 Mur.
570 3681 645 3749 Quae
667 3699 816 3754 nunquam
843 3691 892 3736 aut
924 3685 1046 3737 fecimus
1080 3691 1129 3737 aut
1160 3683 1239 3756 passi
1271 3703 1389 3748 sumus;

169 3753 330 3809 Milscberl.
345 3755 380 3808 ad
392 3755 463 3810 Hor.
478 3755 522 3808 od.
534 3757 558 3820 1,
570 3757 597 3821 b,
609 3757 634 3811 b.
646 3787 679 3798 -
697 3761 730 3807 ul
749 3753 797 3824 qui
817 3772 849 3808 ue
865 3755 927 3808 edd.
939 3755 1005 3810 Bar.
1019 3753 1111 3809 Rhen.
1127 3763 1156 3810 et
1173 3773 1233 3809 rec.
1246 3763 1277 3808 ut
1292 3757 1392 3826 cuique

169 3825 228 3881 MS.
244 3835 318 3898 teste
326 3825 425 3882 turia.
443 3833 475 3880 ut
489 3825 605 3896 quisque
618 3826 681 3880 edd.
693 3827 769 3880 med.
789 3773 845 3880 ried
858 3827 972 3903 ingrata
985 3835 1028 3881 est
1040 3825 1127 3879 huius
1137 3827 1218 3880 vocis
1233 3829 1390 3899 repetitio;

61 3924 64 3940 ·
170 3900 194 3951 1.
215 3899 300 3956 Gran.
339 3897 448 3965 „Recte
467 3899 584 3969 quique.-
602 3914 660 3951 non
679 3899 758 3951 enim
777 3895 812 3952 de
831 3897 956 3974 singulis
982 3915 1077 3952 sermo
1098 3905 1150 3965 est,
1182 3901 1272 3952 utin
1292 3899 1389 3954 verbis

168 3987 264 4040 praec.
285 3971 405 4024 intimus
423 3969 540 4040 queisque
559 3969 723 4036 amicorum,
743 3971 791 4023 sed
809 3970 844 4024 de
863 3969 966 4022 multis
991 3989 1007 4024 a
1030 3987 1143 4042 quaque
1166 3979 1251 4040 parte
1276 3971 1391 4038 ruenti-

168 4041 229 4094 bus.
250 4043 295 4096 Gi.
316 4047 343 4110 1,
362 4045 406 4098 59.
425 4043 467 4106 lt,
480 4045 523 4098 31.
544 4039 669 4112 saluta
693 4043 753 4097 .18.
773 4039 834 4107 (ubi
853 4041 992 4094 similiter
1005 4041 1130 4095 editores
1148 4041 1292 4094 fluctuant
1312 4043 1393 4093 inter

168 4113 270 4182 quique
289 4121 318 4166 et
336 4113 471 4196 quisque)
495 4119 524 4166 et
542 4129 568 4165 c.
593 4113 638 4168 bb·
715 4113 848 4168 maharu.
875 4113 975 4167 Gram.
1003 4129 1032 4184 p.
1052 4115 1105 4170 att
1130 4111 1198 4236 sepf‘
1227 4111 1335 4167 Waltb
1356 4145 1390 4152 --

166 4199 237 4251 para
256 4183 379 4250 officium
396 4199 428 4236 ιιι
446 4183 609 4251 l'rt'ncipem
623 4183 695 4248 rati,
723 4185 761 4242 ci.
781 4185 817 4240 ad
834 4187 861 4250 7,
881 4185 926 4250 tt,
952 4189 978 4240 l.
1005 4191 1034 4238 et
1052 4183 1114 4237 lnd.
1135 4183 1190 4236 Il.
1219 4201 1246 4240 v.
1268 4183 1391 4238 Nomina

168 4253 324 4307 collectiva.
362 4253 425 4307 rati
443 4271 484 4309 sc.
504 4269 564 4310 erae
589 4273 613 4309 s.
638 4255 711 4322 fore,
740 4271 798 4310 non
822 4255 924 4322 ruitae,
956 4263 990 4309 ut
1007 4255 1113 4309 ubivis.
1147 4255 1192 4311 ct.
1211 4253 1333 4313 Walcb.
1353 4253 1391 4306 ad

173 4326 240 4400 bgr.
260 4327 304 4384 nt.
325 4341 354 4396 p·
372 4327 434 4384 ³17.
