2868 4792
230 213 375 279 CAPUT
396 214 506 282 XXII.
528 214 654 282 xxlll.
682 219 735 292 (Δ.
751 215 788 282 U.
802 217 873 286 tta.
896 219 935 282 A.
949 217 1066 298 0:2⁰.)
1189 221 1251 286 ²85

39 381 145 446 tentiae,
165 383 203 436 cf.
223 381 284 436 Ind.
304 381 543 439 stellatam.
580 381 744 438 Sententiae
762 383 879 437 Petrum
904 385 1034 460 rogabat,
1062 387 1112 456 qui
1130 368 1251 442 vocabe-

41 462 78 506 rat
97 461 238 520 senatum,
257 453 360 506 consul
377 455 472 524 priori
495 455 560 508 loco
585 463 698 508 creatus
724 455 774 508 vel
797 456 848 525 qui
864 458 957 509 fasces
974 457 1112 524 babebat3
1144 475 1177 512 eo
1202 460 1251 512 ab·-

39 533 116 579 sente
134 526 211 578 alter
228 525 339 590 consul,
369 533 398 578 et
416 527 550 596 utrisque
568 525 729 580 absentibus
747 533 867 596 praetor
890 527 1025 587 urbanus.
1059 547 1086 584 u.
1114 529 1149 582 ad
1167 529 1202 586 Η,
1226 539 1250 596 l,

38 601 77 663 lt,
97 601 122 652 l.
144 605 173 649 et
191 599 218 660 l,
235 600 263 662 9,
281 600 308 651 2.
341 596 454 650 Primus
480 605 576 650 autem
600 599 774 651 sententiam
801 599 967 674 rogabatur,
993 619 1052 654 non
1078 602 1250 670 consularis,

39 671 84 738 qui
112 667 216 738 plures
238 667 418 721 consulatus·
435 677 575 744 gesserat,
605 668 699 739 (quod
722 671 841 740 putabat
867 670 978 728 Reines.
1005 691 1066 726 var.
1096 673 1162 725 lect.
1184 673 1203 728 1.
1222 677 1250 730 ³.

38 761 61 812 p.
79 739 160 805 593.)
180 738 229 792 sed
246 738 296 792 rel
313 740 450 862 princeps
469 748 593 804 senatus,
623 742 673 811 qui
696 743 809 810 primus
834 759 853 801 a,
868 743 1035 796 censoribus
1062 745 1093 796 in
1119 751 1251 798 senatum

38 815 126 866 laetus
145 813 259 875 Inerat,
276 828 313 864 ve
344 813 437 862 conml
453 813 581 882 primum
601 813 769 878 designatas,
794 820 828 864 ut
843 814 906 882 .qui
933 815 995 884 ipse
1022 815 1157 886 proximo
1175 831 1251 868 anno

37 885 127 938 multa
147 901 163 935 e
181 882 321 936 consultis
345 889 513 952 patraturus
539 891 623 948 esset,
651 880 728 936 unde
751 885 863 954 sperari
888 893 1013 954 poterat,
1046 903 1113 938 eum
1138 875 1251 940 cautius

39 955 234 1022 intentiusque
261 952 297 1007 de
322 955 344 1006 s'
422 955 446 1007 is
469 955 677 1008 meditaturum
702 973 780 1022 ossea
806 955 856 1008 vel
879 955 984 1026 aliquis
1010 965 1091 1010 extra
1119 957 1251 1010 ordinem

38 1027 156 1081 honoris
174 1026 277 1100 gratia.
314 1024 430 1096 Rehqui
454 1025 550 1080 Patres
577 1024 754 1101 rogabantur
779 1026 939 1080 secundum
963 1027 1069 1102 gradem
1092 1026 1251 1094 bonorum,
1293 1030 1297 1038 ’

38 1109 64 1154 et
81 1099 161 1152 idem
181 1096 374 1172 rogandarum
393 1097 603 1150 sententiarum
629 1096 699 1150 ordo
723 1113 777 1166 per
795 1105 890 1150 totum
914 1117 1021 1152 annum
1048 1100 1159 1152 servari
1178 1099 1252 1152 sole·

37 1171 88 1226 bat.
109 1189 138 1224 v.
158 1168 222 1222 loca
240 1167 322 1222 class.
344 1167 420 1224 Gall.
433 1171 461 1234 4,
480 1171 522 1222 ID.
544 1172 588 1233 lt,
606 1169 631 1222 I.
652 1169 745 1239 intpp.
766 1166 844 1224 Suet.
867 1169 944 1222 Caes.
964 1173 1006 1226 el.
1030 1178 1060 1223 et
1078 1169 1114 1222 de
1133 1171 1252 1238 consule

37 1245 184 1318 designato
202 1243 229 1305 ³,
247 1243 289 1295 te.
315 1243 343 1306 l,
362 1243 406 1296 42.
428 1243 470 1302 ll,
490 1241 516 1294 5.
537 1241 624 1303 129.
644 1242 688 1302 14,
714 1240 1167 1306 salmanticense.
1192 1243 1252 1312 Ap·

36 1317 111 1386 plan.
132 1311 163 1364 B.
185 1311 246 1363 Cir.
266 1313 294 1374 2,
310 1315 337 1367 5.
359 1319 388 1364 et
408 1308 477 1364 Sall.
490 1309 550 1365 (lat.
570 1313 613 1366 ao.
634 1311 684 1362 ubi
702 1313 739 1364 cf.
759 1311 838 1364 Cort.
858 1313 991 1364 consulem
1008 1313 1251 1376 desigantnnlite·

36 1402 115 1450 rums
143 1385 272 1453 primurn
290 1400 314 1434 a.
333 1383 367 1436 U.
387 1384 448 1437 ⁷6⁷.
467 1399 494 1438 r.
517 1387 542 1447 1,
562 1384 604 1438 14.
625 1389 654 1434 et
672 1385 699 1446 3,
719 1385 755 1437 56
774 1391 850 1436 extr.
880 1379 912 1426 '-
932 1383 991 1436 nlla'
1014 1384 1096 1436 ciuile
1113 1384 1251 1450 rebantur,

37 1457 75 1524 (a.
95 1455 134 1508 ad
153 1459 180 1518 l,
198 1457 243 1518 62,
261 1453 304 1520 2.)
332 1469 365 1506 ne
388 1453 485 1506 ceteris
509 1452 675 1504 assentiendi
700 1455 848 1506 necessitas
873 1454 966 1518 fleret,
995 1473 1066 1520 „ne,
1135 1455 1200 1508 odi
1223 1473 1252 1508 se
1348 1466 1350 1472 '

37 1527 206 1592 censuisset,
225 1525 331 1579 ceteris
350 1523 510 1578 necessario
530 1523 703 1578 censendum
722 1525 883 1590 rideretur,
912 1533 1048 1598 tanquam
1066 1543 1103 1579 vo
1117 1535 1182 1580 ente
1200 1473 1252 1580 bi-

36 1601 125 1662 berio,
145 1598 197 1668 qui
214 1596 277 1650 lilio
296 1595 475 1662 subiecisset,
494 1595 565 1666 quid
583 1603 727 1648 censeret:
756 1597 860 1663 andan
880 1598 917 1648 cd
934 1599 1077 1650 saevitiam
1095 1597 1251 1657 trabebantt

36 1673 71 1738 (v.
89 1669 130 1724 ad
149 1675 175 1734 l,
195 1671 238 1734 76,
257 1667 296 1734 a.)
313 1681 394 1736 neque
413 1667 480 1720 enin
498 1682 629 1718 cessurum
653 1667 740 1720 fuisse
763 1669 860 1738 primo
884 1667 949 1721 loco
974 1669 1006 1727 in
1025 1668 1176 1733 censendo,
1203 1669 1252 1724 rel

37 1761 100 1798 eum
120 1741 187 1794 aliis
206 1740 352 1804 daturum,
369 1739 426 1794 niti
443 1739 587 1791 damnandi
604 1739 706 1802 officio,
732 1739 789 1792 nisi
809 1739 845 1792 ad
868 1739 1179 1794 invidiosam.causam
1203 1739 1253 1792 da·

38 1812 165 1876 mnandi,
183 1813 252 1882 quie
269 1810 398 1866 damnat
412 1811 509 1864 uellet
527 1807 664 1880 Lepidam
681 1807 826 1876 Tiberius,
846 1812 928 1864 cuius
946 1812 1105 1865 sententiae
1122 1811 1253 1882 primum

37 1895 186 1939 auctorem
204 1883 298 1936 nollet
315 1900 375 1936 esse
392 1881 505 1934 filium:
524 1899 591 1934 nam
612 1881 637 1934 si
656 1880 766 1933 absolvi
784 1883 885 1948 vellet,
904 1898 963 1934 non
981 1899 1132 1952 passurum
1150 1883 1252 1946 fuisse,

37 1967 66 2010 nt
83 1956 221 2034 gratiam,
249 1971 335 2024 qnam
354 1953 482 2006 initurus
506 1961 580 2006 esset
598 1952 713 2021 primus
731 1959 834 2005 auctor
856 1953 1039 2018 clementiae,
1068 1953 1141 2006 alius
1166 1969 1252 2008 occu-

37 2037 127 2100 paret.
167 2024 349 2080 Boxhornius
376 2041 532 2096 perperam
549 2031 642 2108 putat,
668 2021 794 2078 Drusum
816 2025 914 2094 primo
939 2025 1069 2076 cedentem
1093 2023 1158 2077 loco
1182 2024 1253 2077 ulti·

35 2117 80 2154 mo
105 2099 284 2154 sententiam
308 2097 424 2162 dixisse,
456 2103 486 2150 et
510 2095 627 2166 wadan
651 2095 795 2146 damnandi
819 2097 920 2160 officio,
946 2096 966 2147 i.
984 2113 1009 2150 e.
1034 2103 1068 2148 ut
1094 2096 1136 2147 sic
1161 2097 1253 2149 auctis

36 2171 235 2224 damnantium
254 2167 400 2244 suffragiis
419 2167 528 2237 Lepide
546 2164 762 2228 daranaremr.“
787 2165 869 2220 Gron.
896 2174 925 2218 et
952 2166 1017 2222 Ilrn.
1054 2165 1165 2220 Eodem
1189 2169 1253 2220 fere

35 2262 118 2297 sensu
138 2243 251 2295 Broter.
271 2240 490 2305 „adruentiam
508 2237 659 2300 trahebant,
684 2239 751 2302 rati,
780 2235 908 2290 Drusum
935 2253 987 2290 nen
1004 2249 1136 2288 cessurum
1154 2237 1253 2291 officio

35 2315 175 2368 dicendae
192 2313 291 2383 primo
309 2311 373 2364 loco
394 2309 563 2374 sententiae,
583 2307 641 2362 nisi
660 2316 693 2360 ut
711 2307 848 2378 Lepidam
868 2309 976 2362 certius
995 2307 1157 2362 damnarete
1186 2326 1252 2362 nam

35 2387 148 2442 certius
165 2384 292 2447 damnat,
312 2383 364 2453 qni
381 2390 528 2452 postremo
547 2379 611 2432 Ioco
630 2381 803 2436 sententiam
828 2379 916 2432 dicit:
939 2379 1030 2432 immo
1053 2397 1141 2448 penes
1166 2379 1253 2432 illum

35 2467 94 2512 tots
115 2455 219 2510 indicii
238 2471 358 2518 summa,
377 2471 467 2524 quum
486 2455 517 2506 in
536 2469 568 2504 ec
627 2470 639 2504 s
684 2460 760 2504 artes
786 2445 959 2504 dividuntur
983 2449 1114 2509 iudicum
1139 2459 1254 2506 senten·

35 2531 101 2584 tiae.
143 2527 188 2580 lta
214 2527 328 2580 censuit
350 2523 474 2590 Drusus,
499 2523 551 2594 qni
599 2467 710 2576 ubaldio
728 2521 837 2576 Blando
853 2522 984 2576 ‚duriora
1008 2523 1186 2594 proponenti
1209 2541 1253 2576 as·

34 2597 155 2655 sensit.“
192 2597 298 2664 „Unde
316 2605 410 2650 autem
430 2601 551 2660 constat,
569 2591 697 2648 Drusum
714 2593 821 2646 ultimo
840 2593 904 2649 loco
924 2593 1097 2648 sententiam
1125 2593 1252 2648 dixisse?

33 2673 138 2742 Neque
155 2669 225 2724 adeo
244 2671 327 2738 inops
354 2674 417 2722 erat
434 2666 569 2720 Tiberius
593 2675 761 2736 paratorum
786 2665 821 2718 ed
839 2664 1041 2729 damnandum,
1056 2681 1138 2736 'quos
1161 2665 1254 2720 vellet

34 2743 171 2813 perdere,
190 2749 233 2806 ut,
252 2756 325 2810 quae
341 2739 474 2792 vinceret
492 2735 670 2792 Ibsolventes
688 2753 756 2802 nna,
775 2735 864 2790 Drusi
883 2738 1058 2792 sententiam
1081 2737 1113 2789 in
1137 2745 1253 2807 postre-

34 2833 115 2868 mum
138 2811 327 2868 differendam
344 2808 488 2864 baberet.“
508 2809 591 2862 Gran.
628 2807 781 2863 Ferrarius
799 2807 893 2863 Elect.
916 2813 942 2876 l,
962 2812 1004 2865 lll.
1029 2824 1119 2878 prave
1144 2815 1173 2862 et
1197 2823 1252 2860 ees-

33 2903 125 2940 nm
144 2884 250 2940 retulit
267 2882 303 2936 ad
320 2881 457 2948 Drusum,
477 2889 506 2936 et
525 2881 649 2936 coniecit
666 2895 749 2948 neque
766 2880 833 2932 enim
850 2895 1032 2943 assensum
1050 2879 1106 2935 Iac.
1128 2879 1209 2932 Gron.

371 3057 375 3064 '
466 3057 658 3116 CAPUT
689 3057 833 3112 ·xx111.
932 3085 938 3096 ι

120 3189 248 3275 Lepida
287 3187 445 3250 ludorum
477 3185 610 3264 diebus,
645 3186 701 3267 qni
729 3185 952 3273 cognitionem
990 3187 1252 3264 intervenerant,
1281 3195 1287 3215 '

36 3277 209 3339 theatrum
232 3293 307 3335 cnm
329 3273 431 3334 claris
460 3271 590 3332 leminis
611 3271 761 3352 ingressa
788 3270 1024 3332 lamentatione
1052 3267 1157 3330 llebili
1184 3288 1253 3330 ma-

34 3361 126 3422 iores
148 3378 226 3421 snos
248 3361 338 3418 ciens
366 3357 541 3437 ipsumque
568 3352 774 3434 Pompeium,
802 3354 897 3416 cuius
927 3371 965 3414 ea
991 3353 1193 3414 monimenta
1220 3359 1255 3412 et

34 3443 206 3506 adstantes
228 3441 388 3524 imagines
409 3438 614 3512 visebantur,
646 3443 775 3496 tantum
797 3433 1047 3498 misericordiae
1076 3437 1264 3517 permovit,

34 3537 72 3589 nt
93 3527 195 3588 effusi
216 3526 252 3584 in
278 3523 433 3583 lacrimas
460 3539 557 3584 saeva
586 3527 620 3580 et
648 3517 840 3580 detestanda
862 3519 1004 3582 Quirino
1031 3519 1254 3596 clamitarent,

34 3613 135 3670 cuins
155 3615 306 3671 senectae
326 3613 423 3688 atque
444 3602 582 3664 orbitati
604 3609 638 3664 et
665 3601 920 3664 obscurissimae
950 3601 1063 3664 domni
1092 3599 1255 3663 destinata

55 3691 205 3754 nondam
230 3707 317 3750 uxor
344 3689 384 3748 L.
414 3685 550 3748 Caesari
580 3704 619 3746 ac
647 3683 724 3746 divo
751 3685 902 3772 Augusto
930 3705 1035 3746 nurus
1062 3683 1252 3748 dederetur.

33 3715 127 3840 dein
166 3773 341 3834 tormentis
373 3789 548 3831 servorum
577 3771 738 3850 patefacta
773 3777 851 3830 sunt
886 3771 1012 3856 flagitia
1039 3769 1189 3847 itumque
1218 3769 1254 3827 in
1326 3825 1329 3832 ,

33 3859 238 3922 sententiam
259 3853 405 3916 Rubellii
435 3849 565 3928 Blandi,
598 3870 701 3933 aquo
730 3870 813 3932 aqua
839 3861 936 3933 atque
964 3853 1034 3935 igni
1067 3851 1253 3910 arcebatur.

33 3941 132 4004 Huic
154 3941 284 4003 Drusus
304 3937 454 4012 assensit,
481 3953 663 4017 quanquam
692 3931 749 3994 alii
776 3936 891 3996 mitius
918 3935 1130 3996 censuissent.
1173 3931 1255 3991 Mox

33 4025 180 4096 Scauro,
202 4024 259 4106 qui
279 4022 380 4082 liliam
402 4039 441 4080 ex
463 4037 501 4079 ea
524 4025 694 4102 genuerat,
716 4013 842 4096 datum,
875 4035 916 4078 ne
937 4017 1024 4078 bona
1045 4015 1255 4098 publicaren-

34 4115 105 4172 tur.
152 4105 241 4168 Turn
262 4103 393 4168 demum
415 4101 548 4184 aperuit
569 4099 737 4171 Tiberius,
760 4107 969 4181 compertum
997 4097 1063 4160 sibi
1094 4099 1194 4160 etiam
1215 4086 1260 4160 ex¹
1371 4119 1375 4127 ¹
1406 4069 1408 4077 ,

34 4192 68 4256 P.
94 4189 238 4256 Quirini
258 4189 376 4264 servis,
398 4203 526 4248 veneno
549 4203 623 4245 enm
645 4179 813 4265 &Lepida
835 4183 987 4264 petitum.
1048 4183 1051 4189 '

107 4311 139 4364 l.
177 4307 296 4360 lederun
318 4291 412 4361 diebus
436 4319 475 4356 sc.
504 4317 676 4378 rnsgnorum
698 4321 721 4356 s.
747 4300 952 4364 Romanorum,
979 4298 1142 4368 dequibus
1167 4317 1197 4352 v.
1222 4297 1257 4352 sd
