2828 4794
589 186 834 258 ANNatttJnt
854 189 939 256 nlo.
962 191 988 256 l.

628 355 821 414 carun
862 321 975 414 nav(

176 453 179 463 ’
261 463 354 530 Idem
385 484 491 530 annus
515 485 631 542 ‚novas
672 465 892 529 caerimonias
929 463 1059 547 accepit
1095 461 1209 548 addito
1239 463 1384 530 sodalium

180 551 414 638 Augustalium
435 547 635 622 sacerdotio,
656 559 696 610 ut
716 545 882 632 quondam
899 547 940 614 T.
959 547 1078 612 Tatius
1106 549 1288 614 retinendis
1303 549 1384 612 Sabi-

181 653 302 696 norum
328 633 435 702 sacris
461 631 591 695 sodales
621 630 733 713 Titios
753 631 957 696 instituerat.
1000 629 1101 694 Sorte
1122 631 1215 696 ducti
1235 653 1254 696 e
1273 633 1384 714 primo-

180 715 275 780 ribus
296 717 443 780 cimtatis
463 733 551 777 nnus
572 722 607 778 et
625 715 761 801 viginti.
794 715 953 778 Tiberius
968 713 1164 798 Drususque
1184 724 1220 778 et
1241 714 1386 779 Claudius

181 809 216 864 et
246 799 463 862 Germanicus
503 797 719 861 adiiciuntur.
762 796 878 860 Ludos
909 797 938 860 Δ
1009 797 1109 862 stales
1141 807 1223 861 tunc
1254 803 1386 882 primun

8 835 11 952 Ϊ
116 909 118 914 ’
180 891 316 966 coeptos
338 883 490 944 turbavit
511 879 679 944 discordia
700 901 740 943 ex
760 873 945 944 certamine
989 881 1179 948 istrionum.
1211 882 1386 945 Indulserat

181 969 214 1030 ei
234 963 365 1030 ludicro
380 965 563 1052 Augustus,
583 964 663 1028 dum
685 963 875 1028 Maecenati
896 965 1106 1050 obtemperat
1127 967 1232 1028 edisco
1253 967 1288 1028 in
1308 983 1386 1026 amo-

180 1069 253 1112 rem
273 1049 441 1132 Bathylli3
475 1067 583 1131 neque
610 1050 682 1131 ipse
708 1045 913 1112 abhorrebat
939 1048 1063 1112 talibus
1091 1045 1213 1112 studiis
1243 1059 1276 1112 et
1301 1047 1387 1110 ciuile

180 1133 331 1210 rebatur,
351 1133 488 1194 misceri
508 1131 736 1214 voluptatibus
757 1132 861 1218 vulgi.
903 1131 978 1194 Alia
999 1131 1139 1196 Tiberio
1167 1152 1298 1194 ntorum
1322 1132 1387 1204 siaa

179 1215 237 1280 aed
251 1216 419 1362 populum
440 1235 503 1298 per
521 1222 575 1278 tot
594 1233 697 1279 annos
719 1214 866 1276 molliter
896 1213 1049 1278 habitum
1081 1214 1229 1278 nondum
1259 1212 1387 1277 audebat

179 1298 222 1362 ad
274 1302 393 1362 uriora
413 1305 559 1362 uertere.

250 1385 276 1439 1.
303 1381 376 1434 Idem
393 1395 480 1433 unaue
496 1395 581 1434 aeona
598 1377 788 1444 cunemine,
820 1379 896 1434 ritus
916 1395 1023 1444 meroe,
1049 1379 1165 1450 occepit.
1185 1399 1214 1438 v.
1233 1377 1294 1436 lnd.
1313 1379 1346 1436 11.
1363 1395 1386 1433 ι.

179 1453 283 1508 Assae.
302 1485 335 1497 -
372 1451 493 1520 „addito
526 1451 651 1524 reliquis
684 1451 853 1506 sacerdotiis
872 1451 1004 1505 aetaliae
1022 1451 1214 1518 Aagaatcliaaa
1238 1449 1387 1512 mcerdotio,

59 1543 61 1550 ’
125 1575 134 1591 ‚
221 1541 252 1578 os
275 1521 332 1578 Dio
348 1525 394 1591 56,
419 1525 463 1580 dd.
489 1531 519 1577 et
535 1525 582 1588 68,
610 1525 653 1580 12.
678 1519 741 1583 τοὺς
763 1521 811 1577 τοῦ
834 1517 998 1594 Αὐγούστου
1021 1518 1160 1585 θιασώτας
1184 1531 1214 1578 et
1231 1525 1275 1590 to,
1293 1522 1317 1580 7.
1335 1516 1387 1579 acdt

192 1599 269 1666 ερέας
285 1591 490 1664 Adyoooretour
507 1593 589 1651 dicit.
623 1593 669 1652 ct.
697 1593 777 1651 Suet.
797 1593 898 1651 Claud.
920 1611 946 1652 c.
965 1596 991 1651 d.
1011 1601 1041 1649 et
1059 1595 1143 1654 Galb.
1163 1611 1189 1653 c.
1208 1593 1261 1652 eft
1293 1591 1386 1648 Woltl.

178 1667 295 1724 scroto
312 1668 490 1732 Augustales,
512 1673 546 1718 ut
563 1661 711 1733 maeatae,
737 1665 935 1730 Hadrianeia,
960 1665 1084 1731 Aeliani,
1102 1667 1245 1720 Antonini.
1267 1684 1295 1722 r.
1313 1665 1386 1719 Grut.

179 1742 270 1795 inscr.
287 1755 316 1809 p.
334 1741 399 1800 tat,
418 1741 444 1794 1.
462 1737 560 1793 Noris.
588 1753 651 1796 cen.
673 1737 730 1794 Pis.
752 1753 783 1810 p.
810 1738 854 1794 ot.
879 1739 914 1794 tt
941 1755 983 1810 sq.
1021 1739 1107 1794 Gorii
1133 1737 1225 1792 inser.
1252 1737 1289 1794 11.
1305 1753 1333 1808 p.
1349 1737 1385 1792 ll.

179 1809 329 1882 Schoepss.
353 1809 444 1866 Alsat.
472 1807 520 1865 ill.
546 1808 569 1866 1.
597 1825 626 1880 p.
654 1810 717 1866 ott.
738 1835 771 1847 -
806 1815 836 1862 ast
857 1809 986 1878 mundam
1011 1811 1042 1865 T.
1074 1809 1171 1864 Tatiae
1194 1816 1245 1865 rct.
1265 1808 1293 1866 S.
1310 1805 1387 1860 aocria

180 1889 235 1938 cet.
273 1881 408 1960 „Pugnat
425 1887 526 1954 aperto
543 1879 635 1934 Marte
653 1895 751 1934 secum
768 1877 837 1936 Tac.
856 1879 892 1938 H.
911 1881 939 1945 2,
958 1883 1002 1940 95.
1022 1881 1073 1936 ubi
1091 1881 1168 1948 vult,
1187 1881 1294 1936 andalae
1311 1877 1386 1933 Tl'ta'cs

180 1953 329 2008 institutos
348 1969 407 2006 non
424 1951 586 2010 retinendis
605 1947 778 2006 Sabinorum
798 1953 896 2018 sacris,
925 1951 976 2008 sed
998 1954 1157 2008 memoriae
1180 1951 1260 2006 Tatii
1285 1965 1387 2004 sacran-

179 2025 241 2090 dae,
260 2041 333 2110 quae
350 2041 435 2078 cauea
451 2021 482 2080 h.
493 2021 514 2080 1.
533 2022 630 2092 aptior
648 2031 720 2088 erat,
739 2023 862 2077 fortasse
881 2031 911 2078 et
928 2024 1037 2081 verior.
1074 2025 1157 2080 Hanc
1175 2042 1239 2078 rem
1257 2039 1313 2076 non
1328 2019 1387 2074 atti·

178 2097 225 2182 git
242 2094 363 2182 Dionys.
382 2095 409 2158 2,
426 2097 471 2152 57.
494 2101 648 2180 contentus
666 2093 785 2194 diffissa,
813 2092 935 2149 honeste
957 2097 1105 2182 sepultum
1127 2093 1248 2182 Tatium
1271 2101 1299 2149 et
1322 2099 1387 2178 putas

178 2165 1004 2322 tollit?pttlltttttftltaal'tuft‘tttsl
1024 2167 1134 2292 {1⁰:¹35}
1152 2163 1387 2292 'addimit
1409 2259 1410 2266 a

178 2310 315 2396 ⁸⁸0P⁸3²{⁸i
334 2307 410 2395 ζιελ,
429 2307 469 2394 ld·
482 2325 562 2361 suam
580 2305 667 2362 habet
684 2307 897 2376 difficultatem,
917 2307 967 2392 sed
984 2309 1038 2364 illa
1056 2325 1171 2382 quoque
1189 2305 1387 2364 inconstantiae

177 2395 377 2508 numu
393 2379 586 2505 :lucau
602 2377 715 2506 uo
734 2380 865 2516 „uu
879 2375 1388 2524 taratantara

115 2573 117 2580 .
177 2523 213 2578 ah
230 2523 292 2577 eius
310 2523 499 2594 praenomine
518 2523 560 2576 ita
577 2521 661 2588 dicti,
687 2523 734 2589 (ut
754 2523 831 2578 Ta‘ta'o
848 2522 937 2586 carta,
970 2523 1102 2579 Titiasas'a
1124 2523 1217 2579 tribas
1241 2531 1271 2578 et
1294 2519 1388 2574 adolet

180 2593 377 2676 Tl'tt'eaaealap.
397 2593 475 2676 Fert.
495 2601 525 2647 et
542 2593 574 2646 in
591 2595 698 2660 nanis,
717 2594 766 2666 lap
789 2637 796 2652 .
815 2602 844 2650 et
861 2593 954 2662 MSS.)
980 2595 1030 2652 vel
1047 2596 1082 2650 od
1103 2595 1190 2651 mtto
1206 2593 1310 2660 cmlv,
1331 2603 1388 2659 tw

176 2611 1304 2804 resoluat*

372 2780 378 2794 ι
455 2777 461 2792 a
552 2778 559 2792 a
672 2779 679 2792 ι
717 2781 724 2792 e
763 2780 770 2794 e
790 2769 824 2782 -
1140 2781 1147 2795 ι
1185 2776 1194 2804 9
1252 2782 1259 2796 e

248 2810 274 2864 2.
302 2807 396 2862 Ladae
418 2806 589 2872 Augaatolea
613 2813 675 2860 teuc
699 2809 812 2875 musa
834 2816 951 2876 coeptos,
978 2828 1006 2866 v.
1026 2809 1108 2874 adl,
1127 2813 1218 2875 lm.
1254 2813 1343 2878 coepte
1359 2835 1387 2848 -

178 2879 321 2933 discordia
339 2895 416 2935 corr.
435 2879 514 2950 hipe.
534 2877 602 2936 coll.
623 2895 648 2936 c.
668 2883 711 2935 77.
729 2895 776 2950 pr.
795 2881 863 2952 quia
878 2881 942 2935 ludi
959 2881 1135 2959 Augustales
1154 2881 1213 2938 iam
1231 2881 1334 2936 dudum
1349 2878 1388 2929 in-

179 2951 285 3008 stituti.
309 2951 388 3006 llaec
406 2949 569 3006 emendatio
589 2949 693 3004 deinde
711 2959 828 3022 recepta
845 2953 880 3006 ab
898 2953 1032 3006 omnibus
1050 2952 1212 3007 editoribus
1230 2947 1387 3008 anteWoll.

178 3022 274 3090 „Quid
292 3037 362 3077 vero
381 3019 500 3076 Tacitus
518 3037 543 3080 c.
564 3023 598 3078 77
615 3039 661 3094 pr.
682 3021 787 3076 affert?
820 3023 934 3095 Nempe
951 3023 1090 3078 meamne
1107 3029 1228 3092 coaptatas
1245 3021 1341 3078 mactra
1356 3018 1388 3072 ls'·

177 3095 298 3151 cestium.
335 3093 413 3148 Num
432 3094 567 3147 omnem?
594 3099 697 3148 tamne·
719 3097 804 3149 sero?
833 3095 967 3150 licentia
992 3093 1169 3150 histrionum
1198 3104 1228 3150 et
1250 3098 1389 3166 ,lautorum

179 3167 236 3220 iam
259 3163 368 3220 dudum
393 3165 445 3218 eub
469 3163 600 3245 Augusto
628 3165 764 3223 incaluit.
790 3167 835 3233 (v.
862 3167 899 3220 ad
922 3184 947 3221 c.
974 3169 1017 3224 lo.
1046 3185 1076 3224 n.
1094 3167 1134 3230 7.)
1170 3166 1287 3222 stimat
1303 3171 1388 3218 antem

177 3242 284 3303 coeptos
301 3235 409 3290 licebat
425 3235 523 3290 dicere
541 3235 630 3300 ludos,
649 3237 701 3308 qui
718 3245 790 3292 tunc
806 3237 937 3309 primum
953 3237 1080 3294 sollenni
1091 3237 1272 3304 madefacti,
1290 3243 1318 3290 et
1335 3234 1388 3286 sive

142 3344 144 3354 .
178 3307 319 3362 celebrati
336 3323 444 3360 nomam
462 3307 494 3359 in
511 3307 640 3372 modum,
659 3308 722 3362 sive
741 3309 897 3364 instaurati
914 3327 931 3362 a
948 3317 1051 3364 senatu
1069 3317 1174 3366 essent.
1193 3311 1244 3374 (ci.
1264 3308 1299 3362 ad
1316 3323 1340 3361 c.
1352 3305 1387 3360 li.

177 3395 207 3434 n.
226 3379 266 3441 a.)
301 3377 367 3432 Non
390 3377 468 3430 enim
493 3386 538 3432 est
562 3377 693 3446 dubium,
729 3381 801 3451 quin
825 3377 860 3434 hi
884 3379 974 3434 iidem
997 3379 1061 3434 ludi
1087 3382 1158 3448 sint,
1183 3397 1308 3452 qaorum
1329 3391 1388 3446 pars

177 3465 203 3505 c.
223 3451 265 3506 lll.
285 3448 317 3502 in
335 3447 414 3500 hunc
430 3465 538 3502 annum
547 3447 687 3502 Tribunis
705 3451 746 3520 pl.
757 3467 893 3511 concessa
910 3451 1067 3508 dicebatur.
1102 3451 1184 3519 Quod
1201 3453 1248 3506 rei
1265 3453 1389 3522 peractae

177 3521 288 3574 mentio
306 3519 342 3572 ad
360 3519 471 3572 exitum
489 3521 558 3574 anni
576 3519 723 3588 differtur,
748 3521 826 3576 illud
841 3521 877 3573 tlt
895 3539 931 3576 ex
948 3539 1029 3576 more
1047 3521 1153 3587 Taciti,
1177 3539 1264 3594 mern
1282 3531 1389 3574 servare

179 3589 253 3644 solet
270 3591 302 3643 in
321 3588 453 3666 omnihus
470 3589 556 3644 rebus
574 3593 698 3646 minoris
716 3593 858 3648 momenti
877 3601 907 3646 et
925 3611 983 3648 non
1001 3595 1138 3665 perpetui
1155 3596 1277 3650 tenoris.
1308 3587 1390 3644 neni-

177 3661 1390 3804 {¹¹3⁷³?{tltt¹tt²ttt‘ltttt‚-t“¹t‘¹¹t⁰t¹3:53:‘litttt‘lt‘adtttl

177 3803 254 3856 ludos
271 3801 421 3858 revocat.“
449 3771 766 3872 Wots.cr.at’1,15‚
788 3809 815 3864 ³.
842 3813 871 3860 et
897 3807 933 3862 ad
951 3813 978 3872 1,
1003 3811 1093 3876 77,1.
1120 3841 1153 3851 -
1195 3823 1229 3860 ex
1256 3801 1390 3860 certamine

175 3875 346 3940 turricam,
374 3875 412 3930 cf.
431 3873 487 3928 Dio
511 3877 557 3939 hd,
574 3875 619 3932 dl.

246 3947 273 4003 3.
300 3945 455 3998 hdslaerot
481 3945 508 3998 σι’
536 3946 641 4000 ludicro
664 3945 844 4003 histrionum
869 3957 899 4003 et
922 3949 1041 4022 quidem
1066 3951 1312 4022 pantomimorum
1338 3945 1390 3998 Aa·

174 4023 286 4084 graleu:
318 4017 420 4084 „idem
438 4030 552 4090 quoque
579 4019 610 4072 id
629 4019 775 4073 ludicrum
794 4021 920 4086 invenit,
944 4029 973 4075 et
991 4031 1058 4076 ante
1076 4039 1142 4076 eum
1162 4021 1277 4076 nullum
1296 4019 1390 4070 Panto·

175 4091 333 4144 mimorum
351 4089 426 4143 resti
449 4089 524 4158 'um3
555 4090 618 4144 eius
636 4097 733 4145 autem
751 4101 844 4146 aetate
862 4093 918 4147 duc
938 4093 1113 4146 Pantomimi
1131 4093 1244 4159 eximii,
1277 4087 1390 4162 Pylades

177 4169 205 4215 et
223 4159 389 4232 Bathyllus,
417 4161 540 4215 herlus
561 4167 590 4215 e't
607 4159 746 4216 delicium
764 4163 946 4220 Maecenatis.
973 4183 1002 4221 v.
1023 4163 1124 4220 suidas
1143 4183 1172 4221 v.
1199 4159 1308 4233 ὄρχησις
1328 4157 1390 4224 (ubi

177 4232 234 4310 leg.
252 4225 401 4285 Βαθύλλου
418 4249 473 4304 pro
491 4229 681 4304 Βακχυλίδου)
706 4243 735 4287 et
759 4229 957 4306 Ἀθηνόδωρος,
984 4237 1091 4291 zosim.
1118 4239 1188 4300 1,6.
1209 4235 1274 4292 sen.
1295 4231 1388 4285 Contr.

176 4306 267 4374 prael.
286 4307 304 4362 :t
323 4311 396 4361 extr.
425 4301 491 4370 (uhi
510 4305 596 4362 scrib.
625 4303 773 4376 Bathyllus
790 4323 844 4378 pro
863 4305 1011 4373 Pastillus)
1041 4315 1069 4362 et
1092 4310 1184 4378 prael.
1204 4311 1229 4366 6.
1247 4305 1321 4378 med.
1339 4301 1389 4355 Dio
