2890 4790
282 259 285 266 1
347 215 489 282 CAPUT
511 213 636 282 XLIII.
666 219 718 295 (A.
737 215 869 290 11778.
898 217 936 282 Δ.
949 217 984 282 C.
996 219 1061 297 25.)
1247 220 1306 284 ttt

88 380 255 443 sententie
282 375 462 454 redditum.
511 381 637 447 Contra
664 383 827 448 Messenii
852 395 1002 450 veterem
1029 387 1119 446 iuter
1149 383 1307 448 Herculis

88 473 241 544 posteros
263 461 462 529 divisionem
484 466 704 550 Peloponnesi
726 469 910 552 protulere,
932 487 1051 550 suoque
1073 471 1145 549 regi
1161 465 1306 532 Denthe-

88 547 195 608 ls'otem
216 565 340 627 agrum,
368 551 402 611 in
424 569 487 632 pro
515 551 553 614 id
579 549 750 624 delnbntm,
784 554 926 630 cessisse,
962 554 1211 634 monimentaque
1239 555 1306 614 eins

88 632 138 692 rrt'
157 629 284 710 smslpmn
304 634 394 694 soris
415 643 447 695 et
467 651 541 696 nere
558 637 668 716 prisco
688 653 821 697 monere.
856 635 993 704 Quodsi
1009 645 1125 712 votum,
1147 634 1306 698 annalium

87 713 132 774 od
147 715 328 778 testimonio
343 725 505 796 vocentur,
525 717 634 797 plures
647 717 712 781 sibi
725 736 763 780 oc
778 715 1003 800 locupletiores
1016 737 1098 780 esse:
1115 738 1154 780 ne
1176 739 1214 780 oe
1228 717 1305 782 Pm-

87 795 208 874 lippum
235 801 394 877 potentio‚
426 799 553 862 secl‘ex
583 821 658 864 vero
687 805 851 865 statuisse.
894 802 979 864 Idem
1011 805 1100 884 regio
1164 803 1305 884 eligent,

86 881 167 941 idem
187 883 390 960 imperatoris
407 885 551 946 Memmii
576 885 738 947 indicium.
791 880 851 947 Sic
878 885 1027 948 Milesios
1061 888 1214 964 permisso
1248 905 1305 964 pn-

87 961 172 1026 blt'ce
200 963 353 1040 arbitrio,
386 975 546 1046 postremo
573 963 719 1032 Atidium
753 965 914 1031 Gemr'nom
950 977 1128 1048 praetorem
1160 965 1306 1032 Aclsoioe

86 1045 273 1109 decrevisse.
317 1049 369 1108 Ita
397 1047 577 1110 secundum
607 1049 793 1114 Messenios
822 1049 945 1113 datum.
989 1051 1032 1112 Et
1052 1049 1227 1136 Segestani
1254 1071 1307 1113 ae-

86 1127 163 1190 dem
174 1127 318 1192 Veneris
340 1139 486 1193 montem
507 1129 594 1214 apud
604 1133 750 1214 Erycum
762 1140 927 1196 vetustate
946 1131 1106 1215 dilapsam
1121 1135 1307 1196 restaurari

83 1213 311 1354 postulavere,
333 1221 412 1275 nasta
433 1225 655 1278 memorantes
678 1215 719 1278 de
740 1217 874 1300 origine
896 1218 968 1279 eius
990 1225 1025 1279 et
1045 1217 1133 1278 laeta
1154 1217 1304 1280 Tiberio.

110 1295 240 1374 usoepit
260 1314 375 1358 curem
396 1297 504 1360 libens
525 1305 565 1360 ut
586 1299 863 1380 consanguineus.
907 1297 1004 1362 Tune
1032 1308 1194 1362 tractatae
1215 1299 1306 1360 Mes-

83 1377 268 1438 silieusium
297 1398 413 1460 preces
442 1380 684 1462 probatumque
709 1381 744 1442 P.
774 1378 894 1440 Rutilii
922 1377 1129 1458 exemplumr
1164 1401 1307 1455 nemque

83 1477 161 1520 eum
179 1459 324 1544 ,legibus
350 1461 491 1542 ‚pulsnm
525 1463 634 1524 civem
668 1461 733 1522 sibi
761 1460 938 1541 Smyrnaei
971 1457 1179 1520 addiderant.
1231 1455 1304 1517 Ouo

82 1543 163 1603 iure
182 1540 362 1602 Vulcatius
384 1537 545 1600 Moschus
575 1544 682 1613 exsul,
712 1544 746 1600 in
767 1538 997 1598 Massilienses
1025 1547 1191 1618 receptus,
1219 1537 1306 1598 bona

83 1641 147 1683 sua
168 1627 219 1684 rei
241 1621 393 1704 publicae
415 1637 531 1685 eorum
552 1629 592 1682 ut
613 1621 742 1704 patriae
763 1619 955 1700 reliquerat.

156 1741 181 1792 1.
200 1737 235 1791 de
244 1736 309 1790 s'rre
320 1736 425 1806 templi,
438 1736 610 1808 quibusnam
621 1735 765 1808 templum
776 1735 898 1808 proprie
910 1743 985 1790 esset
996 1743 1025 1790 et
1036 1737 1081 1790 ius
1095 1736 1180 1808 asyli,
1199 1737 1234 1792 de
1248 1753 1305 1809 qno

82 1809 175 1862 etiem
192 1808 226 1861 ab
244 1807 311 1861 eliis
329 1815 481 1863 sertatum.
504 1808 550 1862 Gi.
570 1812 598 1876 3,
615 1811 660 1865 36.
678 1811 723 1866 60.
742 1811 771 1874 t,
791 1811 835 1864 lt.
852 1835 885 1846 -
921 1806 1035 1860 manne
1051 1805 1245 1862 Lt'mnott‘ds'ss
1265 1811 1306 1863 ita

81 1879 147 1934 edd.
166 1877 376 1948 Micyllsttmt.
398 1887 428 1933 et
445 1879 549 1934 deinde
567 1895 668 1934 ornnes
686 1896 723 1933 ex
741 1877 853 1932 emend.
871 1877 951 1950 Lips.
987 1875 1178 1934 Lintenott'dt's
1196 1879 1254 1934 MS.
1276 1887 1306 1933 et

82 1949 130 2010 ed.
149 1950 206 2006 Iao.
227 1951 319 2006 Gron.
338 1950 384 2003 Gi.
403 1951 439 2003 ad
456 1955 483 2017 3,
501 1953 547 2016 ott,
566 1953 592 2005 3.
629 1947 820 2003 Limenetidis
844 1949 908 2002 edd.
931 1957 991 2006 ret.
1029 1950 1111 2004 Hane
1129 1951 1306 2022 scriptorem

83 2017 187 2075 iuvere
204 2021 318 2090 eliquit
335 2023 475 2076 videntur
491 2037 594 2075 versus
612 2019 731 2074 Gallim.
749 2021 787 2074 ll.
806 2022 839 2073 in
856 2019 940 2076 Dian.
960 2023 1042 2078 voe.
1062 2023 1111 2075 nal
1126 2021 1181 2092 μὲν
1197 2019 1307 2091 ἀγυιαῖς

84 2091 151 2164 ἔσο,
180 2093 228 2144 καὶ
253 2095 413 2165 λιμένεσσιν
437 2092 596 2158 ἐπίσκοπος,
627 2093 744 2146 riarum
773 2098 972 2162 portuumque
1019 2108 1115 2146 rneses
1138 2102 1169 2147 et
1191 2101 1307 2156 sustene

83 2163 164 2232 ln'pr.
186 2163 231 2218 01.
250 2163 359 2234 Spsnh.
377 2164 413 2217 ed
430 2179 497 2218 eum
515 2163 613 2216 losum
632 2170 662 2216 et
680 2161 821 2216 Creoneri
844 2161 974 2231 symbol.
1029 2199 1037 2215 .
1057 2163 1097 2216 11.
1121 2180 1150 2286 p
1170 2165 1232 2218 111.
1258 2161 1304 2218 ed.

82 2251 130 2305 pr.
165 2233 210 2289 Eo
227 2243 325 2288 tamen
343 2251 430 2288 sensu
447 2235 578 2305 λιμενῖτις
594 2235 691 2304 potius
709 2233 787 2287 dicta
799 2225 934 2304 Ἄρτεμις.
971 2230 1041 2299 „Tu
1061 2231 1127 2286 nihi
1158 2234 1305 2311 ambigens

83 2319 193 2376 repone
219 2304 416 2360 Limnatidis:
446 2306 488 2358 ite
517 2303 645 2358 historia
667 2303 719 2358 hio
740 2303 872 2374 postulet
895 2311 925 2357 et
942 2307 1092 2358 consensio
1117 2306 1304 2375 scriptorum.

85 2376 155 2431 Sive
172 2377 252 2432 enim
269 2395 287 2432 a
304 2377 415 2430 Lintnis
433 2378 499 2429 vieo
517 2375 686 2442 Messeniae,
709 2375 761 2446 qui
779 2373 867 2428 aliter
883 2375 1022 2444 Amyclae
1040 2375 1144 2441 dietus,
1162 2377 1225 2430 sive
1249 2371 1306 2430 ἀπὸ
1348 2379 1351 2390 ’

83 2449 130 2511 τῆς
146 2449 253 2518 λίμνης,
271 2465 288 2501 e
306 2448 421 2520 palude,
440 2449 628 2524 agnominato
647 2465 680 2501 ea
696 2445 762 2512 dea,
781 2453 861 2500 uerte
878 2445 964 2502 eorib.
983 2444 1128 2500 Limnatis
1146 2447 1209 2501 sive
1228 2445 1306 2500 Lint-

84 2521 169 2575 netis.
189 2519 299 2574 Prioris
316 2519 475 2574 sententiae
493 2517 596 2572 Strabo
614 2517 635 2570 l.
654 2521 680 2572 8.
698 2529 727 2582 p.
737 2519 800 2572 361.
820 2534 882 2572 esse
898 2516 1032 2572 ridetur:
1062 2513 1092 2570 τὸ
1111 2513 1169 2571 t'tv
1185 2520 1307 2589 Λίμναις

83 2591 130 2656 τῆς
144 2587 300 2662 Ἀρτέμιδος
317 2586 394 2660 ἱερὸν
409 2595 562 2663 Λιμναῖον,
580 2586 623 2658 ἐφ’
644 2577 666 2656 ᾧ
683 2583 839 2654 Μεσσήνιοι
863 2589 929 2660 περὶ
950 2585 998 2648 τὰς
1020 2591 1178 2661 παρθένους
1195 2586 1306 2656 ὑβρίσαι

83 2661 198 2714 δοκοῦσι
215 2657 263 2720 τὰς
280 2659 437 2732 ἀφιγμένοις
461 2661 508 2715 tut
524 2657 574 2728 τήν
591 2665 705 2726 θυσίαν,
732 2659 764 2714 ἐν
780 2663 925 2732 μεθορίοις
943 2659 1000 2713 ἔστί
1018 2661 1063 2728 τῆς
1080 2662 1243 2724 Λακωνικῆς
1260 2663 1308 2714 καί

83 2735 130 2798 τῆς
154 2735 325 2799 Μεσσηνίας,
352 2729 424 2786 ὅπου
449 2729 545 2798 κοινὴν
568 2731 732 2786 συνετέλουν
761 2726 919 2803 πανιὴιιιριν
941 2733 989 2785 καὶ
1011 2737 1116 2786 θυσίαν
1142 2726 1306 2802 ἀμφότεροι.
1410 2746 1411 2749 ’

82 2804 145 2858 Nec
162 2803 319 2858 dissimilis
337 2802 357 2856 l.
378 2805 426 2857 Vl.
444 2822 475 2875 p.
493 2807 554 2860 251.
593 2801 632 2856 At
656 2821 674 2856 e
697 2803 765 2858 loen
788 2803 904 2859 derivet
927 2804 1014 2874 plene
1032 2805 1149 2858 Pausan.
1169 2803 1214 2869 (3,
1232 2806 1261 2870 2,
1279 2807 1306 2860 6.

81 2879 112 2940 3,
130 2879 158 2941 7,
176 2879 205 2932 4·
224 2878 253 2941 3,
271 2877 318 2941 2³,
343 2877 370 2931 6·
389 2879 418 2941 4,
437 2879 464 2940 4,
481 2874 522 2942 2.)
538 2878 568 2940 4,
585 2879 631 2941 31,
657 2879 684 2931 3ο
706 2877 735 2940 7,
752 2878 801 2942 2⁰7
818 2879 844 2934 ⁴·
863 2877 892 2933 6ο
914 2877 955 2941 (8,
974 2877 1019 2941 53,
1037 2873 1078 2938 5.)
1103 2876 1234 2945 Itemque
1251 2873 1307 2929 Af·

82 2946 246 3000 temidorus
262 2947 291 3012 2,
309 2948 355 3002 ³5.
374 2948 426 3017 qni
441 2943 565 3002 Dianam
583 2947 616 3000 in
634 2947 755 3000 somniis
779 2949 873 3000 risam
895 2946 966 3000 boni
983 2946 1091 3000 ominis
1113 2946 1307 3016 piscatoribus

82 3033 147 3072 esse
164 3017 240 3082 vult,
261 3017 397 3086 quonism
421 3023 452 3072 et
477 3017 613 3089 Λιμνῆιις
636 3015 781 3076 ὤσατουίέ
804 3015 883 3087 lips.
920 3016 964 3070 De
986 3015 1043 3070 bae
1058 3015 1152 3070 Diana
1168 3033 1197 3074 v.
1218 3017 1308 3070 etiam

81 3089 183 3143 Heius.
203 3087 240 3159 pd
257 3087 339 3145 ovid.
358 3090 425 3143 Met.
444 3089 534 3155 ΜΒ.
554 3097 584 3142 et
600 3089 707 3142 Meurs.
727 3091 760 3142 in
778 3087 883 3144 Lacon.
904 3093 931 3152 1,
945 3091 991 3153 2,
1002 3089 1075 3141 Ere.
1095 3087 1140 3142 cf.
1159 3086 1308 3142 Niusehti

81 3161 152 3214 lex.
171 3157 298 3230 mythol.
318 3177 342 3212 s.
360 3177 389 3216 e.
409 3159 508 3214 Βίσιια
525 3158 625 3230 ibique
643 3159 743 3230 Klopi.
762 3177 791 3232 p.
809 3163 883 3226 ola,
907 3159 1016 3212 Kieeel.

154 3235 183 3287 2.
210 3237 332 3284 veterem
354 3231 434 3284 inter
450 3231 586 3286 Hermslis
609 3240 753 3303 posteros,
784 3228 1000 3297 „Aristomachi
1017 3229 1108 3298 tilios,
1136 3227 1308 3296 Temenum,

80 3299 305 3356 Aristodemum
331 3311 362 3356 et
387 3301 611 3374 Cresphontem,
646 3301 816 3357 divisionem
839 3301 1026 3370 Peloponnesi
1060 3301 1092 3354 in
1119 3302 1177 3355 tria
1207 3317 1240 3356 re
1300 3339 1309 3369 ,

80 3372 238 3450 Argivum,
270 3373 529 3428 Laeedeemonium
554 3381 585 3428 et
601 3374 784 3429 Messeniam.
811 3391 842 3430 v.
867 3373 958 3426 Isoer.
982 3368 1177 3426 Archidemus
1193 3389 1225 3444 p.
1279 3376 1308 3430 2.

83 3443 175 3512 (131.)
198 3452 228 3498 et
254 3442 438 3498 Prideausius
463 3443 499 3500 ad
521 3463 625 3500 marm.
645 3445 735 3499 Oxou.
761 3461 806 3516 ep.
826 3443 873 3502 6.“
891 3445 964 3498 Em:
981 3442 1027 3497 Gi.
1046 3443 1083 3498 sle
1100 3443 1201 3498 reditu
1218 3441 1309 3514 Here-

82 3515 227 3569 clidarmn
255 3516 288 3568 in
312 3515 543 3586 Peloponnesum
566 3515 658 3582 (auno
680 3516 778 3569 nm
807 3523 875 3588 post
897 3513 1018 3570 Troiam
1042 3514 1180 3586 septem),
1207 3515 1242 3570 de
1260 3534 1310 3570 ex-

81 3587 264 3662 pugnatione
290 3587 482 3658 Peloponnesi
513 3595 543 3642 et
573 3587 730 3641 sortitione
754 3603 842 3658 super
874 3603 907 3642 en
938 3589 1018 3640 inter
1040 3585 1209 3640 Heraclidas
1232 3587 1309 3642 faeta

81 3659 204 3711 Pnuseu.
224 3660 252 3724 2,
272 3661 314 3714 19.
334 3663 362 3723 l,
380 3662 407 3714 3.
426 3659 561 3728 Polyseu·
576 3663 603 3724 1,
613 3662 640 3716 6.
658 3657 786 3715 Wesseb
806 3657 1087 3722 santonensem
1108 3657 1187 3728 inpr.
1207 3657 1310 3728 lleyne
1376 3695 1380 3703 -

82 3729 120 3782 ad
136 3727 272 3798 Apollod.
291 3731 319 3794 2,
337 3731 365 3796 Β,
383 3733 412 3786 2.
431 3739 462 3786 et
478 3733 505 3788 t.
541 3729 727 3799 Peloponnesi
745 3729 809 3784 edd.
828 3729 910 3799 lips.
928 3733 1005 3786 16116.
1025 3735 1057 3782 et
1074 3727 1179 3782 deinde
1196 3744 1307 3784 omnes.

82 3798 265 3868 Peloponensi
282 3799 345 3854 edd.
364 3811 423 3858 ret
442 3829 475 3842 -
511 3816 616 3871 suoque
633 3802 701 3870 regi
716 3799 927 3855 Dentltele'utem
945 3815 1048 3867 agmine
1065 3799 1186 3853 sessim
1204 3801 1237 3852 in
1254 3799 1309 3852 beo

81 3871 230 3926 divisione
247 3871 297 3926 rel
336 3873 413 3926 otius
433 3871 600 3928 sortitione.
637 3887 743 3943 suoque
765 3872 893 3926 recident
919 3869 1052 3925 beliatem
1077 3885 1104 3922 α.
1124 3885 1147 3922 c.
1165 3869 1225 3923 MS.
1245 3869 1308 3924 edd.

80 3941 176 3995 Ilhen.
202 3945 227 3996 1.
255 3949 286 3996 et
348 3943 376 3996 tl.
401 3945 468 4012 regi
491 3945 558 3998 dent
582 3943 727 3998 Heliotem
752 3942 844 3998 Rhen-
867 3946 893 3999 2.
919 3947 945 3997 3.
971 3941 1038 4009 regi
1055 3939 1263 3994 Dentltelt‘otem
1280 3957 1308 3996 o.
1397 3969 1407 3984 ο

82 4013 147 4068 edd.
165 4012 231 4066 ber.
249 4013 329 4084 lips.
349 4023 379 4067 et
395 4013 464 4070 dele
483 4030 593 4068 omnes.
620 4015 699 4069 Haeo
717 4013 806 4068 leutio
824 4012 978 4084 repudiata
996 4031 1013 4065 a
1024 4011 1136 4082 lipsio,
1155 4013 1223 4081 quie
1234 4010 1309 4065 Den-

82 4081 205 4138 rbeletee
219 4086 270 4139 rel
282 4086 381 4155 potins
392 4083 575 4140 Dontbelt'toe
585 4086 712 4156 populus
722 4084 872 4138 ‘ibraeiee-
891 4083 949 4138 Sed
959 4081 1159 4136 memorabilis
1172 4091 1216 4136 est
1228 4083 1309 4138 loeus
1323 4127 1325 4133 ,

83 4153 245 4224 Stephani-t
274 4157 429 4209 Δείθοίνιοιι
453 4152 533 4216 πόλις
550 4160 603 4228 μία
620 4159 677 4210 τῶν
693 4151 889 4226 περιμαχήτων
904 4155 1076 4221 Μεσσηνίων
1100 4155 1148 4205 nel
1164 4153 1309 4206 Λακεδαι-

81 4227 200 4296 μονίαν.
218 4226 295 4279 ilino
313 4229 455 4283 blenrsins
474 4229 506 4282 in
524 4229 629 4282 henou.
658 4233 685 4294 1,
702 4231 729 4284 2.
748 4225 959 4296 ὓιίίίιιπίαίιυι
975 4225 1005 4278 b.
1026 4225 1056 4289 1.,
1091 4231 1122 4278 et
1139 4224 1309 4278 Haletenius

81 4303 114 4350 et
131 4295 226 4368 Ryok.
246 4297 323 4368 sputi
340 4297 442 4370 steph.
460 4293 611 4354 Δινθᾶίιοι
628 4300 787 4376 legendum
803 4297 973 4362 oeusebent3
992 4303 1021 4352 et
1041 4295 1183 4366 suspicari
1202 4297 1308 4366 possis,
