2762 4788
195 149 249 208 cn
559 99 564 109 ’
642 127 825 212 oonrcrs
854 147 949 214 rrss.
1020 195 1024 208 .

252 407 255 410 ,
297 319 352 410 15·
380 313 581 409 Rudmt't,
619 319 919 396 membranaceus
957 327 994 392 et
1025 319 1104 390 sine
1141 317 1260 408 titulo,
1298 319 1371 413 quel

196 421 289 496 olim
312 417 484 494 Matthias
520 415 702 495 Corvinus
732 418 940 512 ilungariae
963 415 1239 513 Bohemiaeque
1273 441 1333 488 rex
1359 439 1371 496 a

196 520 267 596 alio
285 517 365 592 MS.
380 517 589 590 Florentiae
611 517 895 593 describendum
921 527 958 590 et
971 516 1098 590 Budas
1121 517 1162 588 in
1188 515 1371 592 bibliothec

195 620 295 714 regia
317 617 578 704 asservandum
604 629 808 708 ornaverat,
845 618 944 690 unde
971 613 1173 705 Budare,
1213 613 1371 698 Coruini

195 741 264 792 nur
289 729 328 794 et.
350 743 371 788 a
395 716 570 804 Rhenaue
592 713 737 812 Regina
762 717 906 801 dicitur.
958 717 1058 790 Eum
1083 713 1193 810 paulo
1218 727 1302 811 post
1325 717 1371 802 vt

197 817 337 892 dislaus
359 819 408 890 11.
449 840 513 891 rex
546 813 617 891 lae.
645 815 842 911 Spiegelio,
881 819 944 912 qui
975 818 1071 910 Imp.
1105 815 1371 888 Masimiliano‘

196 943 311 996 manu
347 927 384 995 et
416 915 577 990 consiliis
612 926 699 1008 erat,
745 925 783 990 et
823 916 885 991 hic
924 941 955 986 a.
969 911 979 936 '
993 917 1097 992 1518.
1136 915 1310 989 Rhenano
1345 917 1371 998 dl

196 1043 245 1090 no
292 1017 449 1090 dederat.
515 1014 682 1096 Tandem
729 1039 816 1090 vero
852 1015 916 1088 ille
948 1027 984 1091 et
1025 1015 1160 1092 abhinc
1190 1016 1267 1086 lere
1307 1039 1371 1112 ann

194 1117 245 1190 L.
267 1116 487 1200 hereditario
511 1117 592 1190 iure
625 1116 670 1186 ad
695 1116 923 1190 Dorsnerunr
957 1125 1181 1209 pervenerat,
1217 1125 1371 1208 tormmt

197 1219 271 1292 riae
295 1217 349 1288 rei
374 1239 441 1310 per
466 1214 627 1288 Galliam
659 1215 894 1332 sraelectum,
933 1216 1037 1310 isque
1070 1238 1183 1286 usum
1215 1215 1295 1298 eius
1327 1233 1371 1296 cor

197 1325 351 1390 cesserat
377 1313 567 1408 Oberlino.
623 1315 697 1386 Hrc
721 1325 778 1388 est
800 1315 917 1389 codex
939 1313 1014 1405 ille,
1052 1339 1127 1410 quo
1151 1315 1245 1386 duce
1269 1313 1371 1394 Rherr

196 1440 266 1490 nus
292 1425 329 1488 et
354 1412 555 1490 Oberlinua
579 1413 756 1487 nonnulla
780 1415 933 1510 qudem
957 1415 1075 1491 Taciti
1099 1413 1190 1501 loca,
1216 1415 1371 1507 praecipi

197 1539 250 1605 ea,
284 1514 421 1609 quibus
445 1512 545 1584 nihil
565 1537 683 1606 paene
705 1525 896 1590 enotatrrrn
918 1538 962 1585 er
986 1513 1069 1596 aliis
1094 1511 1216 1604 MSS,
1242 1515 1371 1608 emend

196 1623 283 1696 runt
316 1623 353 1686 et
376 1613 622 1702 restituerunt,
661 1613 726 1686 sed
751 1612 859 1707 longe
883 1612 991 1706 plura
1016 1622 1053 1683 et
1076 1635 1191 1706 paene
1214 1613 1371 1694 innumel

198 1714 459 1808 depravarunt:
485 1735 572 1788 narn
598 1713 676 1785 dini.
696 1714 760 1784 vir
783 1722 922 1806 potest,
940 1735 1053 1806 quarn
1076 1710 1195 1785 multa
1218 1712 1261 1782 in
1285 1735 1327 1782 eo
1350 1735 1371 1788 n

47 1867 65 1906 „
197 1835 324 1887 socors
354 1810 595 1906 smpiquua
624 1809 795 1898 librarius
829 1812 1033 1905 corruperit
1064 1821 1101 1883 et
1134 1811 1315 1894 conserit,
1348 1837 1371 1894 u

196 1915 345 2006 ineptus
367 1909 544 2004 glossator
568 1912 742 1988 orationis
767 1913 953 1992 contextui
984 1911 1213 2005 adsperserit
1272 1912 1327 1984 De
1354 1911 1371 1990 it

197 2023 298 2096 terna
336 2012 415 2082 eius
439 2007 568 2089 indole
589 2033 624 2080 v.
651 2008 777 2092 Oberl.
803 2013 842 2084 in
869 2009 985 2088 Praei.
1012 2035 1048 2105 p.
1073 2010 1324 2091 XIII—XX.

58 2174 63 2185 .
299 2109 356 2186 16.
382 2108 574 2204 Rndolplai
596 2107 818 2204 Amisene,
856 2111 1130 2186 recentissimus
1163 2119 1199 2182 et
1230 2111 1371 2190 mireit

196 2209 410 2306 terpolatus,
448 2211 554 2285 cuius
592 2207 765 2286 lectiones
802 2209 999 2303 vulgarunt
1035 2209 1200 2303 Lipsius,
1240 2209 1314 2296 (cui
1350 2233 1371 2294 a

196 2313 344 2382 miserat
381 2307 544 2395 Medius)
575 2307 752 2400 Ryclrins,
788 2310 860 2390 lac.
902 2309 1113 2383 Gronovius
1152 2319 1188 2380 et
1224 2309 1371 2390 Heinsio]

84 2460 87 2469 2
196 2414 253 2484 De
278 2434 322 2482 eo
346 2409 497 2504 Lipsius
522 2409 562 2479 in
588 2408 705 2492 Praei.
732 2409 778 2482 ad
812 2409 897 2482 edit.
930 2434 962 2480 a.
994 2407 1098 2485 1585.
1162 2408 1305 2498 „Multa
1338 2409 1371 2478 Rr

196 2509 357 2605 riulphus
396 2509 605 2582 observarat
640 2519 677 2582 at
708 2509 754 2583 ad
787 2509 993 2603 marginem
1023 2509 1113 2580 libri
1146 2510 1204 2587 soi
1228 2507 1371 2588 retulere

196 2610 260 2686 sed
285 2611 338 2685 ita
360 2619 402 2680 ut
424 2609 504 2694 inre
523 2608 700 2701 ambigas,
724 2621 897 2703 prompta
922 2633 964 2678 ea
988 2633 1009 2680 e
1034 2609 1294 2684 remotissimis
1309 2606 1371 2690 lior

195 2711 268 2782 sim
293 2733 339 2782 an
365 2709 411 2780 ab
439 2703 559 2802 ipso.“
609 2705 669 2782 Cl.
695 2732 731 2803 p.
759 2706 839 2780 CV.

440 2899 469 2962 ρ.
506 2891 602 2947 sano
629 2891 682 2946 nr
707 2855 837 2948 rivers
861 2891 968 2948 noers
993 2891 1161 2948 cornrrr.

295 3004 351 3078 17.
380 2999 683 3099 Bamtergemte,
722 3005 789 3101 qui
825 3007 960 3076 nostris
994 3005 1225 3099 temporibus
1259 3007 1371 3100 saepiu

192 3104 256 3178 sed
283 3105 417 3178 frustra
442 3105 625 3198 quaesitus
652 3113 718 3194 est,
744 3129 765 3175 a
790 3104 932 3200 Lipsio.
1103 3181 1106 3186 ,
1370 3167 1371 3182 .

295 3204 360 3278 111.Ι
381 3202 436 3278 19.
464 3203 552 3289 Duo
563 3201 787 3296 Florentino,
813 3227 972 3300 quorum
995 3202 1086 3278 alter
1110 3229 1174 3276 sex
1194 3206 1371 3299 posteriore

191 3301 394 3374 Annalium
426 3313 463 3374 et
496 3303 659 3400 quinque
690 3303 951 3394 Historiarum,
988 3303 1079 3386 alter
1114 3305 1265 3378 eosdem
1290 3305 1371 3376 Anni

191 3401 287 3571 null
313 3411 349 3474 et
375 3401 468 3474 duos
501 3403 642 3494 priores
666 3403 916 3483 Historiarum
947 3403 1065 3479 libros
1100 3403 1361 3502 complectitur,

191 3501 256 3574 Pic
286 3525 362 3574 ena.
1370 3559 1371 3564 ,

189 3661 198 3682 ,
288 3599 348 3681 20.
374 3597 575 3702 Hennes
609 3601 665 3674 vel
693 3599 1015 3679 catarracten.
1043 3605 1371 3684 abundanter

191 3697 436 3775 Covarruviae
461 3701 577 3777 Leiva
602 3701 696 3792 lod,
723 3727 744 3772 a
768 3702 910 3798 Lipsio,
948 3704 996 3778 ad
1022 3727 1134 3800 quem
1161 3714 1326 3800 excerpta
1348 3715 1371 3782 cl

189 3797 281 3872 dicis
306 3799 458 3873 miserat
481 3801 597 3878 Andr.
625 3801 811 3876 Schottus.
1096 3893 1098 3898 ,

197 3958 221 3990 a
287 3917 346 3989 21.
374 3914 559 4010 Sombnoi,
599 3919 663 4014 qni
695 3919 955 3992 vindobonae:
971 3933 1185 4012 asservatur,
1225 3947 1246 3994 a
1279 3917 1371 4016 Lipsl

188 4026 225 4087 et
249 4017 405 4088 Grutero
444 4017 493 4089 Η.
530 4020 562 4108 1,
598 4019 655 4092 l&
692 4017 747 4093 13.
780 4019 841 4095 55.
875 4019 911 4111 2,
946 4021 1009 4096 te.
1032 4023 1093 4096 27.
1160 4023 1239 4095 Non
1277 4037 1371 4114 magt

187 4115 298 4188 huius
336 4118 473 4189 codicis
507 4118 807 4212 vindobonensis
842 4123 1035 4194 auctoritas
1073 4133 1138 4212 est,
1179 4124 1263 4217 quia
1301 4119 1371 4215 plac

188 4217 367 4288 consentit
405 4241 490 4288 cum
529 4219 584 4290 ed.
625 4215 722 4313 Spir.
762 4229 798 4289 ct
837 4219 895 4290 vel
935 4246 979 4292 ex
1017 4245 1059 4292 ea
1097 4220 1154 4292 rel
1195 4245 1238 4292 ex
1276 4221 1371 4291 eodcr
