2890 4790
199 215 262 282 430
586 209 833 278 ANNALIUM
864 211 947 276 me.
979 211 1038 277 lv.

199 385 318 524 pontes
339 385 373 442 ot
393 377 497 440 scales
517 385 596 441 ente
616 379 770 442 fabricati
791 381 919 442 inferre
940 381 1199 466 propugnaculis
1222 399 1329 464 eaque
1351 401 1432 466 pre-

224 479 353 542 ensare,
384 459 563 524 detrahere
592 469 627 525 et
653 461 815 525 adversus
838 464 1024 526 resistentis
1045 465 1197 525 cominus
1218 467 1301 540 niti;
1331 466 1428 526 miles

200 553 317 607 contra
346 543 525 607 deturbare
553 545 641 625 telis,
672 547 799 627 pellere
827 545 1038 626 umbonibuS,
1067 547 1211 610 muralia
1237 547 1322 630 pila,
1352 569 1425 610 con-

199 638 308 716 gestas
331 628 481 710 lapidum
502 627 605 690 molas
626 629 838 710 provolvere.
872 627 937 690 His
959 639 1074 712 partae
1095 631 1262 693 victoriae
1281 651 1362 713 spes
1385 639 1422 708 et,

200 715 230 773 si
252 710 382 787 cedant,
402 711 595 798 insignitius
616 713 794 798 flagitium,
828 712 898 774 illis
918 721 1065 776 extrema
1085 715 1152 775 iam
1174 715 1263 775 salus
1285 723 1324 774 et
1347 717 1422 776 assi-

200 802 326 858 eetente
347 795 514 878 plerisque
535 801 659 857 matres
682 803 716 856 et
736 797 895 882 coniuges
916 815 1097 878 earumque
1125 797 1268 858 lamenta
1297 795 1424 858 addunt

200 880 337 942 animos.
379 877 454 938 Nox
476 877 551 938 aliis
572 879 608 938 in
629 875 811 956 andaciam,
832 880 906 940 eliis
928 877 968 940 ad
987 877 1201 940 formidinem
1218 887 1423 962 opportuna,

200 961 322 1023 incerti
345 962 443 1038 ictus,
471 959 612 1022 vulnere
634 963 827 1046 improvisa,
856 981 993 1024 suornm
1026 973 1123 1044 atque
1149 961 1301 1024 hostium
1332 963 1424 1047 igno

199 1045 288 1105 ratio
310 1045 487 1106 et'montis
508 1046 662 1108 anfractu
683 1063 898 1126 repercussae
925 1045 1020 1106 velut
1046 1065 1066 1104 a
1091 1053 1188 1132 tergo
1209 1065 1312 1108 voces
1343 1043 1425 1107 adeo

200 1135 322 1189 cuncta
343 1128 556 1204 miscuerant,
584 1135 624 1188 ut
644 1126 805 1208 quaedam
831 1129 1037 1190 munimenta
1065 1126 1203 1190 Romani
1232 1131 1332 1210 qnasi
1353 1149 1424 1212 per-

200 1218 302 1292 rupta
323 1211 507 1272 omiserint.
541 1208 657 1293 Neque
676 1218 784 1271 tamen
812 1228 993 1294 pervasere
1010 1209 1120 1272 hostes
1148 1211 1214 1272 nisi
1242 1209 1424 1274 admodum

199 1293 317 1376 pauci;
346 1303 488 1370 ceteros,
518 1290 627 1356 deleto
655 1294 905 1376 promptissimo
927 1313 1057 1374 quoqne
1084 1302 1145 1355 aut
1169 1297 1299 1374 saucio,
1326 1315 1425 1376 appe-

198 1381 291 1438 tente
317 1375 384 1438 iam
404 1375 491 1454 luce,
520 1383 653 1438 trusere
674 1379 709 1438 in
730 1395 858 1440 summa
885 1376 1023 1453 castelli,
1062 1377 1120 1438 ubi
1148 1375 1283 1438 tandem
1311 1387 1424 1438 coacta

200 1457 328 1522 deditio
359 1467 393 1522 et
420 1461 573 1541 proxima
601 1467 719 1542 sponte
752 1459 940 1522 incolarum
972 1468 1118 1541 recepta.
1160 1459 1320 1543 Reliquis,
1361 1481 1424 1542 quo

199 1545 309 1606 miuus
331 1542 367 1602 vi
388 1549 447 1602 aut
477 1540 607 1606 obsidio
636 1541 885 1628 subigerentur,
915 1549 1129 1624 praematura
1156 1546 1282 1606 montis
1306 1543 1424 1606 Haemi

200 1632 234 1687 et
254 1644 352 1688 saeva
373 1622 479 1686 hiems
501 1625 667 1690 subvenit.

271 1729 295 1780 1.
324 1723 447 1778 catervis
465 1723 645 1778 decumntee
662 1725 785 1780 unnulis
804 1723 925 1780 castello
944 1725 1116 1792 coniunctis,
1135 1724 1170 1780 de
1188 1723 1295 1796 quibus
1312 1743 1345 1782 v.
1366 1743 1421 1796 esp.

198 1796 234 1850 49
251 1812 296 1866 pr.
331 1794 477 1860 „colnois
500 1793 530 1852 h.
549 1811 573 1852 e.
594 1799 775 1864 catervatim,
800 1805 834 1848 ut
853 1797 982 1850 nituntur
1000 1795 1097 1850 curteio
1119 1795 1156 1852 ll.
1174 1799 1201 1862 3,
1220 1800 1266 1854 29.
1287 1797 1337 1852 Cf.
1357 1799 1423 1851 llat-

200 1863 279 1920 thiae
299 1865 400 1923 Gram.
421 1865 473 1923 Gr.
493 1863 516 1932 i.
536 1869 597 1923 4⁰4.
619 1875 647 1922 et
664 1865 779 1922 llamsh.
800 1869 853 1922 Gr.
872 1865 895 1933 ἕ.
915 1871 974 1926 139.
994 1867 1029 1920 ab
1047 1867 1135 1922 init.“
1162 1865 1270 1923 Waltle.
1292 1899 1328 1909 —
1367 1885 1421 1920 ηια-

198 1939 298 2020 nuale'p
316 1953 399 2005 sara,
419 1955 491 2010 quae
509 1939 610 2015 Veget.
630 1941 656 2004 4,
675 1939 701 1995 8.
726 1939 865 1994 dicuntur
891 1957 957 1993 saxa
975 1939 1106 2004 minima,
1131 1937 1262 2021 manilpus
1282 1939 1422 2005 iacienda,

194 2008 339 2134 ιιι
356 2009 442 2134 ιιι.-
463 2009 503 2134 t·
513 2015 560 2135 s
580 2011 641 2138 ιι·
662 2017 691 2134 ι
709 2010 955 2136 urcem·
972 2011 1256 2146 naemu
1275 2012 1316 2136 ι.
1329 2019 1422 2147 ιι.-

198 2100 279 2209 lis'-
315 2099 426 2220 s'sillnme
444 2123 494 2208 eas
506 2099 740 2222 praemagnis,
759 2168 837 2220 „non
855 2097 1065 2218 turs-impensi
1082 2119 1193 2207 vallos,
1205 2125 1273 2208 nem
1290 2120 1420 2208 turribus

197 2225 312 2278 munita
329 2225 446 2296 quidem
465 2231 560 2279 castra
576 2225 712 2292 Romana,
732 2225 783 2279 sed
800 2241 861 2280 non
878 2226 936 2279 nisi
954 2231 1027 2278 stata
1045 2231 1074 2278 et
1091 2223 1285 2278 diuturniora.
1302 2244 1336 2278 v.
1347 2225 1419 2296 lips.

198 2293 235 2350 de
258 2295 321 2350 mil.
350 2296 431 2350 Rom.
457 2299 485 2364 5,
503 2297 528 2354 5.
565 2295 706 2373 intellige
729 2295 852 2350 loricam
878 2303 986 2350 textam
1010 2311 1036 2349 c.
1056 2295 1120 2352 ssf‘
1145 2295 1274 2350 Freiresl.
1302 2305 1335 2350 et
1353 2298 1417 2350 Ειιι.

198 2365 294 2420 lmmo
312 2367 481 2436 turriculas,
505 2367 541 2422 de
565 2367 668 2492 ppibus
692 2367 760 2423 vide
784 2368 874 2422 verba
891 2367 1006 2444 Vegetii
1024 2367 1057 2419 in
1075 2374 1144 2422 nota
1162 2372 1187 2424 1.
1206 2367 1243 2422 ad
1261 2384 1287 2420 c.
1307 2371 1354 2425 49.
1374 2369 1419 2423 ael·

553 2456 567 2492 e

197 2439 589 2568 ii'spiimail'ii'ia
602 2439 1419 2578 ”ttet‘ttttttetttmffitsswett

197 2583 236 2635 cf.
257 2528 293 2636 dd
311 2581 347 2634 ll.
375 2584 403 2650 2,
431 2585 476 2640 42.
503 2609 538 2621 -
578 2528 705 2636 miralia
731 2582 804 2652 pilo,
820 2554 946 2636 'maiora
971 2581 1018 2645 iis,
1046 2597 1119 2651 quae
1143 2583 1176 2635 in
1201 2582 1264 2636 acie
1289 2550 1420 2638 isoes-ens

197 2656 256 2720 tur,
275 2653 393 2706 facilins
411 2651 573 2708 deiicienda
592 2663 622 2708 et
639 2655 743 2708 maiori
761 2671 828 2708 cum
846 2654 887 2708 ri.
916 2653 986 2708 Ere.
1008 2653 1052 2708 Cf.
1073 2652 1153 2708 Caes.
1172 2653 1205 2706 B.
1225 2653 1263 2708 G.
1280 2657 1310 2720 5,
1328 2658 1375 2711 44.
1394 2660 1418 2718 l,

197 2727 241 2792 82,
263 2757 296 2768 -
315 2729 442 2777 extremo
460 2725 520 2778 iam
537 2725 625 2792 solos,
650 2725 808 2849 reputatio,
832 2724 910 2779 hanc
929 2741 990 2779 esse
1009 2741 1097 2778 unam
1115 2733 1145 2780 st
1161 2725 1300 2780 ultimam
1317 2725 1419 2780 salutis

196 2797 296 2864 viam3
315 2795 385 2852 Ere.
406 2827 440 2838 -
476 2793 644 2850 meisteetee
658 2797 804 2868 perteque
820 2803 928 2850 centres
946 2829 979 2840 -
998 2795 1118 2862 animos,
1137 2797 1176 2853 cf.
1195 2796 1231 2850 ad
1250 2797 1285 2852 G.
1306 2799 1334 2854 2.
1352 2817 1381 2851 n.
1395 2803 1417 2852 7.

267 2871 293 2924 2.
312 2867 376 2921 Noa
395 2866 466 2921 aliie
483 2868 516 2922 in
535 2869 686 2922 audaciam
702 2875 870 2938 opportune,
887 2875 923 2921 ut
939 2868 1082 2938 impetum
1106 2869 1239 2922 facemnt
1256 2869 1288 2921 in
1307 2865 1417 2923 hostem

197 2937 358 3006 incautum,
388 2939 460 2994 aliie
478 2941 517 2994 ad
539 2941 732 3008 remidium,
754 2950 789 2994 ut
805 2941 943 3016 lugerent
966 2947 1017 2994 eut
1040 2938 1163 2994 latebras
1182 2949 1367 3010 quaererent.
1387 2973 1414 2982 -

196 3010 372 3066 munimenta
401 3011 525 3066 Romani
552 3011 713 3080 omiserint,
741 3031 769 3070 v.
793 3011 830 3066 sd
853 3015 882 3079 3,
906 3013 951 3078 47,
976 3015 1001 3066 1.
1026 3041 1061 3054 -·
1099 3027 1249 3079 pervasere
1276 3009 1415 3066 Romanos

196 3096 356 3154 eorumque
383 3083 564 3139 munimenta
588 3091 618 3138 et
641 3101 766 3140 evasere.
785 3115 819 3126 -
856 3089 1003 3152 appetente
1031 3083 1091 3135 iam
1115 3081 1186 3150 luce,
1217 3083 1357 3148 instante,
1376 3085 1415 3136 in-

196 3163 329 3228 gmente,
348 3163 382 3208 nt
399 3155 435 3210 H.
455 3159 482 3224 2,
503 3159 537 3214 19
554 3173 599 3227 pr.
617 3155 688 3232 Agr.
710 3159 750 3212 lt).
770 3155 836 3208 Lir.
856 3159 884 3220 5,
903 3157 945 3210 44.
967 3155 994 3219 8,
1012 3155 1057 3211 38.
1077 3161 1107 3208 et
1123 3153 1161 3210 el.
1182 3185 1213 3198 -
1234 3160 1347 3208 trusere
1364 3155 1415 3208 llo-

196 3229 276 3280 msni
294 3227 327 3280 s'n
344 3243 461 3294 summu,
481 3244 647 3300 supremam
664 3236 789 3299 partem,
807 3226 929 3291 castelli,
948 3223 984 3280 de
1003 3241 1060 3297 quo
1078 3244 1107 3282 r.
1126 3241 1187 3296 cap.
1206 3227 1250 3282 4⁷.
1271 3233 1302 3280 et
1320 3229 1355 3282 49
1371 3243 1412 3295 pr.

196 3315 264 3350 narn
287 3299 374 3424 pilare
396 3299 520 3424 cortelllp
543 3299 663 3386 rupibus
687 3299 783 3354 indite
805 3296 986 3422 cppiltile'n
1012 3293 1372 3432 mmpclaeshpeldbfssnp
1388 3305 1413 3422 pt

195 3385 292 3520 2352?
325 3386 483 3495 tute
507 3387 733 3497 cliiii}
751 3385 822 3498 :tt
836 3385 1051 3522 ‘retemta
1071 3385 1116 3496 if.
1136 3437 1174 3524 ..ι
1189 3440 1217 3504 s,
1230 3405 1281 3504 ia,
1301 3385 1414 3520 ism:

195 3525 333 3565 nurerum
351 3513 413 3568 edd.
431 3522 489 3568 ret.
527 3515 653 3566 uicorum
672 3529 747 3568 corr.
769 3513 825 3570 lac.
846 3511 937 3568 Gron.
957 3519 987 3566 et
1004 3517 1125 3564 satorum
1142 3509 1205 3580 Bsp.
1220 3543 1254 3554 —
1279 3509 1413 3580 Rebpars,

196 3595 251 3652 quo
268 3583 372 3650 minue,
392 3601 436 3638 ns.
458 3613 491 3628 -
510 3585 641 3651 ‚Montis
659 3583 747 3640 lieme
766 3584 923 3660 singularis
942 3581 1032 3637 dictio
1052 3590 1081 3638 et
1098 3583 1199 3636 forsan
1216 3581 1276 3658 leg.
1304 3588 1413 3650 praeter

196 3660 330 3708 naturam
347 3655 452 3708 montis
470 3655 584 3714 Haeens'.
621 3655 670 3711 Sic
689 3663 794 3710 nature
812 3655 916 3710 montis
939 3671 983 3726 ap.
1003 3653 1067 3710 Liv.
1087 3656 1133 3720 28,
1150 3655 1195 3710 20.
1215 3657 1257 3712 ao
1284 3663 1315 3708 et
1338 3653 1410 3706 Caes.

196 3725 226 3782 ll.
247 3725 283 3782 G.
305 3731 331 3794 Ι,
349 3725 414 3784 21.“
434 3727 532 3798 Wopl.
568 3727 627 3784 sse
644 3729 797 3806 vulgatum
814 3725 894 3781 haud
910 3724 1090 3780 mutandum.

645 3837 841 3928 cnrur
892 3868 978 3925 uu.

276 3980 322 4044 At
355 3979 479 4044 Romae
511 3989 676 4045 commota
703 3979 869 4042 Princiis
903 3975 1013 4054 domo,
1049 3982 1089 4038 nt
1116 3977 1219 4038 series
1245 3977 1355 4038 futuri
1381 3978 1409 4036 in

195 4061 414 4150 Agrippinam
455 4065 551 4126 exitii
598 4065 774 4146 inciperet,
817 3997 957 4124 dlaudis
995 4057 1142 4124 Pulchra
1177 4057 1316 4122 sobrina
1346 4060 1409 4122 eius

195 4147 386 4226 postulatur
414 4153 590 4209 accusante
616 4145 766 4209 Domitio
787 4143 881 4207 Afro.
923 4143 956 4206 ls
978 4161 1093 4207 recens
1114 4147 1286 4226 praetura,
1311 4141 1408 4204 modi-

196 4247 255 4288 cus
277 4227 480 4328 dignationis
502 4237 537 4291 et
558 4249 689 4314 quoquo
711 4230 861 4291 facinore
881 4245 1048 4312 properus
1070 4227 1267 4304 clarescere,
1290 4229 1408 4287 crimen

198 4309 440 4392 impudicitiae,
475 4310 665 4376 adulterum
691 4313 864 4392 Furnium,
899 4311 1060 4375 veneficia
1096 4311 1132 4371 in
1162 4307 1354 4394 Principem
1380 4315 1408 4370 et
