2872 4792
268 201 413 269 cucur
433 199 542 270 nvn.
584 199 638 282 (c.
654 199 694 268 o.
709 200 781 270 ru.
803 193 843 268 1.
858 199 895 268 c.
913 201 977 282 ιε.)
1169 167 1237 266 'ur

51 379 89 426 sut
102 367 185 428 tale.“
200 347 277 441 lips.
299 337 437 426 xVidetur
450 367 577 498 glosulis
594 383 656 424 nou
672 367 830 454 urgendus,
848 367 1030 438 utpuresstes
1046 367 1074 436 3,
1092 367 1136 435 71,
1155 369 1181 424 l.
1206 372 1237 420 et

51 445 112 514 leges
126 443 158 496 de
173 461 228 498 uns
245 441 326 582 leffe,
344 444 414 498 Eros.

472 443 500 496 ic
518 441 603 495 liberi
620 449 650 496 et
666 441 722 508 fitis
739 441 851 496 denno
868 441 933 495 otio
949 441 1050 494 filiave
1068 446 1123 492 cet.
1149 438 1237 492 Prae·

50 523 113 569 teres
128 513 181 580 filii
194 531 248 586 pro
285 514 325 569 lio
344 521 371 568 et
388 513 459 582 filiu,
477 515 586 580 fratres
602 529 657 584 pro
675 515 768 579 lrutre
785 517 812 566 et
830 527 936 580 sorore,
955 520 988 564 ut
1005 515 1050 578 ll,
1067 513 1112 567 33.
1140 511 1183 576 li,
1208 511 1234 566 4·

49 586 78 641 at
93 605 115 640 r.
133 585 191 639 ind.
209 587 263 640 111.
283 605 309 639 r.
328 585 468 639 Numerus
486 583 565 638 Plur.
583 601 636 652 pro
655 585 738 654 Sing.
758 583 881 652 Quintil.
900 587 927 649 3,
945 585 973 639 3.
994 582 1081 636 Gesn.
1101 579 1186 634 Thes.
1206 599 1234 634 v.
1278 635 1285 648 ,

47 657 111 720 fitius
126 667 152 711 et
166 659 265 724 fruta.
285 657 362 715 Gell.
382 661 409 725 2,
429 660 471 712 13.
490 654 662 711 Rsmsborn.
682 657 781 711 Grsm.
798 673 828 728 p.
837 657 882 713 13.
901 657 963 712 663.
982 653 1114 709 Ruddim.
1134 651 1235 706 Grarn.

48 728 73 784 T.
89 731 107 782 1.
123 747 148 800 p.
167 729 225 786 164.
243 728 277 786 Τ.
297 730 336 783 lt.
354 747 385 801 p.
403 730 448 786 36.
468 732 512 785 st.
538 735 578 794 ct,
645 745 675 784 os
700 727 752 780 hio
776 726 917 793 laudavit,
950 725 1041 779 Gron.
1066 724 1102 778 ed
1125 725 1189 778 htv.
1209 727 1235 787 l,
1319 781 1324 791 ,

47 803 82 854 dt.
97 809 122 852 et
138 800 171 853 sd
187 799 254 854 Seu.
273 800 347 856 bled.
367 819 396 854 r.
416 803 451 858 66
469 807 499 854 et
516 801 562 856 63.
581 796 615 864 (ιι
634 801 645 852 i
661 813 767 868 regum¹
775 813 834 922 dm
851 797 933 866 regis
950 804 978 852 et
994 796 1106 865 puellae
1123 795 1235 864 regiae,

48 879 70 924 st
83 871 232 926 touustibus
249 873 284 927 de
302 874 370 928 lore
389 880 419 926 et
436 870 562 938 Iunone)
588 871 773 927 blunckem
811 869 856 939 Hy
882 871 919 922 'n'.
937 869 996 922 fab.
1016 867 1112 921 cm.
1140 865 1234 920 Bentl.

47 941 147 998 udllor.
166 943 224 998 Set.
244 949 271 1010 1,
291 949 319 1012 l,
337 947 398 1000 133.
423 944 524 996 burm.
550 941 586 996 ed
610 941 730 1010 Quintil.
749 945 776 1008 3,
793 943 819 998 3.
869 949 926 995 ort.
950 941 987 994 ud
1004 937 1075 994 Sall.
1103 935 1167 1015 lug.
1188 937 1234 992 76.

47 1013 153 1076 ,deind
169 1023 325 1086 unumque
344 1016 455 1070 Pisonis
473 1015 568 1067 filium
585 1012 647 1069 lut
665 1013 795 1084 pertinet
813 1011 916 1080 oratio,
935 1029 1025 1085 quum
1043 1011 1144 1066 absens
1163 1022 1236 1079 quc·

46 1103 90 1154 que
104 1095 246 1156 suspectus
264 1096 339 1142 esset
358 1087 528 1148 Germanici
552 1083 686 1139 amicis.“
710 1085 807 1140 Boett.
827 1085 859 1138 in
876 1085 947 1138 Len.
973 1082 1042 1136 Tuo.
1069 1099 1099 1154 p.
1118 1083 1180 1137 361.
1201 1109 1234 1122 -

46 1157 166 1228 ipsumque
183 1163 210 1210 et
227 1158 272 1214 Pl.
292 1165 320 1213 et
337 1161 390 1227 fil,
409 1161 448 1212 el.
467 1157 503 1211 ad
521 1155 559 1208 G.
579 1161 603 1212 1.
623 1175 651 1213 n.
672 1161 695 1213 l.
716 1189 749 1200 -·
768 1156 816 1208 iro
834 1163 861 1210 et
880 1154 1071 1211 dissimulatio
1094 1169 1149 1226 pro
1171 1149 1237 1204 irae

46 1229 226 1283 duumlstios
245 1229 328 1287 lietb.
346 1249 377 1302 p.
395 1233 441 1287 33.
459 1245 487 1282 v.
507 1227 569 1282 lud.
588 1227 642 1284 111.
660 1247 688 1285 r.
707 1227 918 1298 llessdiudyoin.
943 1229 1093 1294 „Muretus
1111 1223 1187 1278 male
1206 1229 1236 1278 et

45 1309 267 1356 contrementem
285 1300 382 1355 Taciti
400 1301 478 1355 coni.
497 1299 561 1352 irus
579 1299 789 1355 dissimulatios
806 1319 873 1354 nam
891 1299 964 1354 baec
976 1298 1044 1352 talis
1056 1304 1235 1368 potestesse,

45 1378 70 1422 ut
82 1374 198 1428 montem
213 1381 245 1428 et
262 1374 350 1428 verbu
368 1375 516 1444 praeierat
534 1387 715 1443 summopere
733 1371 907 1438 ementium,
937 1377 968 1424 at
984 1369 1033 1423 irc
1053 1376 1082 1422 et
1100 1367 1235 1422 dissimu-

45 1441 100 1494 latio
121 1453 171 1510 est,
197 1445 248 1498 ubi
276 1445 402 1521 insignis
430 1452 459 1500 et
484 1449 552 1496 nota
576 1443 622 1497 ire
646 1443 690 1496 sic
713 1443 827 1530 insigni
846 1442 1053 1514 comprimitur
1070 1441 1177 1504 animo,
1201 1443 1236 1488 ut
1293 1460 1301 1468 ·

45 1513 176 1570 identidem
194 1525 328 1588 erumpet
356 1533 417 1570 sese
443 1533 477 1570 ec
498 1513 574 1568 mule
600 1521 688 1600 tegat.
724 1515 832 1588 Aocrpe
859 1531 941 1592 ergo,
969 1513 1084 1582 qualem
1103 1509 1235 1564 vicissim

45 1601 104 1637 nuno
125 1587 176 1654 irs,
203 1605 282 1642 nunc
305 1589 367 1642 eius
389 1586 582 1642 dissimulatio
605 1587 713 1662 gignit,
737 1583 797 1651 (ira
815 1585 900 1640 modo
923 1584 1024 1651 effusa,
1051 1581 1136 1636 modo
1155 1596 1235 1634 com·

44 1657 134 1724 presse)
151 1659 245 1729 qualis
270 1657 344 1713 solet
361 1659 501 1713 alternari
530 1658 609 1714 inter
634 1673 693 1724 eos,
717 1657 770 1728 qni
794 1657 893 1711 eodem
917 1664 1049 1728 tempore
1076 1651 1235 1722 eodemque

45 1741 176 1804 congressu
193 1732 294 1786 frenos
313 1729 478 1784 iracundiae
496 1729 579 1782 modo
597 1728 740 1797 relaxent,
757 1729 842 1783 modo
852 1726 1028 1782 uddummt“
1046 1725 1072 1778 Ι.
1082 1725 1130 1779 Fr.
1145 1724 1233 1777 Gron.

44 1795 217 1886 ,designatur
240 1818 349 1869 sermo,
373 1817 459 1873 quem
482 1799 606 1854 dicimus
624 1799 724 1867 kalt,
747 1798 779 1853 h.
797 1817 823 1854 e.
848 1802 881 1854 in
899 1816 957 1870 quo
978 1801 1022 1854 ira
1046 1811 1106 1850 non
1122 1795 1235 1866 patitur

43 1871 188 1937 amicitiem,
209 1875 273 1929 irae
290 1883 386 1928 tumen
403 1871 596 1926 dissimulatio
614 1869 732 1926 cohibet
753 1871 842 1926 verba
863 1871 981 1926 etr-ocis.
1005 1869 1052 1925 Cf.
1073 1873 1118 1934 13,
1136 1871 1180 1923 44.
1200 1891 1234 1902 -

42 1943 149 2006 medius
165 1945 382 2012 contumacibus,
399 1943 534 2014 precibus
553 1958 613 1997 non
631 1943 721 2009 reris,
739 1941 790 1996 sed
807 1942 849 1996 ita
865 1942 978 2010 mixtis,
995 1951 1029 1996 ut
1046 1939 1144 1994 verbis
1162 1937 1235 1992 emi-

43 2019 273 2082 succensuimus,
291 2017 408 2070 trotai
441 2015 610 2072 eBittsn.
635 2011 776 2068 Ἀνιίθετα
795 2021 864 2070 sunt
877 2029 976 2082 preces
1000 2021 1030 2068 ct
1046 2009 1234 2069 coutumacia.

43 2080 85 2135 Sed
99 2087 188 2156 placet
203 2089 313 2141 Nostro
330 2085 388 2141 boc
436 2085 526 2140 cendi
539 2104 639 2161 genus,
708 2085 881 2139 cbrerituti
905 2103 991 2156 quem
1015 2083 1141 2138 maxime
1165 2097 1234 2134 con·

44 2153 156 2210 suburr‘
178 2156 286 2212 Watst.
316 2191 348 2202 -
374 2157 614 2228 discesseruntque
632 2102 708 2210 Mgtfl
730 2187 762 2198 -
785 2155 892 2224 opertis
907 2155 1002 2224 'odiis,
1026 2163 1060 2208 ut
1084 2155 1118 2208 H.
1137 2157 1164 2219 3,
1188 2153 1233 2208 66.

42 2229 130 2292 opertis
145 2229 220 2284 odiis
238 2229 351 2284 emend.
372 2229 452 2301 Lips.
470 2227 552 2300 prob.
572 2229 598 2282 1.
617 2229 667 2284 lt·-
686 2227 773 2282 Gron.
793 2227 844 2298 qui
860 2225 934 2282 hoec
951 2226 1118 2281 annotavits
1154 2223 1234 2290 „Nu-

23 2299 156 2354 tturaliter
177 2303 289 2370 evenit,
322 2309 356 2356 nt
377 2319 413 2356 ex
436 2299 604 2355 huiusmodi
629 2299 795 2371 colloquiis,
825 2300 904 2354 inter
926 2299 1043 2374 ingenis
1060 2295 1234 2369 praesertim

41 2367 223 2440 dissociabilis,
241 2380 348 2428 meunt
363 2372 490 2444 professi
506 2373 636 2426 inimici:
656 2379 685 2425 et
702 2381 765 2426 tum
783 2387 856 2442 quoe
873 2369 1061 2442 praecedunt,
1079 2377 1143 2422 tum
1161 2375 1234 2436 quac

41 2453 187 2512 uqunntur,
205 2443 265 2500 hoc
281 2445 410 2500 firment.
448 2443 480 2497 Si
498 2444 578 2498 odiii
593 2441 701 2512 opertis
719 2441 924 2510 discessissent,
943 2443 1023 2496 lenes
1042 2439 1175 2512 querelas
1186 2455 1235 2491 ex-

41 2516 163 2590 purgatio,
180 2515 258 2571 benc
277 2517 338 2572 eius
361 2515 571 2588 qualiscunque
593 2515 723 2586 suceptio
750 2522 779 2569 et
796 2532 898 2568 rursus
917 2514 1015 2586 alique
1032 2518 1149 2565 mutuae
1167 2509 1235 2564 fidei

41 2589 129 2652 species
147 2587 349 2659 sollicitosque
367 2587 467 2640 vultus
486 2588 556 2643 loeti
575 2587 765 2658 excepissent.
801 2585 839 2640 At
856 2585 907 2642 bic
924 2601 1019 2640 sermo
1038 2585 1082 2638 irs
1101 2590 1130 2636 et
1147 2581 1234 2634 dissi·
1309 2605 1312 2614 .

40 2656 175 2714 nutatione
192 2661 315 2726 mixtus,
333 2659 403 2714 dein
417 2675 516 2728 preces
532 2665 718 2725 contunsoces,
742 2656 773 2714 b.
789 2675 814 2715 s.
833 2667 1004 2736 arrogantes
1026 2673 1060 2710 sc
1085 2652 1163 2708 nibil
1187 2670 1235 2706 ce-

41 2725 123 2795 dentis,
140 2731 211 2800 quid
225 2739 350 2802 possunt
366 2731 490 2808 gignere
507 2730 588 2786 oiiud
604 2745 690 2800 qum
707 2730 772 2784 odia
789 2737 900 2784 retecta
917 2739 947 2784 et
964 2727 1153 2800 apparentia?
1172 2724 1235 2779 lam

40 2798 59 2876 si
72 2801 176 2856 nolebat
193 2804 268 2868 spiri
286 2803 362 2868 Piso,
381 2820 411 2857 se
430 2819 496 2856 cum
515 2801 690 2858 Gemnunico
716 2801 748 2854 in
774 2803 868 2878 gratia
892 2817 952 2855 non
978 2816 1048 2865 esse,
1076 2816 1130 2854 cur
1146 2813 1235 2850 rarus

40 2881 63 2920 sc
77 2872 205 2930 imbuuuls'
224 2873 372 2939 caesuris,
391 2890 445 2928 cur
462 2881 605 2940 austerus,
624 2889 678 2926 cur
695 2871 809 2926 diversa
827 2889 943 2942 semper
960 2871 1125 2926 sententia?
1143 2869 1234 2922 Deui-

40 2955 82 3008 tflc
103 2945 198 3000 inusta
224 2946 346 3015 utrique
372 2945 497 3012 indoles,
520 2941 550 3002 b
565 2962 590 3000 e·
605 2951 649 2998 'et
670 2943 841 3015 simplicitas
867 2943 1046 3008 Germanici,
1071 2949 1100 2996 et
1123 2942 1235 2994 ferocis

40 3009 139 3081 Pisoms,
156 3019 225 3070 satis
244 3019 375 3072 refutare
393 3017 548 3094 vulgatum
566 3016 713 3070 videntur.
751 3014 831 3081 Quod
849 3014 995 3070 Gruterus
1013 3019 1111 3089 urget,
1132 3013 1234 3066 amici·

39 3085 95 3137 firm
109 3096 171 3157 post
188 3087 307 3142 demum
326 3089 530 3154 renuntiatam,
549 3091 587 3154 (c.
606 3083 664 3150 76.)
683 3085 718 3140 sd
736 3085 766 3139 id
784 3089 933 3157 responsio
956 3085 1061 3140 facilis.
1099 3081 1198 3152 Aliud,
1217 3099 1234 3138 e

39 3155 162 3229 colloquio
181 3160 328 3214 discedere
346 3159 423 3216 odiis
441 3160 558 3228 opertis,
584 3157 616 3212 h.
629 3175 653 3213 e.
674 3157 714 3210 its
731 3165 765 3208 ut
782 3159 974 3212 alienatorum
1000 3156 1133 3209 odiorum
1151 3155 1251 3231 signu*
1311 3176 1317 3190 ¹

39 3229 299 3302 tetbcppsruerint3
318 3231 407 3297 aliud,
428 3231 598 3286 denuntiare
615 3228 786 3282 inimicitias
811 3236 974 3292 et,omnem
996 3226 1234 3282 consuetudinem

39 3303 183 3369 rumperef‘
203 3305 284 3358 ilinc
300 3302 410 3372 apertis
427 3319 563 3373 recepere
585 3301 681 3358 Obcrl.
699 3299 791 3357 nekk.
817 3301 924 3368 etalii,
951 3307 981 3354 et
1002 3305 1092 3363 recte,
1117 3299 1233 3369 opinor,

38 3369 98 3439 inpr.
114 3384 237 3446 propter
254 3376 344 3430 verbs
361 3393 420 3445 seq.
457 3373 563 3430 Sensus
582 3381 640 3428 est:
666 3386 725 3424 non
743 3372 824 3426 eliud
841 3375 1006 3442 profectum
1030 3379 1075 3424 est
1101 3387 1235 3444 sermone

39 3443 177 3515 utriusque,
246 3465 276 3498 m
288 3453 321 3498 ut
330 3464 389 3502 esa
411 3447 569 3513 orirentur,
580 3461 653 3516 quoe
662 3442 789 3498 alterum
798 3445 886 3498 elteri
900 3445 1050 3498 inimicum
1063 3441 1235 3508 reddebant,

38 3509 94 3566 tort
109 3517 183 3572 inN.
255 3515 308 3572 biv
316 3519 395 3572 iiirl’
418 3517 482 3570 ilol.
495 3520 573 3574 1833.
585 3517 648 3572 nd.
658 3517 685 3572 4.
705 3515 912 3584 immoapertis
925 3516 1002 3570 odiis
1013 3513 1180 3580 discessere,
1193 3515 1236 3568 its

37 3585 505 3661 utdebincpslemessetdissidium
514 3588 593 3644 inter
603 3595 761 3657 utrumque
768 3587 904 3642 virumet
915 3587 1037 3658 abrupte
1043 3585 1235 3642 dissimulatio

37 3655 164 3729 0<li⁰rum3
186 3660 297 3716 Watrt.
324 3663 356 3715 in
380 3659 526 3718 Addcndis
571 3661 659 3715 .463.
683 3657 839 3734 Vulgarum
865 3669 963 3714 temen
980 3667 1096 3733 praeter
1114 3657 1185 3713 sall.
1206 3663 1236 3712 et

36 3723 177 3786 Gruterum
195 3733 360 3788 defendunt
376 3733 474 3788 Heius.
496 3740 526 3786 et
542 3677 623 3786 drot.
642 3731 728 3784 illius
745 3731 892 3786 annotatio
911 3741 969 3788 estc
992 3731 1129 3799 „Opertis
1147 3728 1234 3792 odiis,

37 3806 61 3848 ut
75 3804 185 3881 occubit
204 3805 284 3878 odiis
309 3813 339 3858 et
361 3804 546 3871 dissimulata
564 3801 718 3870 offensione
735 3805 762 3868 3,
781 3806 823 3858 64.
848 3803 967 3858 occultis
993 3802 1113 3857 insidiis
1137 3805 1164 3869 4,
1189 3803 1233 3856 st.

35 3869 230 3944 {susspensus
248 3877 345 3930 Vuler.
364 3875 409 3932 PL
429 3879 457 3942 5,
475 3877 536 3932 636.
556 3875 623 3930 odio
640 3872 754 3928 condito
772 3872 839 3929 Teo.
865 3875 949 3942 113,
973 3877 1018 3931 33.
1056 3873 1167 3928 Similis
1191 3869 1234 3922 di-

35 3946 137 3999 rersitas
153 3948 234 4002 Anu.
254 3950 282 4016 l,
301 3950 344 4004 71.
363 3946 405 4013 (et
422 3947 553 4002 lurensi.
573 3948 601 4013 6,
621 3945 677 4013 18.)
703 3944 779 4000 outa
796 3953 896 4015 opertu
913 3953 980 4000 sunt
997 3947 1124 4000 nondum
1142 3943 1235 3996 muni·
1321 4007 1326 4020 1

36 4012 103 4080 testa,
127 4035 201 4088 quae
225 4019 259 4071 in
284 4021 377 4073 maius
395 4028 493 4090 postes
518 4033 695 4120 prorupere:
731 4035 799 4070 nam
818 4019 877 4072 odii
899 4017 995 4089 aperti
1017 4025 1129 4070 certum
1148 4031 1234 4090 argu·

36 4095 146 4142 neotum
163 4090 335 4145 renuntiare
352 4089 519 4145 coeciliae!
548 4089 655 4142 Huius:
692 4085 746 4154 „Si
764 4089 831 4143 odiu
850 4097 952 4159 operto
972 4089 1105 4154 fuissent,
1130 4085 1161 4138 iu
1179 4084 1234 4139 tri·

34 4154 116 4211 butroti
140 4162 282 4216 caesuris
307 4181 453 4236 nunqnam
477 4160 630 4216 assedisset
655 4159 730 4226 Piso,
753 4177 847 4232 neque
872 4161 1059 4228 eumxoesrb'o
1077 4159 1234 4229 loquentem

36 4228 166 4287 tolerasset
192 4231 421 4290 Germmicus.‘⁴
457 4235 566 4304 Aperte
589 4231 736 4298 dicuntur,
764 4247 826 4287 non
849 4235 918 4304 quis
941 4233 1005 4286 Piso
1031 4239 1061 4285 et
1080 4229 1181 4284 Germ.
1201 4247 1233 4284 es

35 4305 226 4372 patefecerint,
256 4305 304 4362 sed
328 4311 465 4381 quonism
492 4312 523 4362 et
544 4298 617 4374 ip'sis
641 4303 719 4358 inber
741 4321 772 4362 se
794 4313 825 4361 et
845 4305 947 4360 amicis
970 4303 1122 4366 manifeste
1140 4308 1232 4367 ment,
