<?xml version="1.0" encoding="UTF-8"?>
<!DOCTYPE html PUBLIC "-//W3C//DTD XHTML 1.0 Transitional//EN"
    "http://www.w3.org/TR/xhtml1/DTD/xhtml1-transitional.dtd">
<html xmlns="http://www.w3.org/1999/xhtml" xml:lang="en" lang="en">
 <head>
  <title>
</title>
<meta http-equiv="Content-Type" content="text/html;charset=utf-8" />
  <meta name='ocr-system' content='tesseract 3.04.00' />
  <meta name='ocr-capabilities' content='ocr_page ocr_carea ocr_par ocr_line ocrx_word'/>
</head>
<body>
  <div class='ocr_page' id='page_1' title='image "./ccorneliitaciti28tacigoog/ccorneliitaciti28tacigoog_0101.png"; bbox 0 0 2762 4788; ppageno 0'>
   <div class='ocr_carea' id='block_1_1' title="bbox 163 183 881 248">
    <p class='ocr_par' dir='ltr' id='par_1_1' title="bbox 163 183 881 248">
     <span class='ocr_line' id='line_1_1' title="bbox 163 183 881 248; baseline 0.006 -6"><span class='ocrx_word' id='word_1_1' title='bbox 163 187 242 244; x_wconf 76' lang='lat' dir='ltr'>xcll</span> <span class='ocrx_word' id='word_1_2' title='bbox 535 185 538 192; x_wconf 88' lang='lat'>&#39;</span> <span class='ocrx_word' id='word_1_3' title='bbox 661 183 881 248; x_wconf 82' lang='lat' dir='ltr'>DlALOGUS</span> 
     </span>
    </p>
   </div>
   <div class='ocr_carea' id='block_1_2' title="bbox 160 354 1379 2438">
    <p class='ocr_par' dir='ltr' id='par_1_2' title="bbox 162 354 1379 1544">
     <span class='ocr_line' id='line_1_2' title="bbox 165 354 1379 450; baseline -0.008 -20"><span class='ocrx_word' id='word_1_4' title='bbox 165 383 251 431; x_wconf 89' lang='lat' dir='ltr'>cum</span> <span class='ocrx_word' id='word_1_5' title='bbox 276 356 484 428; x_wconf 84' lang='lat' dir='ltr'>conditione</span> <span class='ocrx_word' id='word_1_6' title='bbox 509 366 721 450; x_wconf 77' lang='lat' dir='ltr'>temporiun</span> <span class='ocrx_word' id='word_1_7' title='bbox 747 379 788 426; x_wconf 90' lang='lat' dir='ltr'>ac</span> <span class='ocrx_word' id='word_1_8' title='bbox 804 355 1013 426; x_wconf 85' lang='lat' dir='ltr'>diversitate</span> <span class='ocrx_word' id='word_1_9' title='bbox 1038 354 1275 441; x_wconf 89' lang='lat' dir='ltr'>iudiciorum,</span> <span class='ocrx_word' id='word_1_10' title='bbox 1304 376 1379 421; x_wconf 89' lang='lat' dir='ltr'>sen</span> 
     </span>
     <span class='ocr_line' id='line_1_3' title="bbox 165 455 1379 549; baseline -0.008 -19"><span class='ocrx_word' id='word_1_11' title='bbox 165 481 275 530; x_wconf 86' lang='lat' dir='ltr'>suum</span> <span class='ocrx_word' id='word_1_12' title='bbox 302 467 339 528; x_wconf 88' lang='lat' dir='ltr'>et</span> <span class='ocrx_word' id='word_1_13' title='bbox 363 458 515 528; x_wconf 87' lang='lat' dir='ltr'>aurium.</span> <span class='ocrx_word' id='word_1_14' title='bbox 534 457 671 528; x_wconf 89' lang='lat' dir='ltr'>mutari</span> <span class='ocrx_word' id='word_1_15' title='bbox 695 479 826 549; x_wconf 80' lang='lat' dir='ltr'>genera</span> <span class='ocrx_word' id='word_1_16' title='bbox 851 455 1017 544; x_wconf 71' lang='lat' dir='ltr'>dicendi,</span> <span class='ocrx_word' id='word_1_17' title='bbox 1049 455 1231 548; x_wconf 81' lang='lat' dir='ltr'>sapienter</span> <span class='ocrx_word' id='word_1_18' title='bbox 1243 463 1379 530; x_wconf 74' lang='lat' dir='ltr'>auten</span> 
     </span>
     <span class='ocr_line' id='line_1_4' title="bbox 164 553 1379 650; baseline -0.006 -21"><span class='ocrx_word' id='word_1_19' title='bbox 164 558 290 630; x_wconf 89' lang='lat' dir='ltr'>omisit</span> <span class='ocrx_word' id='word_1_20' title='bbox 315 558 510 650; x_wconf 79' lang='lat' dir='ltr'><strong>inquirere,</strong></span> <span class='ocrx_word' id='word_1_21' title='bbox 536 566 661 627; x_wconf 90' lang='lat' dir='ltr'>utrum</span> <span class='ocrx_word' id='word_1_22' title='bbox 687 565 813 648; x_wconf 81' lang='lat' dir='ltr'>gustus</span> <span class='ocrx_word' id='word_1_23' title='bbox 838 555 1092 648; x_wconf 90' lang='lat' dir='ltr'>iudiciumque</span> <span class='ocrx_word' id='word_1_24' title='bbox 1117 553 1324 623; x_wconf 90' lang='lat' dir='ltr'>hominum</span> <span class='ocrx_word' id='word_1_25' title='bbox 1355 555 1379 622; x_wconf 86' lang='lat' dir='ltr'>ir</span> 
     </span>
     <span class='ocr_line' id='line_1_5' title="bbox 164 651 1379 748; baseline -0.008 -18"><span class='ocrx_word' id='word_1_26' title='bbox 164 657 296 730; x_wconf 89' lang='lat' dir='ltr'>melius</span> <span class='ocrx_word' id='word_1_27' title='bbox 330 679 376 726; x_wconf 91' lang='lat' dir='ltr'>an</span> <span class='ocrx_word' id='word_1_28' title='bbox 401 657 440 726; x_wconf 92' lang='lat' dir='ltr'>in</span> <span class='ocrx_word' id='word_1_29' title='bbox 465 655 571 748; x_wconf 90' lang='lat' dir='ltr'>peius</span> <span class='ocrx_word' id='word_1_30' title='bbox 597 657 645 726; x_wconf 91' lang='lat' dir='ltr'>sit</span> <span class='ocrx_word' id='word_1_31' title='bbox 669 665 856 726; x_wconf 89' lang='lat' dir='ltr'>mutatum</span> <span class='ocrx_word' id='word_1_32' title='bbox 882 664 918 726; x_wconf 90' lang='lat' dir='ltr'>et</span> <span class='ocrx_word' id='word_1_33' title='bbox 951 653 1158 748; x_wconf 79' lang='lat' dir='ltr'>eloquentia</span> <span class='ocrx_word' id='word_1_34' title='bbox 1181 652 1272 724; x_wconf 91' lang='lat' dir='ltr'>inde</span> <span class='ocrx_word' id='word_1_35' title='bbox 1301 651 1379 745; x_wconf 92' lang='lat' dir='ltr'>pul</span> 
     </span>
     <span class='ocr_line' id='line_1_6' title="bbox 164 752 1379 848; baseline -0.003 -20"><span class='ocrx_word' id='word_1_36' title='bbox 164 757 347 828; x_wconf 88' lang='lat' dir='ltr'>chriorem</span> <span class='ocrx_word' id='word_1_37' title='bbox 380 755 526 825; x_wconf 81' lang='lat' dir='ltr'>traxerit</span> <span class='ocrx_word' id='word_1_38' title='bbox 568 754 728 826; x_wconf 88' lang='lat' dir='ltr'>colorem</span> <span class='ocrx_word' id='word_1_39' title='bbox 771 779 816 824; x_wconf 87' lang='lat' dir='ltr'>an</span> <span class='ocrx_word' id='word_1_40' title='bbox 854 754 978 848; x_wconf 91' lang='lat' dir='ltr'>potius</span> <span class='ocrx_word' id='word_1_41' title='bbox 1024 752 1236 840; x_wconf 77' lang='lat' dir='ltr'>foediorem,</span> <span class='ocrx_word' id='word_1_42' title='bbox 1286 775 1379 846; x_wconf 78' lang='lat' dir='ltr'>quot</span> 
     </span>
     <span class='ocr_line' id='line_1_7' title="bbox 163 852 1379 928; baseline -0.007 0"><span class='ocrx_word' id='word_1_43' title='bbox 163 855 318 928; x_wconf 81' lang='lat' dir='ltr'>Messala</span> <span class='ocrx_word' id='word_1_44' title='bbox 348 855 454 926; x_wconf 87' lang='lat' dir='ltr'>docet</span> <span class='ocrx_word' id='word_1_45' title='bbox 492 877 522 924; x_wconf 88' lang='lat' dir='ltr'>c.</span> <span class='ocrx_word' id='word_1_46' title='bbox 549 853 609 928; x_wconf 78' lang='lat'>26.</span> <span class='ocrx_word' id='word_1_47' title='bbox 662 856 717 926; x_wconf 89' lang='lat' dir='ltr'>Ita</span> <span class='ocrx_word' id='word_1_48' title='bbox 747 863 784 926; x_wconf 90' lang='lat' dir='ltr'>et</span> <span class='ocrx_word' id='word_1_49' title='bbox 817 863 912 924; x_wconf 90' lang='lat' dir='ltr'>recte</span> <span class='ocrx_word' id='word_1_50' title='bbox 948 877 988 924; x_wconf 91' lang='lat' dir='ltr'>ac</span> <span class='ocrx_word' id='word_1_51' title='bbox 1015 853 1102 922; x_wconf 88' lang='lat' dir='ltr'>scite</span> <span class='ocrx_word' id='word_1_52' title='bbox 1128 852 1269 922; x_wconf 91' lang='lat' dir='ltr'>notavit</span> <span class='ocrx_word' id='word_1_53' title='bbox 1298 853 1379 920; x_wconf 79' lang='lat' dir='ltr'>riti</span> 
     </span>
     <span class='ocr_line' id='line_1_8' title="bbox 164 949 1379 1047; baseline -0.01 -21"><span class='ocrx_word' id='word_1_54' title='bbox 164 965 329 1026; x_wconf 79' lang='lat' dir='ltr'>vetertun</span> <span class='ocrx_word' id='word_1_55' title='bbox 355 965 566 1043; x_wconf 70' lang='lat' dir='ltr'>oratorum,</span> <span class='ocrx_word' id='word_1_56' title='bbox 609 953 674 1024; x_wconf 91' lang='lat' dir='ltr'>sed</span> <span class='ocrx_word' id='word_1_57' title='bbox 699 951 807 1047; x_wconf 87' lang='lat' dir='ltr'>plane</span> <span class='ocrx_word' id='word_1_58' title='bbox 833 952 979 1024; x_wconf 89' lang='lat' dir='ltr'>silentio</span> <span class='ocrx_word' id='word_1_59' title='bbox 1004 952 1247 1046; x_wconf 83' lang='lat' dir='ltr'>praetermisit</span> <span class='ocrx_word' id='word_1_60' title='bbox 1276 949 1379 1043; x_wconf 65' lang='lat' dir='ltr'>longi</span> 
     </span>
     <span class='ocr_line' id='line_1_9' title="bbox 163 1051 1379 1152; baseline -0.007 -26"><span class='ocrx_word' id='word_1_61' title='bbox 163 1053 269 1152; x_wconf 88' lang='lat' dir='ltr'>plura</span> <span class='ocrx_word' id='word_1_62' title='bbox 294 1063 330 1124; x_wconf 87' lang='lat' dir='ltr'>et</span> <span class='ocrx_word' id='word_1_63' title='bbox 355 1055 494 1124; x_wconf 90' lang='lat' dir='ltr'>maiora</span> <span class='ocrx_word' id='word_1_64' title='bbox 521 1053 777 1142; x_wconf 86' lang='lat' dir='ltr'>recentiorum,</span> <span class='ocrx_word' id='word_1_65' title='bbox 804 1055 893 1148; x_wconf 91' lang='lat' dir='ltr'>quin</span> <span class='ocrx_word' id='word_1_66' title='bbox 919 1076 965 1122; x_wconf 90' lang='lat' dir='ltr'>ne</span> <span class='ocrx_word' id='word_1_67' title='bbox 991 1051 1059 1123; x_wconf 90' lang='lat' dir='ltr'>hos</span> <span class='ocrx_word' id='word_1_68' title='bbox 1086 1051 1235 1146; x_wconf 91' lang='lat' dir='ltr'>quidem</span> <span class='ocrx_word' id='word_1_69' title='bbox 1263 1051 1379 1120; x_wconf 89' lang='lat' dir='ltr'>nom&#39;</span> 
     </span>
     <span class='ocr_line' id='line_1_10' title="bbox 162 1151 1353 1248; baseline -0.007 -22"><span class='ocrx_word' id='word_1_70' title='bbox 162 1156 272 1242; x_wconf 87' lang='lat' dir='ltr'>navit,</span> <span class='ocrx_word' id='word_1_71' title='bbox 298 1163 334 1228; x_wconf 83' lang='lat' dir='ltr'>et</span> <span class='ocrx_word' id='word_1_72' title='bbox 360 1153 511 1248; x_wconf 89' lang='lat' dir='ltr'>quidem</span> <span class='ocrx_word' id='word_1_73' title='bbox 536 1151 678 1242; x_wconf 90' lang='lat' dir='ltr'>callide,</span> <span class='ocrx_word' id='word_1_74' title='bbox 703 1177 749 1222; x_wconf 91' lang='lat' dir='ltr'>ne</span> <span class='ocrx_word' id='word_1_75' title='bbox 774 1153 821 1224; x_wconf 92' lang='lat' dir='ltr'>iis</span> <span class='ocrx_word' id='word_1_76' title='bbox 847 1153 1050 1246; x_wconf 89' lang='lat' dir='ltr'>comparari</span> <span class='ocrx_word' id='word_1_77' title='bbox 1075 1160 1224 1245; x_wconf 85' lang='lat' dir='ltr'>possent</span> <span class='ocrx_word' id='word_1_78' title='bbox 1245 1161 1287 1220; x_wconf 86' lang='lat' dir='ltr'>et</span> <span class='ocrx_word' id='word_1_79' title='bbox 1317 1152 1353 1219; x_wconf 92' lang='lat' dir='ltr'>si</span> 
     </span>
     <span class='ocr_line' id='line_1_11' title="bbox 162 1250 1379 1348; baseline -0.004 -24"><span class='ocrx_word' id='word_1_80' title='bbox 162 1252 256 1348; x_wconf 81' lang='lat' dir='ltr'>gulis</span> <span class='ocrx_word' id='word_1_81' title='bbox 282 1255 327 1323; x_wconf 88' lang='lat' dir='ltr'>ab</span> <span class='ocrx_word' id='word_1_82' title='bbox 353 1277 397 1323; x_wconf 91' lang='lat' dir='ltr'>eo</span> <span class='ocrx_word' id='word_1_83' title='bbox 423 1253 595 1324; x_wconf 89' lang='lat' dir='ltr'>incusatis</span> <span class='ocrx_word' id='word_1_84' title='bbox 621 1251 755 1346; x_wconf 82' lang='lat' dir='ltr'>singuli</span> <span class='ocrx_word' id='word_1_85' title='bbox 789 1251 959 1346; x_wconf 91' lang='lat' dir='ltr'>pluresve</span> <span class='ocrx_word' id='word_1_86' title='bbox 991 1253 1151 1345; x_wconf 69' lang='lat' dir='ltr'>opponi,</span> <span class='ocrx_word' id='word_1_87' title='bbox 1195 1250 1301 1344; x_wconf 92' lang='lat' dir='ltr'>quod</span> <span class='ocrx_word' id='word_1_88' title='bbox 1333 1251 1379 1319; x_wconf 89' lang='lat' dir='ltr'>it&#39;</span> 
     </span>
     <span class='ocr_line' id='line_1_12' title="bbox 163 1349 1379 1444; baseline -0.004 -21"><span class='ocrx_word' id='word_1_89' title='bbox 163 1355 249 1424; x_wconf 90' lang='lat' dir='ltr'>dem</span> <span class='ocrx_word' id='word_1_90' title='bbox 274 1353 421 1423; x_wconf 91' lang='lat' dir='ltr'>monuit</span> <span class='ocrx_word' id='word_1_91' title='bbox 447 1350 600 1422; x_wconf 83' lang='lat' dir='ltr'>Messala</span> <span class='ocrx_word' id='word_1_92' title='bbox 625 1375 655 1422; x_wconf 90' lang='lat' dir='ltr'>c.</span> <span class='ocrx_word' id='word_1_93' title='bbox 682 1351 742 1424; x_wconf 83' lang='lat'>26.</span> <span class='ocrx_word' id='word_1_94' title='bbox 794 1349 932 1424; x_wconf 90' lang='lat' dir='ltr'>Malam</span> <span class='ocrx_word' id='word_1_95' title='bbox 949 1352 1049 1422; x_wconf 88' lang='lat' dir='ltr'>enirn</span> <span class='ocrx_word' id='word_1_96' title='bbox 1068 1350 1195 1444; x_wconf 77' lang='lat' dir='ltr'>agebat</span> <span class='ocrx_word' id='word_1_97' title='bbox 1219 1372 1379 1432; x_wconf 88' lang='lat' dir='ltr'>causan</span> 
     </span>
     <span class='ocr_line' id='line_1_13' title="bbox 162 1449 1298 1544; baseline -0.004 -21"><span class='ocrx_word' id='word_1_98' title='bbox 162 1477 236 1524; x_wconf 90' lang='lat' dir='ltr'>non</span> <span class='ocrx_word' id='word_1_99' title='bbox 271 1453 383 1522; x_wconf 91' lang='lat' dir='ltr'>modo</span> <span class='ocrx_word' id='word_1_100' title='bbox 417 1451 609 1522; x_wconf 88' lang='lat' dir='ltr'>rhetorum</span> <span class='ocrx_word' id='word_1_101' title='bbox 635 1450 753 1522; x_wconf 86' lang='lat' dir='ltr'>huius</span> <span class='ocrx_word' id='word_1_102' title='bbox 779 1453 871 1540; x_wconf 89' lang='lat' dir='ltr'>aevi,</span> <span class='ocrx_word' id='word_1_103' title='bbox 906 1451 1107 1522; x_wconf 89' lang='lat' dir='ltr'>sedetiam</span> <span class='ocrx_word' id='word_1_104' title='bbox 1132 1449 1298 1544; x_wconf 89' lang='lat' dir='ltr'>pessimo</span> 
     </span>
    </p>

    <p class='ocr_par' dir='ltr' id='par_1_3' title="bbox 160 1549 1379 2438">
     <span class='ocr_line' id='line_1_14' title="bbox 162 1549 1375 1645; baseline -0.006 -22"><span class='ocrx_word' id='word_1_105' title='bbox 162 1551 370 1640; x_wconf 90' lang='lat' dir='ltr'>hominum,</span> <span class='ocrx_word' id='word_1_106' title='bbox 405 1549 532 1644; x_wconf 88' lang='lat' dir='ltr'>quales</span> <span class='ocrx_word' id='word_1_107' title='bbox 570 1552 644 1620; x_wconf 91' lang='lat' dir='ltr'>iam</span> <span class='ocrx_word' id='word_1_108' title='bbox 676 1551 931 1645; x_wconf 86' lang='lat' dir='ltr'>imprudenter</span> <span class='ocrx_word' id='word_1_109' title='bbox 963 1551 1003 1620; x_wconf 91' lang='lat' dir='ltr'>in</span> <span class='ocrx_word' id='word_1_110' title='bbox 1029 1573 1176 1620; x_wconf 87' lang='lat' dir='ltr'>scenam</span> <span class='ocrx_word' id='word_1_111' title='bbox 1202 1557 1236 1618; x_wconf 91' lang='lat' dir='ltr'>et</span> <span class='ocrx_word' id='word_1_112' title='bbox 1263 1551 1375 1618; x_wconf 82' lang='lat' dir='ltr'>acie·</span> 
     </span>
     <span class='ocr_line' id='line_1_15' title="bbox 161 1647 1369 1744; baseline -0.002 -24"><span class='ocrx_word' id='word_1_113' title='bbox 161 1651 382 1744; x_wconf 85' lang='lat' dir='ltr'>produxerat</span> <span class='ocrx_word' id='word_1_114' title='bbox 407 1661 443 1721; x_wconf 87' lang='lat' dir='ltr'>et</span> <span class='ocrx_word' id='word_1_115' title='bbox 468 1651 572 1720; x_wconf 90' lang='lat' dir='ltr'>miris</span> <span class='ocrx_word' id='word_1_116' title='bbox 598 1649 842 1722; x_wconf 87' lang='lat' dir='ltr'>celebraverat</span> <span class='ocrx_word' id='word_1_117' title='bbox 865 1647 1048 1736; x_wconf 88' lang='lat' dir='ltr'>laudibus,</span> <span class='ocrx_word' id='word_1_118' title='bbox 1074 1649 1180 1742; x_wconf 88' lang='lat' dir='ltr'>Eprii</span> <span class='ocrx_word' id='word_1_119' title='bbox 1201 1647 1369 1718; x_wconf 85' lang='lat' dir='ltr'>Marcell</span> 
     </span>
     <span class='ocr_line' id='line_1_16' title="bbox 162 1743 1379 1843; baseline -0.012 -21"><span class='ocrx_word' id='word_1_120' title='bbox 162 1751 264 1822; x_wconf 89' lang='lat' dir='ltr'>Vibii</span> <span class='ocrx_word' id='word_1_121' title='bbox 290 1748 413 1842; x_wconf 88' lang='lat' dir='ltr'>Crispi</span> <span class='ocrx_word' id='word_1_122' title='bbox 439 1760 475 1820; x_wconf 88' lang='lat' dir='ltr'>et</span> <span class='ocrx_word' id='word_1_123' title='bbox 498 1747 642 1843; x_wconf 89' lang='lat' dir='ltr'>Aquilii</span> <span class='ocrx_word' id='word_1_124' title='bbox 666 1748 806 1841; x_wconf 80' lang='lat' dir='ltr'>Reguli.</span> <span class='ocrx_word' id='word_1_125' title='bbox 834 1750 883 1834; x_wconf 87' lang='lat' dir='ltr'>(v.</span> <span class='ocrx_word' id='word_1_126' title='bbox 901 1756 986 1816; x_wconf 89' lang='lat' dir='ltr'>nota</span> <span class='ocrx_word' id='word_1_127' title='bbox 1009 1746 1085 1830; x_wconf 84' lang='lat'><strong>37.)</strong></span> <span class='ocrx_word' id='word_1_128' title='bbox 1138 1746 1243 1815; x_wconf 89' lang='lat' dir='ltr'>ldem</span> <span class='ocrx_word' id='word_1_129' title='bbox 1270 1743 1379 1839; x_wconf 62' lang='lat' dir='ltr'>longi</span> 
     </span>
     <span class='ocr_line' id='line_1_17' title="bbox 162 1843 1379 1942; baseline -0.003 -24"><span class='ocrx_word' id='word_1_130' title='bbox 162 1843 322 1919; x_wconf 88' lang='lat' dir='ltr'>sermoni</span> <span class='ocrx_word' id='word_1_131' title='bbox 347 1847 454 1940; x_wconf 92' lang='lat' dir='ltr'>plura</span> <span class='ocrx_word' id='word_1_132' title='bbox 477 1847 697 1935; x_wconf 86' lang='lat' dir='ltr'>immiscuit,¹</span> <span class='ocrx_word' id='word_1_133' title='bbox 732 1871 822 1942; x_wconf 91' lang='lat' dir='ltr'>quae</span> <span class='ocrx_word' id='word_1_134' title='bbox 856 1844 915 1915; x_wconf 89' lang='lat' dir='ltr'>vel</span> <span class='ocrx_word' id='word_1_135' title='bbox 948 1845 1061 1914; x_wconf 83' lang='lat' dir='ltr'>niuris</span> <span class='ocrx_word' id='word_1_136' title='bbox 1093 1853 1217 1936; x_wconf 81' lang='lat' dir='ltr'>arguta</span> <span class='ocrx_word' id='word_1_137' title='bbox 1242 1853 1280 1913; x_wconf 89' lang='lat' dir='ltr'>et</span> <span class='ocrx_word' id='word_1_138' title='bbox 1313 1844 1379 1926; x_wconf 86' lang='lat' dir='ltr'>lan</span> 
     </span>
     <span class='ocr_line' id='line_1_18' title="bbox 160 1941 1379 2041; baseline -0.003 -23"><span class='ocrx_word' id='word_1_139' title='bbox 160 1947 280 2040; x_wconf 78' lang='lat' dir='ltr'>guida,</span> <span class='ocrx_word' id='word_1_140' title='bbox 305 1945 364 2016; x_wconf 64' lang='lat' dir='ltr'>&#39;vel</span> <span class='ocrx_word' id='word_1_141' title='bbox 391 1949 437 2020; x_wconf 92' lang='lat' dir='ltr'>ad</span> <span class='ocrx_word' id='word_1_142' title='bbox 462 1947 759 2041; x_wconf 88' lang='lat' dir='ltr'>persuadendum</span> <span class='ocrx_word' id='word_1_143' title='bbox 785 1968 918 2040; x_wconf 88' lang='lat' dir='ltr'>parum</span> <span class='ocrx_word' id='word_1_144' title='bbox 943 1954 1037 2038; x_wconf 89' lang='lat' dir='ltr'>apta,</span> <span class='ocrx_word' id='word_1_145' title='bbox 1070 1967 1117 2014; x_wconf 90' lang='lat' dir='ltr'>ne</span> <span class='ocrx_word' id='word_1_146' title='bbox 1143 1945 1264 2014; x_wconf 89' lang='lat' dir='ltr'>dicam</span> <span class='ocrx_word' id='word_1_147' title='bbox 1299 1941 1379 2030; x_wconf 84' lang='lat' dir='ltr'>suti</span> 
     </span>
     <span class='ocr_line' id='line_1_19' title="bbox 160 2041 1379 2140; baseline -0.001 -25"><span class='ocrx_word' id='word_1_148' title='bbox 160 2045 210 2116; x_wconf 90' lang='lat' dir='ltr'>lia</span> <span class='ocrx_word' id='word_1_149' title='bbox 234 2047 353 2116; x_wconf 88' lang='lat' dir='ltr'>videri</span> <span class='ocrx_word' id='word_1_150' title='bbox 384 2047 527 2140; x_wconf 85' lang='lat' dir='ltr'>possint</span> <span class='ocrx_word' id='word_1_151' title='bbox 560 2056 596 2117; x_wconf 91' lang='lat' dir='ltr'>et</span> <span class='ocrx_word' id='word_1_152' title='bbox 629 2046 807 2135; x_wconf 75' lang='lat' dir='ltr'>absurda,</span> <span class='ocrx_word' id='word_1_153' title='bbox 852 2067 925 2139; x_wconf 94' lang='lat' dir='ltr'>quo</span> <span class='ocrx_word' id='word_1_154' title='bbox 959 2043 1155 2137; x_wconf 87' lang='lat' dir='ltr'>praecipue</span> <span class='ocrx_word' id='word_1_155' title='bbox 1180 2041 1379 2114; x_wconf 78' lang='lat' dir='ltr'>referenda</span> 
     </span>
     <span class='ocr_line' id='line_1_20' title="bbox 162 2140 1379 2240; baseline -0.002 -25"><span class='ocrx_word' id='word_1_156' title='bbox 162 2170 253 2239; x_wconf 90' lang='lat' dir='ltr'>quae</span> <span class='ocrx_word' id='word_1_157' title='bbox 278 2169 354 2239; x_wconf 89' lang='lat' dir='ltr'>cap.</span> <span class='ocrx_word' id='word_1_158' title='bbox 386 2145 442 2221; x_wconf 81' lang='lat'>16.</span> <span class='ocrx_word' id='word_1_159' title='bbox 469 2140 525 2218; x_wconf 90' lang='grc'>17.</span> <span class='ocrx_word' id='word_1_160' title='bbox 553 2147 598 2218; x_wconf 92' lang='lat' dir='ltr'>de</span> <span class='ocrx_word' id='word_1_161' title='bbox 625 2146 845 2240; x_wconf 86' lang='lat' dir='ltr'>quaestione,</span> <span class='ocrx_word' id='word_1_162' title='bbox 872 2144 1024 2239; x_wconf 90' lang='lat' dir='ltr'>quinam</span> <span class='ocrx_word' id='word_1_163' title='bbox 1051 2152 1210 2212; x_wconf 90' lang='lat' dir='ltr'>oratores</span> <span class='ocrx_word' id='word_1_164' title='bbox 1231 2141 1379 2236; x_wconf 79' lang='lat' dir='ltr'>antiqu</span> 
     </span>
     <span class='ocr_line' id='line_1_21' title="bbox 160 2241 1379 2339; baseline 0.002 -25"><span class='ocrx_word' id='word_1_165' title='bbox 160 2247 234 2316; x_wconf 91' lang='lat' dir='ltr'>sint</span> <span class='ocrx_word' id='word_1_166' title='bbox 257 2244 422 2334; x_wconf 88' lang='lat' dir='ltr'>vocandi,</span> <span class='ocrx_word' id='word_1_167' title='bbox 447 2268 488 2315; x_wconf 91' lang='lat' dir='ltr'>ao</span> <span class='ocrx_word' id='word_1_168' title='bbox 513 2241 561 2316; x_wconf 87' lang='lat' dir='ltr'>dc</span> <span class='ocrx_word' id='word_1_169' title='bbox 582 2265 718 2339; x_wconf 82' lang='lat' dir='ltr'>magno</span> <span class='ocrx_word' id='word_1_170' title='bbox 744 2257 781 2314; x_wconf 85' lang='lat' dir='ltr'>et</span> <span class='ocrx_word' id='word_1_171' title='bbox 807 2265 895 2314; x_wconf 85' lang='lat' dir='ltr'>uero</span> <span class='ocrx_word' id='word_1_172' title='bbox 921 2265 1029 2332; x_wconf 79' lang='lat' dir='ltr'>uano,</span> <span class='ocrx_word' id='word_1_173' title='bbox 1055 2265 1131 2336; x_wconf 88' lang='lat' dir='ltr'>cap.</span> <span class='ocrx_word' id='word_1_174' title='bbox 1154 2241 1207 2314; x_wconf 90' lang='grc'>17.</span> <span class='ocrx_word' id='word_1_175' title='bbox 1234 2241 1299 2314; x_wconf 85' lang='grc'>19.</span> <span class='ocrx_word' id='word_1_176' title='bbox 1333 2241 1379 2316; x_wconf 79' lang='grc'>21</span> 
     </span>
     <span class='ocr_line' id='line_1_22' title="bbox 161 2341 1379 2438; baseline -0.001 -23"><span class='ocrx_word' id='word_1_177' title='bbox 161 2345 206 2416; x_wconf 91' lang='lat' dir='ltr'>de</span> <span class='ocrx_word' id='word_1_178' title='bbox 231 2343 339 2415; x_wconf 87' lang='lat' dir='ltr'>malis</span> <span class='ocrx_word' id='word_1_179' title='bbox 365 2344 581 2433; x_wconf 75' lang='lat' dir='ltr'>oratoribuS,</span> <span class='ocrx_word' id='word_1_180' title='bbox 607 2345 672 2438; x_wconf 92' lang='lat' dir='ltr'>qui</span> <span class='ocrx_word' id='word_1_181' title='bbox 696 2343 881 2416; x_wconf 86' lang='lat' dir='ltr'>veteribus</span> <span class='ocrx_word' id='word_1_182' title='bbox 909 2343 982 2412; x_wconf 90' lang='lat' dir='ltr'>sint</span> <span class='ocrx_word' id='word_1_183' title='bbox 1006 2341 1286 2430; x_wconf 86' lang='lat' dir='ltr'>annumerandi,</span> <span class='ocrx_word' id='word_1_184' title='bbox 1337 2357 1379 2414; x_wconf 85' lang='lat' dir='ltr'>cd</span> 
     </span>
    </p>
   </div>
   <div class='ocr_carea' id='block_1_3' title="bbox 1378 1075 1382 1734">
    <p class='ocr_par' dir='ltr' id='par_1_4' title="bbox 1378 1075 1382 1734">
     <span class='ocr_line' id='line_1_23' title="bbox 1378 1075 1382 1734; baseline 0 0"><span class='ocrx_word' id='word_1_185' title='bbox 1378 1075 1382 1734; x_wconf 95' lang='lat' dir='ltr'> </span> 
     </span>
    </p>
   </div>
   <div class='ocr_carea' id='block_1_4' title="bbox 159 2441 1379 3036">
    <p class='ocr_par' dir='ltr' id='par_1_5' title="bbox 159 2441 1379 3036">
     <span class='ocr_line' id='line_1_24' title="bbox 159 2441 1379 2538; baseline -0.001 -24"><span class='ocrx_word' id='word_1_186' title='bbox 159 2445 261 2538; x_wconf 90' lang='lat' dir='ltr'>piose</span> <span class='ocrx_word' id='word_1_187' title='bbox 287 2445 524 2515; x_wconf 89' lang='lat' dir='ltr'>disseruntur.</span> <span class='ocrx_word' id='word_1_188' title='bbox 576 2443 718 2515; x_wconf 88' lang='lat' dir='ltr'>Verum</span> <span class='ocrx_word' id='word_1_189' title='bbox 752 2467 819 2514; x_wconf 87' lang='lat' dir='ltr'>nec</span> <span class='ocrx_word' id='word_1_190' title='bbox 856 2442 945 2512; x_wconf 89' lang='lat' dir='ltr'>haec</span> <span class='ocrx_word' id='word_1_191' title='bbox 977 2441 1084 2512; x_wconf 90' lang='lat' dir='ltr'>nobis</span> <span class='ocrx_word' id='word_1_192' title='bbox 1115 2441 1233 2512; x_wconf 86' lang='lat' dir='ltr'>taedio</span> <span class='ocrx_word' id='word_1_193' title='bbox 1260 2451 1379 2514; x_wconf 82' lang='lat' dir='ltr'>erunt</span> 
     </span>
     <span class='ocr_line' id='line_1_25' title="bbox 160 2541 1379 2637; baseline -0.002 -23"><span class='ocrx_word' id='word_1_194' title='bbox 160 2545 191 2614; x_wconf 91' lang='lat' dir='ltr'>si</span> <span class='ocrx_word' id='word_1_195' title='bbox 215 2545 510 2632; x_wconf 86' lang='lat' dir='ltr'>meminerimus,</span> <span class='ocrx_word' id='word_1_196' title='bbox 536 2566 739 2637; x_wconf 81' lang='lat' dir='ltr'>pugnacem</span> <span class='ocrx_word' id='word_1_197' title='bbox 765 2541 864 2612; x_wconf 87' lang='lat' dir='ltr'>hunc</span> <span class='ocrx_word' id='word_1_198' title='bbox 883 2542 1075 2612; x_wconf 92' lang='lat' dir='ltr'>hominem</span> <span class='ocrx_word' id='word_1_199' title='bbox 1095 2551 1131 2610; x_wconf 89' lang='lat' dir='ltr'>et</span> <span class='ocrx_word' id='word_1_200' title='bbox 1155 2542 1379 2636; x_wconf 81' lang='lat' dir='ltr'>pertinaces]</span> 
     </span>
     <span class='ocr_line' id='line_1_26' title="bbox 160 2637 1379 2736; baseline -0.003 -22"><span class='ocrx_word' id='word_1_201' title='bbox 160 2643 344 2736; x_wconf 85' lang='lat' dir='ltr'>disputare</span> <span class='ocrx_word' id='word_1_202' title='bbox 370 2667 473 2714; x_wconf 90' lang='lat' dir='ltr'>more</span> <span class='ocrx_word' id='word_1_203' title='bbox 499 2642 688 2712; x_wconf 89' lang='lat' dir='ltr'>rhetorum</span> <span class='ocrx_word' id='word_1_204' title='bbox 713 2641 771 2712; x_wconf 87' lang='lat' dir='ltr'>vel</span> <span class='ocrx_word' id='word_1_205' title='bbox 797 2639 1098 2712; x_wconf 89' lang='lat' dir='ltr'>sclrolasticomm</span> <span class='ocrx_word' id='word_1_206' title='bbox 1124 2651 1160 2710; x_wconf 89' lang='lat' dir='ltr'>et</span> <span class='ocrx_word' id='word_1_207' title='bbox 1185 2637 1379 2732; x_wconf 72' lang='lat' dir='ltr'>Academi</span> 
     </span>
     <span class='ocr_line' id='line_1_27' title="bbox 159 2739 1379 2836; baseline 0 -24"><span class='ocrx_word' id='word_1_208' title='bbox 159 2765 299 2830; x_wconf 92' lang='lat' dir='ltr'>corum,</span> <span class='ocrx_word' id='word_1_209' title='bbox 342 2743 407 2836; x_wconf 86' lang='lat' dir='ltr'>qui</span> <span class='ocrx_word' id='word_1_210' title='bbox 439 2743 479 2812; x_wconf 93' lang='lat' dir='ltr'>in</span> <span class='ocrx_word' id='word_1_211' title='bbox 516 2752 710 2836; x_wconf 86' lang='lat' dir='ltr'>utramque</span> <span class='ocrx_word' id='word_1_212' title='bbox 747 2751 889 2834; x_wconf 89' lang='lat' dir='ltr'>partem</span> <span class='ocrx_word' id='word_1_213' title='bbox 927 2741 1103 2812; x_wconf 90' lang='lat' dir='ltr'>disserere</span> <span class='ocrx_word' id='word_1_214' title='bbox 1135 2749 1171 2810; x_wconf 92' lang='lat' dir='ltr'>et</span> <span class='ocrx_word' id='word_1_215' title='bbox 1195 2739 1379 2812; x_wconf 88' lang='lat' dir='ltr'>adversar</span> 
     </span>
     <span class='ocr_line' id='line_1_28' title="bbox 160 2839 1379 2937; baseline 0 -25"><span class='ocrx_word' id='word_1_216' title='bbox 160 2865 306 2935; x_wconf 87' lang='lat' dir='ltr'>semper</span> <span class='ocrx_word' id='word_1_217' title='bbox 331 2841 505 2912; x_wconf 87' lang='lat' dir='ltr'>omnibus</span> <span class='ocrx_word' id='word_1_218' title='bbox 530 2839 696 2912; x_wconf 89' lang='lat' dir='ltr'>solebant</span> <span class='ocrx_word' id='word_1_219' title='bbox 734 2851 840 2935; x_wconf 88' lang='lat' dir='ltr'>atque</span> <span class='ocrx_word' id='word_1_220' title='bbox 865 2841 905 2910; x_wconf 89' lang='lat' dir='ltr'>in</span> <span class='ocrx_word' id='word_1_221' title='bbox 931 2840 1072 2910; x_wconf 79' lang='lat' dir='ltr'>fervore</span> <span class='ocrx_word' id='word_1_222' title='bbox 1098 2839 1246 2910; x_wconf 88' lang='lat' dir='ltr'>dicendi</span> <span class='ocrx_word' id='word_1_223' title='bbox 1276 2865 1379 2937; x_wconf 87' lang='lat' dir='ltr'>saep</span> 
     </span>
     <span class='ocr_line' id='line_1_29' title="bbox 159 2938 1191 3036; baseline -0.004 -24"><span class='ocrx_word' id='word_1_224' title='bbox 159 2942 205 3015; x_wconf 91' lang='lat' dir='ltr'>ad</span> <span class='ocrx_word' id='word_1_225' title='bbox 230 2942 386 3034; x_wconf 82' lang='lat' dir='ltr'>argutias</span> <span class='ocrx_word' id='word_1_226' title='bbox 412 2941 640 3036; x_wconf 90' lang='lat' dir='ltr'>ineptiasque</span> <span class='ocrx_word' id='word_1_227' title='bbox 665 2939 935 3012; x_wconf 87' lang='lat' dir='ltr'>delabebantur.</span> <span class='ocrx_word' id='word_1_228' title='bbox 962 2964 997 3009; x_wconf 93' lang='lat' dir='ltr'>v.</span> <span class='ocrx_word' id='word_1_229' title='bbox 1023 2940 1058 3034; x_wconf 64' lang='grc' dir='ltr'>ἕ.</span> <span class='ocrx_word' id='word_1_230' title='bbox 1085 2938 1191 3014; x_wconf 88' lang='lat' dir='ltr'>XXI.</span> 
     </span>
    </p>
   </div>
   <div class='ocr_carea' id='block_1_5' title="bbox 160 3065 408 3076">
    <p class='ocr_par' dir='ltr' id='par_1_6' title="bbox 160 3065 408 3076">
     <span class='ocr_line' id='line_1_30' title="bbox 160 3065 408 3076; baseline -0.012 0"><span class='ocrx_word' id='word_1_231' title='bbox 160 3065 408 3076; x_wconf 51' lang='lat' dir='ltr'>...m-numna-</span> 
     </span>
    </p>
   </div>
   <div class='ocr_carea' id='block_1_6' title="bbox 156 3109 1379 4320">
    <p class='ocr_par' dir='ltr' id='par_1_7' title="bbox 159 3109 1369 3238">
     <span class='ocr_line' id='line_1_31' title="bbox 159 3109 1369 3184; baseline 0.001 -21"><span class='ocrx_word' id='word_1_232' title='bbox 159 3111 227 3164; x_wconf 85' lang='lat' dir='ltr'>tatis</span> <span class='ocrx_word' id='word_1_233' title='bbox 246 3110 412 3180; x_wconf 83' lang='lat' dir='ltr'>eloquentia</span> <span class='ocrx_word' id='word_1_234' title='bbox 429 3119 588 3184; x_wconf 76' lang='lat' dir='ltr'>praestaret</span> <span class='ocrx_word' id='word_1_235' title='bbox 606 3112 823 3177; x_wconf 84' lang='lat' dir='ltr'>decerneretur,</span> <span class='ocrx_word' id='word_1_236' title='bbox 859 3127 913 3163; x_wconf 87' lang='lat' dir='ltr'>cur</span> <span class='ocrx_word' id='word_1_237' title='bbox 938 3109 1163 3180; x_wconf 85' lang='lat' dir='ltr'>vituperationis</span> <span class='ocrx_word' id='word_1_238' title='bbox 1193 3125 1210 3160; x_wconf 88' lang='lat' dir='ltr'>a</span> <span class='ocrx_word' id='word_1_239' title='bbox 1235 3115 1369 3164; x_wconf 75' lang='lat' dir='ltr'>recenti</span> 
     </span>
     <span class='ocr_line' id='line_1_32' title="bbox 159 3179 1286 3238; baseline -0.004 -5"><span class='ocrx_word' id='word_1_240' title='bbox 159 3183 239 3235; x_wconf 85' lang='lat' dir='ltr'>ribus</span> <span class='ocrx_word' id='word_1_241' title='bbox 271 3183 435 3236; x_wconf 81' lang='lat' dir='ltr'>oratoribus</span> <span class='ocrx_word' id='word_1_242' title='bbox 477 3184 513 3238; x_wconf 86' lang='lat' dir='ltr'>ad</span> <span class='ocrx_word' id='word_1_243' title='bbox 544 3193 657 3238; x_wconf 82' lang='lat' dir='ltr'>veteres</span> <span class='ocrx_word' id='word_1_244' title='bbox 692 3182 910 3237; x_wconf 74' lang='lat' dir='ltr'>transferendae</span> <span class='ocrx_word' id='word_1_245' title='bbox 947 3180 1028 3234; x_wconf 88' lang='lat' dir='ltr'>locus</span> <span class='ocrx_word' id='word_1_246' title='bbox 1063 3179 1286 3234; x_wconf 84' lang='lat' dir='ltr'>concederetur.</span> 
     </span>
    </p>

    <p class='ocr_par' dir='ltr' id='par_1_8' title="bbox 156 3245 1379 4320">
     <span class='ocr_line' id='line_1_33' title="bbox 158 3249 1378 3323; baseline 0.002 -18"><span class='ocrx_word' id='word_1_247' title='bbox 158 3253 211 3306; x_wconf 84' lang='lat' dir='ltr'>bos</span> <span class='ocrx_word' id='word_1_248' title='bbox 236 3251 352 3322; x_wconf 87' lang='lat' dir='ltr'>quidem</span> <span class='ocrx_word' id='word_1_249' title='bbox 375 3272 392 3306; x_wconf 87' lang='lat' dir='ltr'>a</span> <span class='ocrx_word' id='word_1_250' title='bbox 418 3255 591 3307; x_wconf 86' lang='lat' dir='ltr'>criminibus</span> <span class='ocrx_word' id='word_1_251' title='bbox 620 3263 649 3308; x_wconf 87' lang='lat' dir='ltr'>et</span> <span class='ocrx_word' id='word_1_252' title='bbox 673 3255 756 3308; x_wconf 84' lang='lat' dir='ltr'>vitiis</span> <span class='ocrx_word' id='word_1_253' title='bbox 778 3270 867 3323; x_wconf 86' lang='lat' dir='ltr'>puros</span> <span class='ocrx_word' id='word_1_254' title='bbox 890 3253 979 3306; x_wconf 79' lang='lat' dir='ltr'>fuisse</span> <span class='ocrx_word' id='word_1_255' title='bbox 1006 3253 1152 3322; x_wconf 80' lang='lat' dir='ltr'>copiosius</span> <span class='ocrx_word' id='word_1_256' title='bbox 1177 3249 1378 3308; x_wconf 82' lang='lat' dir='ltr'>demonstra</span> 
     </span>
     <span class='ocr_line' id='line_1_34' title="bbox 158 3321 1369 3394; baseline 0.002 -18"><span class='ocrx_word' id='word_1_257' title='bbox 158 3325 226 3376; x_wconf 86' lang='lat' dir='ltr'>dum</span> <span class='ocrx_word' id='word_1_258' title='bbox 245 3331 315 3385; x_wconf 85' lang='lat' dir='ltr'>erat,</span> <span class='ocrx_word' id='word_1_259' title='bbox 334 3341 381 3390; x_wconf 89' lang='lat' dir='ltr'>ne,</span> <span class='ocrx_word' id='word_1_260' title='bbox 400 3326 426 3378; x_wconf 89' lang='lat' dir='ltr'>si</span> <span class='ocrx_word' id='word_1_261' title='bbox 445 3341 546 3386; x_wconf 89' lang='lat' dir='ltr'>eorum</span> <span class='ocrx_word' id='word_1_262' title='bbox 563 3325 739 3394; x_wconf 84' lang='lat' dir='ltr'>praestantia</span> <span class='ocrx_word' id='word_1_263' title='bbox 751 3323 926 3394; x_wconf 84' lang='lat' dir='ltr'>simpliciter</span> <span class='ocrx_word' id='word_1_264' title='bbox 939 3322 1157 3388; x_wconf 85' lang='lat' dir='ltr'>concederetur,</span> <span class='ocrx_word' id='word_1_265' title='bbox 1177 3321 1238 3391; x_wconf 81' lang='lat' dir='ltr'>ipsa</span> <span class='ocrx_word' id='word_1_266' title='bbox 1256 3323 1369 3391; x_wconf 81' lang='lat' dir='ltr'>pristi</span> 
     </span>
     <span class='ocr_line' id='line_1_35' title="bbox 159 3393 1372 3467; baseline 0.003 -20"><span class='ocrx_word' id='word_1_267' title='bbox 159 3396 299 3465; x_wconf 83' lang='lat' dir='ltr'>temporis</span> <span class='ocrx_word' id='word_1_268' title='bbox 325 3397 489 3466; x_wconf 86' lang='lat' dir='ltr'>eloquentia</span> <span class='ocrx_word' id='word_1_269' title='bbox 519 3393 614 3449; x_wconf 83' lang='lat' dir='ltr'>laudis</span> <span class='ocrx_word' id='word_1_270' title='bbox 639 3395 752 3467; x_wconf 88' lang='lat' dir='ltr'>aliquid</span> <span class='ocrx_word' id='word_1_271' title='bbox 778 3396 845 3448; x_wconf 88' lang='lat' dir='ltr'>inde</span> <span class='ocrx_word' id='word_1_272' title='bbox 870 3393 1003 3448; x_wconf 86' lang='lat' dir='ltr'>traheret</span> <span class='ocrx_word' id='word_1_273' title='bbox 1027 3401 1057 3446; x_wconf 92' lang='lat' dir='ltr'>et</span> <span class='ocrx_word' id='word_1_274' title='bbox 1082 3394 1267 3464; x_wconf 86' lang='lat' dir='ltr'>disputantes</span> <span class='ocrx_word' id='word_1_275' title='bbox 1299 3399 1372 3452; x_wconf 80' lang='lat' dir='ltr'>ami</span> 
     </span>
     <span class='ocr_line' id='line_1_36' title="bbox 158 3464 1379 3536; baseline 0.002 -16"><span class='ocrx_word' id='word_1_276' title='bbox 158 3465 254 3520; x_wconf 83' lang='lat' dir='ltr'>studio</span> <span class='ocrx_word' id='word_1_277' title='bbox 277 3465 377 3536; x_wconf 86' lang='lat' dir='ltr'>aliquo</span> <span class='ocrx_word' id='word_1_278' title='bbox 405 3475 434 3522; x_wconf 84' lang='lat' dir='ltr'>et</span> <span class='ocrx_word' id='word_1_279' title='bbox 457 3483 555 3520; x_wconf 85' lang='lat' dir='ltr'>arnore</span> <span class='ocrx_word' id='word_1_280' title='bbox 578 3465 792 3536; x_wconf 81' lang='lat' dir='ltr'>deciperentur.</span> <span class='ocrx_word' id='word_1_281' title='bbox 802 3465 821 3496; x_wconf 90' lang='lat'>“</span> <span class='ocrx_word' id='word_1_282' title='bbox 841 3499 874 3510; x_wconf 88' lang='lat'>-·</span> <span class='ocrx_word' id='word_1_283' title='bbox 913 3465 1068 3520; x_wconf 81' lang='lat' dir='ltr'>Gutmanm&#39;</span> <span class='ocrx_word' id='word_1_284' title='bbox 1091 3464 1233 3518; x_wconf 87' lang='lat' dir='ltr'>iudicium</span> <span class='ocrx_word' id='word_1_285' title='bbox 1257 3465 1298 3518; x_wconf 88' lang='lat' dir='ltr'>in</span> <span class='ocrx_word' id='word_1_286' title='bbox 1323 3469 1379 3526; x_wconf 77' lang='lat' dir='ltr'>dist</span> 
     </span>
     <span class='ocr_line' id='line_1_37' title="bbox 158 3533 1373 3613; baseline 0.004 -25"><span class='ocrx_word' id='word_1_287' title='bbox 158 3555 244 3606; x_wconf 89' lang='lat' dir='ltr'>quam</span> <span class='ocrx_word' id='word_1_288' title='bbox 263 3536 390 3590; x_wconf 85' lang='lat' dir='ltr'>(trellius</span> <span class='ocrx_word' id='word_1_289' title='bbox 410 3556 478 3592; x_wconf 81' lang='lat' dir='ltr'>suae</span> <span class='ocrx_word' id='word_1_290' title='bbox 496 3537 605 3613; x_wconf 84' lang='lat' dir='ltr'>dialogi</span> <span class='ocrx_word' id='word_1_291' title='bbox 625 3537 747 3592; x_wconf 86' lang='lat' dir='ltr'>editioni</span> <span class='ocrx_word' id='word_1_292' title='bbox 766 3539 892 3590; x_wconf 86' lang='lat' dir='ltr'>inseruit</span> <span class='ocrx_word' id='word_1_293' title='bbox 914 3553 946 3608; x_wconf 84' lang='lat' dir='ltr'>p.</span> <span class='ocrx_word' id='word_1_294' title='bbox 967 3541 1026 3593; x_wconf 80' lang='grc'><strong>106.</strong></span> <span class='ocrx_word' id='word_1_295' title='bbox 1043 3543 1093 3590; x_wconf 65' lang='lat' dir='ltr'>⁴est</span> <span class='ocrx_word' id='word_1_296' title='bbox 1110 3535 1181 3588; x_wconf 89' lang='lat' dir='ltr'>hoc:</span> <span class='ocrx_word' id='word_1_297' title='bbox 1202 3533 1310 3600; x_wconf 80' lang='lat' dir='ltr'>„Quae</span> <span class='ocrx_word' id='word_1_298' title='bbox 1333 3557 1373 3594; x_wconf 86' lang='lat' dir='ltr'>ca</span> 
     </span>
     <span class='ocr_line' id='line_1_38' title="bbox 159 3607 1369 3684; baseline 0.001 -22"><span class='ocrx_word' id='word_1_299' title='bbox 159 3612 200 3664; x_wconf 79' lang='lat'>16.</span> <span class='ocrx_word' id='word_1_300' title='bbox 222 3615 252 3661; x_wconf 89' lang='lat' dir='ltr'>et</span> <span class='ocrx_word' id='word_1_301' title='bbox 269 3610 311 3663; x_wconf 82' lang='lat' dir='ltr'>ll.</span> <span class='ocrx_word' id='word_1_302' title='bbox 341 3609 457 3678; x_wconf 87' lang='lat' dir='ltr'>copiose</span> <span class='ocrx_word' id='word_1_303' title='bbox 484 3609 623 3662; x_wconf 88' lang='lat' dir='ltr'>dicuntur</span> <span class='ocrx_word' id='word_1_304' title='bbox 646 3609 680 3662; x_wconf 89' lang='lat' dir='ltr'>ab</span> <span class='ocrx_word' id='word_1_305' title='bbox 705 3608 786 3680; x_wconf 86' lang='lat' dir='ltr'>Apro</span> <span class='ocrx_word' id='word_1_306' title='bbox 809 3611 1032 3684; x_wconf 61' lang='lat' dir='ltr'>interrogante,</span> <span class='ocrx_word' id='word_1_307' title='bbox 1051 3609 1170 3678; x_wconf 66' lang='lat' dir='ltr'>quinam</span> <span class='ocrx_word' id='word_1_308' title='bbox 1195 3607 1325 3676; x_wconf 78' lang='lat' dir='ltr'>antiqui</span> <span class='ocrx_word' id='word_1_309' title='bbox 1348 3631 1369 3664; x_wconf 79' lang='lat' dir='ltr'>v</span> 
     </span>
     <span class='ocr_line' id='line_1_39' title="bbox 158 3677 1370 3751; baseline 0.004 -19"><span class='ocrx_word' id='word_1_310' title='bbox 158 3678 242 3732; x_wconf 88' lang='lat' dir='ltr'>candi</span> <span class='ocrx_word' id='word_1_311' title='bbox 261 3679 334 3744; x_wconf 80' lang='lat' dir='ltr'>sint3</span> <span class='ocrx_word' id='word_1_312' title='bbox 352 3697 425 3750; x_wconf 82' lang='lat' dir='ltr'>quae</span> <span class='ocrx_word' id='word_1_313' title='bbox 443 3681 547 3734; x_wconf 88' lang='lat' dir='ltr'>deinde</span> <span class='ocrx_word' id='word_1_314' title='bbox 565 3682 750 3751; x_wconf 87' lang='lat' dir='ltr'>disputantur</span> <span class='ocrx_word' id='word_1_315' title='bbox 768 3681 803 3734; x_wconf 89' lang='lat' dir='ltr'>de</span> <span class='ocrx_word' id='word_1_316' title='bbox 824 3696 928 3748; x_wconf 78' lang='lat' dir='ltr'>magno</span> <span class='ocrx_word' id='word_1_317' title='bbox 952 3687 980 3733; x_wconf 82' lang='lat' dir='ltr'>et</span> <span class='ocrx_word' id='word_1_318' title='bbox 1003 3696 1068 3733; x_wconf 83' lang='lat' dir='ltr'>cero</span> <span class='ocrx_word' id='word_1_319' title='bbox 1088 3695 1161 3732; x_wconf 83' lang='lat' dir='ltr'>auno</span> <span class='ocrx_word' id='word_1_320' title='bbox 1186 3677 1253 3746; x_wconf 85' lang='lat' dir='ltr'>plus</span> <span class='ocrx_word' id='word_1_321' title='bbox 1275 3681 1370 3736; x_wconf 86' lang='lat' dir='ltr'>duod</span> 
     </span>
     <span class='ocr_line' id='line_1_40' title="bbox 158 3750 1379 3823; baseline 0.007 -21"><span class='ocrx_word' id='word_1_322' title='bbox 158 3751 215 3803; x_wconf 88' lang='lat' dir='ltr'>cim</span> <span class='ocrx_word' id='word_1_323' title='bbox 236 3750 331 3804; x_wconf 88' lang='lat' dir='ltr'>millia</span> <span class='ocrx_word' id='word_1_324' title='bbox 350 3767 502 3818; x_wconf 81' lang='lat' dir='ltr'>annorum,</span> <span class='ocrx_word' id='word_1_325' title='bbox 521 3753 620 3805; x_wconf 86' lang='lat' dir='ltr'>nescio</span> <span class='ocrx_word' id='word_1_326' title='bbox 634 3769 734 3821; x_wconf 86' lang='lat' dir='ltr'>quare,</span> <span class='ocrx_word' id='word_1_327' title='bbox 753 3752 982 3823; x_wconf 74' lang='lat' dir='ltr'>complectente3</span> <span class='ocrx_word' id='word_1_328' title='bbox 1001 3754 1073 3805; x_wconf 88' lang='lat' dir='ltr'>item</span> <span class='ocrx_word' id='word_1_329' title='bbox 1087 3751 1164 3822; x_wconf 88' lang='lat' dir='ltr'>quod</span> <span class='ocrx_word' id='word_1_330' title='bbox 1179 3754 1379 3810; x_wconf 68' lang='lat' dir='ltr'>contenditur</span> 
     </span>
     <span class='ocr_line' id='line_1_41' title="bbox 158 3819 1371 3893; baseline 0.004 -19"><span class='ocrx_word' id='word_1_331' title='bbox 158 3829 303 3874; x_wconf 87' lang='lat' dir='ltr'>oratorem</span> <span class='ocrx_word' id='word_1_332' title='bbox 322 3829 388 3876; x_wconf 85' lang='lat' dir='ltr'>ante</span> <span class='ocrx_word' id='word_1_333' title='bbox 406 3841 496 3876; x_wconf 89' lang='lat' dir='ltr'>unum</span> <span class='ocrx_word' id='word_1_334' title='bbox 515 3823 664 3877; x_wconf 81' lang='lat' dir='ltr'>saeculum</span> <span class='ocrx_word' id='word_1_335' title='bbox 677 3831 824 3876; x_wconf 88' lang='lat' dir='ltr'>mortuum</span> <span class='ocrx_word' id='word_1_336' title='bbox 843 3840 901 3876; x_wconf 90' lang='lat' dir='ltr'>non</span> <span class='ocrx_word' id='word_1_337' title='bbox 921 3824 999 3876; x_wconf 89' lang='lat' dir='ltr'>inter</span> <span class='ocrx_word' id='word_1_338' title='bbox 1016 3819 1151 3893; x_wconf 84' lang='lat' dir='ltr'>antiquos</span> <span class='ocrx_word' id='word_1_339' title='bbox 1166 3827 1371 3879; x_wconf 79' lang='lat' dir='ltr'>numerando</span> 
     </span>
     <span class='ocr_line' id='line_1_42' title="bbox 158 3893 1373 3966; baseline 0.003 -20"><span class='ocrx_word' id='word_1_340' title='bbox 158 3911 231 3957; x_wconf 86' lang='lat' dir='ltr'>esse,</span> <span class='ocrx_word' id='word_1_341' title='bbox 260 3894 326 3962; x_wconf 90' lang='lat' dir='ltr'>quia</span> <span class='ocrx_word' id='word_1_342' title='bbox 353 3911 441 3948; x_wconf 88' lang='lat' dir='ltr'>senex</span> <span class='ocrx_word' id='word_1_343' title='bbox 463 3894 531 3966; x_wconf 86' lang='lat' dir='ltr'>plus</span> <span class='ocrx_word' id='word_1_344' title='bbox 559 3903 675 3948; x_wconf 86' lang='lat' dir='ltr'>centum</span> <span class='ocrx_word' id='word_1_345' title='bbox 700 3911 843 3948; x_wconf 85' lang='lat' dir='ltr'>annorum</span> <span class='ocrx_word' id='word_1_346' title='bbox 866 3894 952 3946; x_wconf 90' lang='lat' dir='ltr'>illum</span> <span class='ocrx_word' id='word_1_347' title='bbox 981 3911 1071 3965; x_wconf 85' lang='lat' dir='ltr'>aeque</span> <span class='ocrx_word' id='word_1_348' title='bbox 1089 3909 1123 3946; x_wconf 88' lang='lat' dir='ltr'>ao</span> <span class='ocrx_word' id='word_1_349' title='bbox 1141 3900 1211 3944; x_wconf 87' lang='lat' dir='ltr'>tunc</span> <span class='ocrx_word' id='word_1_350' title='bbox 1229 3893 1373 3952; x_wconf 79' lang='lat' dir='ltr'>virente</span> 
     </span>
     <span class='ocr_line' id='line_1_43' title="bbox 156 3963 1379 4038; baseline 0.002 -20"><span class='ocrx_word' id='word_1_351' title='bbox 156 3963 257 4018; x_wconf 88' lang='lat' dir='ltr'>audire</span> <span class='ocrx_word' id='word_1_352' title='bbox 275 3963 427 4034; x_wconf 81' lang='lat' dir='ltr'>potuisset,</span> <span class='ocrx_word' id='word_1_353' title='bbox 453 3966 536 4035; x_wconf 86' lang='lat' dir='ltr'>quasi</span> <span class='ocrx_word' id='word_1_354' title='bbox 561 3983 658 4020; x_wconf 85' lang='lat' dir='ltr'>coram</span> <span class='ocrx_word' id='word_1_355' title='bbox 676 3966 808 4035; x_wconf 87' lang='lat' dir='ltr'>puerulis</span> <span class='ocrx_word' id='word_1_356' title='bbox 836 3965 996 4019; x_wconf 81' lang='lat' dir='ltr'>infantibus</span> <span class='ocrx_word' id='word_1_357' title='bbox 1022 3975 1050 4020; x_wconf 88' lang='lat' dir='ltr'>et</span> <span class='ocrx_word' id='word_1_358' title='bbox 1077 3963 1192 4018; x_wconf 85' lang='lat' dir='ltr'>senibus</span> <span class='ocrx_word' id='word_1_359' title='bbox 1221 3963 1379 4038; x_wconf 60' lang='lat' dir='ltr'>decrepiti</span> 
     </span>
     <span class='ocr_line' id='line_1_44' title="bbox 158 4033 1379 4108; baseline 0.002 -18"><span class='ocrx_word' id='word_1_360' title='bbox 158 4035 303 4090; x_wconf 81' lang='lat' dir='ltr'>orationes</span> <span class='ocrx_word' id='word_1_361' title='bbox 321 4033 505 4102; x_wconf 84' lang='lat' dir='ltr'>haberentur,</span> <span class='ocrx_word' id='word_1_362' title='bbox 525 4067 557 4078; x_wconf 81' lang='lat'>-</span> <span class='ocrx_word' id='word_1_363' title='bbox 576 4035 647 4090; x_wconf 86' lang='lat' dir='ltr'>haec</span> <span class='ocrx_word' id='word_1_364' title='bbox 666 4038 762 4090; x_wconf 84' lang='lat' dir='ltr'>omnia</span> <span class='ocrx_word' id='word_1_365' title='bbox 781 4037 875 4108; x_wconf 85' lang='lat' dir='ltr'>inepti</span> <span class='ocrx_word' id='word_1_366' title='bbox 895 4045 925 4090; x_wconf 85' lang='lat' dir='ltr'>et</span> <span class='ocrx_word' id='word_1_367' title='bbox 943 4037 1113 4090; x_wconf 87' lang='lat' dir='ltr'>inconcinni</span> <span class='ocrx_word' id='word_1_368' title='bbox 1131 4035 1243 4105; x_wconf 86' lang='lat' dir='ltr'>aliquid</span> <span class='ocrx_word' id='word_1_369' title='bbox 1262 4054 1351 4106; x_wconf 79' lang='lat' dir='ltr'>prae</span> <span class='ocrx_word' id='word_1_370' title='bbox 1375 4041 1379 4098; x_wconf 76' lang='lat' dir='ltr'>l</span> 
     </span>
     <span class='ocr_line' id='line_1_45' title="bbox 157 4107 1379 4186; baseline 0.003 -26"><span class='ocrx_word' id='word_1_371' title='bbox 157 4110 267 4162; x_wconf 86' lang='lat' dir='ltr'>ferunt.</span> <span class='ocrx_word' id='word_1_372' title='bbox 304 4107 406 4177; x_wconf 88' lang='lat' dir='ltr'>Neque</span> <span class='ocrx_word' id='word_1_373' title='bbox 423 4107 459 4160; x_wconf 91' lang='lat' dir='ltr'>de</span> <span class='ocrx_word' id='word_1_374' title='bbox 476 4107 615 4161; x_wconf 85' lang='lat' dir='ltr'>vocabulo</span> <span class='ocrx_word' id='word_1_375' title='bbox 634 4125 732 4184; x_wconf 81' lang='lat' dir='ltr'>pugna</span> <span class='ocrx_word' id='word_1_376' title='bbox 752 4117 824 4172; x_wconf 89' lang='lat' dir='ltr'>erat,</span> <span class='ocrx_word' id='word_1_377' title='bbox 843 4109 963 4178; x_wconf 88' lang='lat' dir='ltr'>quinam</span> <span class='ocrx_word' id='word_1_378' title='bbox 985 4107 1099 4177; x_wconf 86' lang='lat' dir='ltr'>antiqui</span> <span class='ocrx_word' id='word_1_379' title='bbox 1113 4107 1180 4160; x_wconf 81' lang='lat' dir='ltr'>‘sive</span> <span class='ocrx_word' id='word_1_380' title='bbox 1198 4115 1326 4164; x_wconf 83' lang='lat' dir='ltr'>veteres</span> <span class='ocrx_word' id='word_1_381' title='bbox 1351 4131 1379 4186; x_wconf 68' lang='lat' dir='ltr'>ap</span> 
     </span>
     <span class='ocr_line' id='line_1_46' title="bbox 156 4177 1379 4254; baseline 0.002 -24"><span class='ocrx_word' id='word_1_382' title='bbox 156 4177 286 4247; x_wconf 72' lang='lat' dir='ltr'>pellendi</span> <span class='ocrx_word' id='word_1_383' title='bbox 306 4186 412 4232; x_wconf 83' lang='lat' dir='ltr'>essent.</span> <span class='ocrx_word' id='word_1_384' title='bbox 450 4179 484 4231; x_wconf 90' lang='lat' dir='ltr'>ld</span> <span class='ocrx_word' id='word_1_385' title='bbox 501 4179 649 4254; x_wconf 74' lang='lat' dir='ltr'>agebatur,</span> <span class='ocrx_word' id='word_1_386' title='bbox 667 4197 703 4232; x_wconf 87' lang='lat' dir='ltr'>an</span> <span class='ocrx_word' id='word_1_387' title='bbox 724 4179 837 4234; x_wconf 85' lang='lat' dir='ltr'>saeculo</span> <span class='ocrx_word' id='word_1_388' title='bbox 855 4180 991 4249; x_wconf 79' lang='lat' dir='ltr'>proximo</span> <span class='ocrx_word' id='word_1_389' title='bbox 1010 4179 1159 4250; x_wconf 85' lang='lat' dir='ltr'>superiore</span> <span class='ocrx_word' id='word_1_390' title='bbox 1178 4177 1223 4244; x_wconf 85' lang='lat' dir='ltr'>(r.</span> <span class='ocrx_word' id='word_1_391' title='bbox 1236 4195 1307 4250; x_wconf 85' lang='lat' dir='ltr'>cap.</span> <span class='ocrx_word' id='word_1_392' title='bbox 1334 4187 1379 4242; x_wconf 54' lang='grc' dir='ltr'><strong><em>Ἀ</em></strong></span> 
     </span>
     <span class='ocr_line' id='line_1_47' title="bbox 158 4249 1379 4320; baseline 0.003 -19"><span class='ocrx_word' id='word_1_393' title='bbox 158 4255 296 4318; x_wconf 86' lang='lat' dir='ltr'>corrupta</span> <span class='ocrx_word' id='word_1_394' title='bbox 315 4250 354 4302; x_wconf 84' lang='lat' dir='ltr'>sit</span> <span class='ocrx_word' id='word_1_395' title='bbox 373 4249 540 4320; x_wconf 85' lang='lat' dir='ltr'>eloquentia</span> <span class='ocrx_word' id='word_1_396' title='bbox 558 4257 587 4304; x_wconf 88' lang='lat' dir='ltr'>et</span> <span class='ocrx_word' id='word_1_397' title='bbox 605 4267 703 4320; x_wconf 84' lang='lat' dir='ltr'>quare.</span> <span class='ocrx_word' id='word_1_398' title='bbox 710 4249 729 4278; x_wconf 81' lang='lat'>‘⁴</span> <span class='ocrx_word' id='word_1_399' title='bbox 1378 4253 1379 4290; x_wconf 76' lang='lat' dir='ltr'>l</span> 
     </span>
    </p>
   </div>
   <div class='ocr_carea' id='block_1_7' title="bbox 1377 3129 1383 3956">
    <p class='ocr_par' dir='ltr' id='par_1_9' title="bbox 1377 3129 1383 3956">
     <span class='ocr_line' id='line_1_48' title="bbox 1377 3129 1383 3956; baseline 0 0"><span class='ocrx_word' id='word_1_400' title='bbox 1377 3129 1383 3956; x_wconf 95' lang='lat' dir='ltr'> </span> 
     </span>
    </p>
   </div>
   <div class='ocr_carea' id='block_1_8' title="bbox 0 0 1386 4788">
    <p class='ocr_par' dir='ltr' id='par_1_10' title="bbox 0 0 1386 4788">
     <span class='ocr_line' id='line_1_49' title="bbox 0 0 1386 4788; baseline 0 1"><span class='ocrx_word' id='word_1_401' title='bbox 0 0 1386 4788; x_wconf 95' lang='lat' dir='ltr'> </span> 
     </span>
    </p>
   </div>
  </div>
 </body>
</html>
