2872 4792
231 246 375 317 cseur
393 245 519 316 Lmv.
541 211 650 314 nuv.
673 252 726 330 (u.
749 251 790 316 u.
812 247 883 317 ⁷72.
905 251 944 314 1.
967 249 1003 313 e.
1029 251 1093 333 io.)
1215 251 1277 316 uso
1313 326 1316 334 ,
1424 211 1425 292 ἶ

62 417 137 486 hips.
157 419 188 469 et
204 415 242 472 al.
261 448 296 459 -
331 421 441 469 uertere
459 415 490 470 iu
509 433 549 483 se,
577 417 660 470 ntia
679 415 840 470 retrabere
863 422 888 483 l,
908 419 933 472 2.
970 413 1041 483 „Sic
1066 425 1096 469 et
1118 423 1276 469 conuenere

62 489 90 540 ia
110 503 139 538 se
156 487 257 542 dixere
275 487 339 544 hir.
359 489 403 553 24,
423 490 449 544 4.
470 497 500 543 et
518 487 598 542 Suet.
617 489 702 558 Vesp.
722 487 773 544 4.“
801 489 887 543 Grau.
908 519 940 530 -
977 487 1128 540 resistenti
1145 486 1218 556 mm:
1244 487 1274 541 in

61 561 102 614 ed.
122 559 184 612 Ber.
204 557 405 611 resistentiam.
417 591 450 602 -
486 567 629 611 auctorem
645 559 794 630 utriusque
811 559 905 626 regni,
926 559 976 628 qui
995 557 1170 612 divisionem
1188 559 1275 633 regni

60 633 166 682 fecerat
184 637 213 681 et
231 630 350 700 uti-ique
370 648 472 707 regum
491 640 603 702 partem
622 631 809 694 attribuerat3
833 631 904 682 Era.
927 660 957 669 -
997 629 1097 682 audita
1120 629 1276 682 oculatiores

59 699 213 768 Principis,
232 719 320 770 quum
339 701 476 763 audisset,
499 709 615 754 mortuo
633 701 765 777 Augusto
782 699 933 755 Tiberium
952 703 1062 754 factum
1082 717 1143 754 csse
1161 701 1275 752 Princi-

59 790 140 842 pem5
158 772 242 826 Brut.
263 804 296 812 —
333 785 435 824 causas
459 773 540 838 bello,
572 790 665 842 „quae
692 789 738 824 res
762 771 839 825 bello
857 773 964 824 ‘causae
982 773 1090 838 forent,
1114 771 1191 824 unde
1209 770 1275 826 fieri

60 860 117 896 non
134 850 248 911 poterat
266 841 337 912 quin
356 843 465 895 bellum
483 843 620 896 oriretur.
658 843 765 896 Forma
791 841 930 912 loquendi
956 841 1040 895 valde
1065 843 1172 894 usitata
1190 841 1279 898 Livio,

59 922 85 966 et
105 913 205 964 multis
224 929 260 964 ex
277 929 310 964 eo
330 913 471 984 exemplis
497 914 643 965 illustrata
668 931 683 966 a
709 913 800 968 Gran.
827 922 856 967 et
873 912 964 965 Drak.
990 913 1070 976 adl,
1090 916 1132 968 12.
1159 911 1276 980 (prima
1327 957 1329 964 ,

59 983 123 1036 urbi
138 983 322 1048 fundamenta
340 983 408 1050 ieci)
432 992 461 1038 et
484 988 511 1047 3,
532 987 567 1040 ab
585 983 653 1054 pr.“
675 982 747 1038 Era.
785 983 841 1036 Sed
864 986 896 1038 in
919 983 967 1036 his
993 983 1134 1054 exemplis
1152 982 1275 1038 Dativus

59 1055 163 1124 pendet
181 1070 217 1106 ex
236 1054 333 1108 verbis
352 1056 474 1108 adiectis
492 1055 595 1120 iacere,
614 1071 759 1123 quaerere,
780 1055 859 1122 dare,
884 1071 943 1108 cese
969 1055 1007 1109 al.
1029 1055 1076 1108 Gi.
1091 1055 1191 1124 potius
1210 1053 1273 1108 lud.

59 1126 110 1247 RH.
129 1144 158 1178 v.
178 1125 330 1252 Apppsitio
349 1134 378 1180 et
396 1125 518 1179 Datiuus
537 1126 701 1180 obiectiuus.
722 1125 831 1184 Simill.
851 1127 914 1180 loca
932 1125 968 1184 H.
981 1129 1008 1192 4,
1025 1129 1059 1186 19
1074 1143 1122 1196 pr.
1142 1134 1171 1179 et
1189 1125 1273 1198 Virg.

82 1214 126 1250 en·
151 1199 179 1258 ³5
198 1199 233 1252 30
254 1233 261 1247 ·

503 1315 696 1370 CAPUT
730 1318 828 1375 LXV.

143 1419 241 1482 Nihil
261 1438 364 1504 aeque
385 1419 559 1484 Tiberium
581 1425 714 1484 anxium
735 1405 888 1500 habebat,
911 1443 1007 1506 quam
1029 1443 1071 1485 ne
1092 1423 1273 1505 composita

59 1503 285 1566 turbarentur.
336 1504 465 1590 Deligit
500 1507 741 1576 centurionem,
770 1507 826 1585 qui
854 1507 1027 1567 nuntiaret
1055 1507 1199 1593 regibus,
1233 1525 1274 1568 ne

58 1588 155 1648 armis
178 1583 418 1666 disceptarent3
440 1589 654 1670 statimqusa
681 1586 786 1668 Cotye
809 1587 942 1650 dimissa
965 1596 1053 1666 sunt,
1075 1607 1157 1670 quae
1178 1607 1274 1672 para-

58 1679 162 1746 verat,
185 1669 318 1731 auxilia.
361 1669 583 1751 Rhescuporis
604 1671 682 1732 ficta
702 1669 865 1732 modestia
886 1671 1046 1752 postulat,
1075 1667 1217 1732 eundem
1239 1673 1274 1730 in

59 1753 166 1814 locum
178 1754 346 1814 coireturs
361 1771 457 1834 posse
471 1751 513 1814 de
527 1755 766 1816 controversiis
778 1753 943 1834 colloquio
957 1755 1108 1840 transigi:
1132 1751 1204 1814 Nec
1217 1751 1275 1813 diu

59 1833 243 1896 dubitatum
257 1833 299 1895 de
311 1842 472 1918 tempore,
490 1835 577 1910 loco,
591 1831 668 1896 dein
683 1833 940 1912 conditionibus,
955 1855 1053 1916 quum
1070 1835 1157 1896 alter
1169 1837 1275 1896 facili-

59 1925 136 1995 tate,
148 1917 236 1978 alter
247 1915 364 1979 fraerde
377 1925 494 1980 cuncta
509 1919 599 1979 inter
610 1939 644 1977 se
658 1917 879 1980 concederent
891 1917 1153 2001 acciperentque.
1173 1917 1274 1980 Rhes-

61 2003 194 2081 cuporis
211 1997 399 2078 sanciendo,
413 2011 452 2062 ut
464 2001 649 2078 dictitabat,
666 1997 794 2061 foederi
812 2001 1002 2060 convivium
1015 1999 1142 2077 adiicit,
1154 2007 1274 2062 tracta·
1386 2031 1391 2036 ·

80 2103 119 2143 ue
131 2084 166 2142 in
178 2083 315 2143 multam
331 2091 462 2144 noctem
479 2083 608 2144 laetitia
619 2101 681 2163 per
699 2084 812 2163 epulas
827 2100 866 2142 ac
876 2081 1093 2144 vinolentiam
1104 2083 1274 2144 incautum

60 2104 168 2244 dotyu
198 2174 243 2245 et,
272 2175 447 2247 postquam
476 2165 590 2226 dolum
616 2165 840 2242 intellexerat,
874 2183 968 2226 sacra
993 2167 1101 2250 regni,
1130 2163 1274 2228 eiusdem

59 2249 203 2308 familiae
231 2246 310 2310 deos
332 2257 366 2310 et
393 2249 566 2330 hospitalii
588 2240 716 2308 medsas
742 2247 962 2308 obtestantem
997 2250 1121 2310 catenis
1147 2255 1274 2310 onerat.

57 2329 265 2412 Thraciaque
282 2333 516 2414 omnipotitus
533 2332 668 2412 scripsit
685 2328 726 2390 ad
736 2330 923 2407 Tiberium,
945 2337 1087 2391 structas
1109 2329 1173 2390 sibi
1195 2332 1275 2390 insi-

57 2412 136 2488 dias,
160 2425 378 2495 praeventum
401 2411 649 2492 insidiatorem
671 2413 771 2475 simul
791 2413 911 2475 bellum
929 2410 1087 2474 aduersus
1100 2409 1274 2474 Bastarnas

55 2495 262 2638 {opibusque
283 2496 503 2580 praetendens
526 2499 623 2560 novis
650 2493 801 2578 peditum
830 2504 864 2558 et
891 2497 1041 2578 equitum
1070 2497 1175 2579 copiis
1204 2515 1275 2556 sese

81 2580 215 2641 rmabat.
523 2608 525 2616 ¹
602 2610 607 2621 =

125 2684 150 2736 l.
179 2675 264 2732 Nihil
284 2695 371 2750 aeque
397 2678 542 2733 Tiberium
569 2678 687 2733 aucium
714 2677 842 2746 babebat,
871 2697 899 2734 r.
925 2675 961 2732 ad
983 2678 1009 2744 2,
1034 2677 1078 2743 57,
1104 2681 1128 2733 l.
1156 2707 1187 2720 -ι
1214 2678 1275 2746 vpai
1368 2695 1371 2702 ¹

56 2751 198 2803 nuntiaret
221 2751 350 2818 regibus,
381 2767 414 2804 ae
430 2754 532 2805 *amnis
560 2753 762 2820 disceptarent,
788 2759 823 2803 ut
842 2751 955 2820 saepius
974 2749 1108 2802 nuntiare
1126 2765 1180 2819 pro
1199 2747 1275 2800 indi-

54 2838 119 2875 care
137 2821 315 2876 desiderium
336 2830 364 2876 et
382 2823 548 2878 mandatum
566 2831 616 2878 aut
641 2840 695 2893 per
718 2823 855 2876 nuntium
881 2837 1000 2874 monere
1020 2827 1048 2873 et
1067 2820 1176 2885 iubere,
1199 2835 1276 2872 nun·
1348 2871 1354 2881 ,

56 2893 128 2946 tium
145 2895 275 2960 mittere,
295 2895 346 2964 qui
364 2895 442 2947 dicat
461 2902 490 2946 et
508 2894 606 2947 iubeat
629 2911 687 2964 seq.
705 2899 748 2959 ut,
774 2912 802 2948 v.
823 2910 847 2944 c.
866 2892 930 2945 hir.
949 2893 977 2956 3,
996 2892 1032 2946 511
1049 2907 1094 2961 pr.
1113 2892 1158 2955 25,
1169 2893 1214 2948 22.
1229 2891 1273 2955 27,

56 2965 98 3018 29.
112 2973 163 3017 aut
175 2965 272 3034 simpl.
287 2966 483 3028 coniunctim,
502 2967 535 3017 ut
550 2965 604 3034 inf.
618 2967 645 3026 2,
665 2967 709 3027 ttt.
731 2969 775 3030 11,
786 2967 831 3019 37.
851 2970 881 3015 et
899 2960 1057 3027 infinitivo,
1075 2969 1109 3012 ut
1121 2963 1164 3026 16,
1185 2965 1215 3016 ll
1226 2979 1272 3029 pr.

55 3033 104 3088 Sic
121 3044 150 3088 et
168 3037 309 3089 scribitur
330 3034 494 3090 Tetrarcbis
513 3036 656 3108 -jussis
674 3033 847 3089 Corbulonis
864 3031 979 3100 obsequi
1004 3033 1048 3096 15,
1073 3031 1118 3086 25.
1139 3061 1172 3072 -
1209 3033 1276 3094 ficta

55 3107 200 3171 modestia,
220 3108 271 3177 qui
289 3107 386 3162 rideri
405 3111 524 3178 cuperet
542 3107 622 3160 nihil
640 3108 711 3160 novi
728 3115 840 3176 petere,
868 3101 967 3156 facilis
988 3102 1065 3173 paci,
1088 3103 1187 3171 aequis
1205 3117 1275 3154 con·

56 3177 212 3230 ditionibus
237 3186 406 3245 contentum
430 3179 500 3232 Era.
553 3182 557 3192 ¹

122 3253 148 3304 2
167 3247 355 3318 Rhescuporis
373 3251 524 3304 sanciendo
536 3249 655 3316 ‘foederi
673 3246 831 3302 scammum
844 3243 964 3300 adiicit:
983 3241 1137 3322 „Scaliger
1147 3244 1181 3296 ad
1191 3245 1273 3300 Varr.

55 3316 90 3370 ll.
102 3317 134 3372 R.
153 3325 180 3386 3,
200 3323 227 3376 6.
246 3339 274 3392 p.
287 3325 348 3378 118.
367 3319 416 3374 hic
434 3323 543 3394 respici
560 3321 678 3392 putabat
695 3335 796 3373 coenae
814 3317 975 3382 adiiciales,
1001 3332 1073 3386 quae
1092 3331 1188 3368 merae
1208 3323 1276 3367 sunt

57 3385 1276 3532 ttsstlt²²llt3¹b223t,bittit-'tt'tlt’tlttt§titltltttbttlss

185 3485 195 3516 Ι
216 3499 225 3528 p
730 3506 736 3518 .
851 3497 857 3511 a
896 3503 902 3515 a

58 3544 186 3591 semestr.
209 3541 235 3596 1,
253 3539 280 3591 b.
301 3544 331 3588 et
348 3535 383 3587 hi
405 3553 428 3588 s.
453 3535 488 3588 de
506 3551 603 3609 magn.
629 3535 662 3586 R.
682 3537 709 3598 4,
728 3532 777 3590 9.“
802 3532 888 3585 Geor.
908 3561 941 3574 -
979 3528 1132 3582 dictitabat
1149 3526 1209 3582 MS.
1230 3527 1274 3580 ed.

58 3603 119 3658 Ber.
138 3605 232 3660 llhen.
252 3605 319 3660 Ald.
339 3607 388 3660 Pie
413 3643 420 3658 .
441 3613 470 3660 st
489 3623 546 3660 reo.
568 3605 693 3658 dictabat
714 3604 776 3660 edd.
795 3602 876 3673 hips.
897 3609 926 3656 et
943 3601 981 3656 sl.
1001 3619 1029 3656 r.
1045 3601 1118 3666 adl,
1132 3601 1177 3666 72,
1197 3603 1223 3654 1.
1242 3631 1274 3642 -

58 3689 139 3728 sacra
156 3677 251 3746 regui,
270 3685 325 3743 „ut
342 3693 426 3730 sacra
444 3677 599 3745 legationis
628 3685 657 3730 et
678 3690 790 3730 mensae
816 3679 840 3736 1,
859 3676 902 3730 42.
928 3676 971 3738 1³,
993 3676 1034 3726 1⁷.
1054 3673 1097 3737 15,
1115 3672 1160 3726 52.
1197 3671 1275 3724 llaec

60 3749 134 3800 euim
151 3749 298 3825 religione
317 3767 367 3802 sau
385 3747 559 3804 caerimonia
577 3747 698 3800 deorum
718 3752 801 3800 erant
820 3741 1035 3798 inviolabilis.“
1056 3739 1162 3796 Waltb.
1200 3739 1276 3806 „Re-
1296 3761 1300 3770 ¹

59 3834 116 3890 ges,
135 3819 238 3890 quibus
256 3818 383 3872 honores
411 3826 439 3872 et
462 3821 526 3872 iura
545 3835 686 3872 consensu
726 3817 837 3870 entium
855 3814 946 3868 tribui
972 3813 1069 3880 solita,
1099 3811 1275 3866 sacrosancti

19 3939 26 3950 ,
61 3897 89 3938 et
106 3889 299 3950 inviolabiles.
320 3891 366 3944 Cf.
388 3889 447 3944 Cic.
467 3891 502 3944 de
522 3889 544 3940 l.
564 3891 640 3942 blan.
660 3907 683 3942 c.
703 3837 729 3946 ξ.
755 3886 833 3940 Suet.
852 3885 933 3939 Caes.
953 3887 979 3942 b.
999 3884 1035 3937 de
1057 3883 1211 3936 sanctitate
1229 3899 1274 3934 re-

60 3975 132 4024 gum,
151 3961 226 4014 Plat.
246 3961 281 4014 ds
300 3965 371 4014 sort.
391 3961 475 4015 Alex.
495 3963 522 4026 2,
543 3963 583 4016 14.
604 3961 654 4014 ubi
671 3960 795 4028 bratteae
810 3957 885 4019 θεοὶ,
905 3953 974 4010 Sall.
993 3957 1100 4030 fragm.
1116 3955 1178 4017 b‚9.
1203 3952 1274 4006 lnde

62 4033 142 4096 regui
166 4032 195 4088 h.
215 4033 237 4084 l.
263 4031 394 4087 absolute
422 4033 591 4102 capiendum
618 4039 671 4096 est,
696 4047 756 4084 non
778 4027 814 4082 ad
831 4026 987 4080 Thraciam
1005 4027 1094 4079 restri
1138 4023 1274 4103 endum.“

64 4099 184 4156 frainel.
205 4111 235 4156 et
252 4103 376 4172 Era:-
413 4104 537 4156 es'usdem
553 4101 683 4168 familiae
701 4103 777 4165 deos,
796 4117 824 4152 r.
842 4098 877 4152 ad
894 4099 922 4161 2,
942 4099 986 4161 lu,
1004 4098 1030 4150 2.
1052 4123 1079 4134 -
1189 4095 1273 4146 etates

60 4187 169 4226 numae
186 4173 235 4238 (ei.
255 4175 290 4228 sd
307 4177 352 4240 15,
366 4175 427 4242 52.)
445 4175 642 4230 obtestantem:
660 4173 780 4244 proprie
798 4169 909 4223 dicituu·
926 4166 1071 4251 obtestari·
1083 4165 1206 4250 aliquan
1221 4181 1274 4232 per

63 4242 177 4311 dimid.
211 4243 288 4298 Nota
305 4255 403 4299 autem
421 4263 503 4300 sacra
521 4261 648 4311 suenus,
667 4259 781 4298 samum
791 4239 914 4310 hospitii
933 4239 978 4292 ius
997 4245 1026 4291 et
1043 4237 1085 4290 dii
1103 4236 1271 4318 hospitales,

66 4313 139 4382 iope.
156 4313 225 4377 Ζεὺς
242 4311 333 4387 φαιός
350 4333 379 4371 se
397 4319 444 4370 aa
461 4319 556 4378 ξένιος.
585 4315 812 4381 cf.1t,tt.-
849 4309 959 4364 catenis
986 4314 1084 4364 onam
1103 4341 1135 4354 -
1155 4313 1270 4375 ecrepsst
