2868 4792
184 195 248 266 181
582 191 829 261 anatomia
844 193 930 260 Lm.
952 193 1013 260 Ill.

609 359 803 422 caput·
853 358 977 418 ΜΠ.

274 465 409 532 lacmsit
437 465 514 532 dein
542 467 674 556 religio,
709 489 851 552 quonam
884 469 919 530 in
954 467 1078 550 templo
1093 462 1286 530 'locandum
1309 469 1388 530 foret

189 550 324 630 donum,
347 549 434 636 qood
455 571 518 635 pro
539 551 731 616 valetudine
746 551 916 614 Aurustae
930 551 1062 634 Equites
1079 549 1219 612 Romani
1239 559 1390 612 voverant

188 635 342 718 Equestri
363 635 545 700 Fortunae:
574 657 649 698 naar
672 637 734 698 etsi
756 603 892 698 delubra
914 637 985 696 eius
1008 632 1090 696 deae
1111 635 1216 698 multa
1243 635 1278 694 in
1298 631 1390 706 Urbe,

188 719 317 780 uullurn
339 727 449 780 tamen
471 719 532 780 tali
552 725 773 803 cognomento
795 727 876 782 erat.
909 717 1090 798 liopertum
1113 725 1173 789 est,
1195 717 1309 778 aedem
1329 737 1390 776 essa

190 800 279 884 apud
299 801 448 878 Antium,
478 821 560 884 quae
587 805 635 866 sio
663 809 927 884 nuncuparetur,
955 809 1155 882 cunctasque
1183 802 1390 862 caerimonias

190 881 315 947 Italicis
344 888 379 946 in
408 883 538 968 oppidis
563 885 751 968 templaque
773 893 806 946 et
827 885 1001 946 numinum
1035 884 1157 970 effigies
1187 885 1273 944 iuria
1304 889 1390 964 atque

126 979 129 1004 ¹
189 963 485 1050 imperii'llomani
512 987 592 1030 esse.
635 969 686 1030 lta
715 967 838 1028 donum
869 964 957 1050 apud
985 969 1121 1028 Antium
1149 967 1319 1030 statuitur.
1358 965 1391 1025 Et

190 1049 321 1134 quando
344 1048 384 1112 de
405 1049 625 1135 religionibus
652 1051 873 1122 tractabatur,
903 1049 1043 1110 dilatum
1072 1069 1180 1130 nuper
1207 1065 1411 1131 responsum¹

190 1133 351 1219 adversus
385 1133 539 1194 Servium
570 1131 834 1220 Maluginensem
863 1133 1039 1194 Flaminem
1074 1133 1205 1194 Dialem
1241 1133 1391 1214 prompsit

190 1215 312 1278 Caesar
334 1218 489 1278 recitavit
513 1237 554 1278 ue
576 1215 746 1278 decretum
768 1215 980 1299 pontificum:
1011 1219 1159 1298 quotiens
1179 1215 1327 1278 ualetudo
1345 1213 1391 1274 ud-

190 1319 282 1363 oerso
302 1299 471 1364 Plorninern
521 1299 612 1364 ialam
634 1301 827 1379 incessisset,
854 1309 890 1362 nt
912 1295 1084 1382 Pontifices
1110 1301 1240 1361 maximi
1267 1299 1392 1362 arbitrio

187 1383 262 1464 ptus
283 1402 374 1466 paoni
396 1382 568 1446 binoctium
590 1383 725 1462 obesset,
748 1383 819 1446 dnm
838 1402 877 1444 ne
898 1381 1009 1444 diebos
1027 1381 1151 1462 publici
1171 1383 1329 1466 sacrificii
1343 1399 1392 1442 nea

190 1470 318 1548 asapius
344 1485 435 1550 parurn
467 1467 518 1529 bia
550 1467 677 1528 eundern
709 1470 742 1529 in
775 1485 899 1528 annunt.
944 1466 1035 1530 Quae
1066 1465 1224 1548 Principe
1255 1469 1392 1552 Augusto

189 1551 370 1612 constituta
392 1553 471 1611 satis
493 1549 719 1628 ostendebant,
742 1569 883 1611 annuam
905 1548 1087 1613 absentiam
1109 1549 1392 1630 etprovinciarum

191 1633 511 1694 administrationem
543 1631 697 1694 Dialibus
732 1651 799 1695 non
831 1629 983 1694 concedi:
1020 1633 1332 1712 memorabaturque
1360 1631 1391 1694 ln.

191 1715 323 1777 Metelli
357 1715 525 1778 Pontificio
557 1716 691 1776 unanimi
724 1715 922 1798 exemplum,
961 1715 1017 1798 qui
1046 1715 1167 1776 aarum
1200 1715 1392 1796 Postumium

151 1845 156 1860 .
190 1797 368 1862 flaminem
391 1799 591 1860 attinuisset.
635 1799 684 1860 lta
706 1818 779 1860 sora
800 1799 899 1862 Asiae
919 1799 954 1858 in
976 1817 1063 1876 eum,
1093 1799 1149 1883 qui
1178 1799 1392 1860 consularium

190 1866 416 1967 Maluginensi
438 1881 608 1962 proximus
631 1889 713 1960 erat,
742 1881 870 1943 collata.

140 2060 143 2070 Ι
263 1995 298 2056 1.¹
316 1997 435 2052 laeserit
459 1997 523 2053 dein
547 1999 664 2068 religio,
691 2017 721 2054 r.
740 1997 776 2052 ad
793 2001 821 2066 ³,
839 2001 884 2066 26,
905 2002 928 2054 l.
965 1997 1082 2068 Religio
1109 1997 1395 2070 saepissimedioitur

192 2069 346 2142 scrupulus
366 2078 516 2135 attuatos,
537 2071 587 2142 qui
607 2089 642 2125 ex
660 2070 757 2142 aliqua
771 2087 814 2137 re,
834 2069 986 2142 inprimis
1005 2087 1041 2124 ex
1058 2069 1194 2154 prodigio
1216 2079 1246 2126 et
1263 2077 1393 2140 portento,

192 2141 328 2196 inlicitur
345 2139 442 2196 aniano
460 2141 600 2220 religioni
617 2141 724 2198 dedito.
760 2141 838 2195 lliuo
856 2141 1021 2210 religiosae,
1041 2141 1091 2212 qui
1109 2139 1198 2195 iaorle
1219 2159 1253 2196 eo
1271 2149 1393 2200 terretur,

191 2213 361 2281 religiosum
379 2221 410 2267 et
426 2213 563 2281 religioni
581 2221 609 2266 et
628 2213 734 2282 religio
748 2219 804 2288 ⁸eei,
830 2211 945 2278 incedit,
964 2213 1093 2278 offertur,
1119 2219 1149 2265 ot
1167 2229 1217 2266 rea
1242 2213 1272 2266 in
1290 2210 1394 2278 religio·
1416 2235 1417 2260 1

119 2309 121 2316 ·
191 2285 780 2353 namvenitseuoertitur‚Ge1-rn.man
807 2283 928 2338 macha
952 2283 1032 2338 sich
1055 2281 1240 2339 hierliber
1266 2285 1320 2339 ein
1337 2283 1394 2336 Ge·

169 2358 345 2430 [nissam
374 2355 572 2412 Bedsuken.
597 2355 643 2412 Gi.
662 2355 718 2412 loc.
748 2355 831 2410 class.
857 2353 934 2410 Gall.
952 2358 979 2421 4,
998 2359 1026 2410 a.
1046 2385 1078 2397 -
1115 2353 1254 2425 Eoneatn'
1272 2356 1394 2410 Fortunae

192 2427 291 2482 aedem
315 2425 407 2481 fuisse
429 2427 535 2482 Rornae
553 2447 569 2482 a
588 2428 620 2496 Q.
639 2427 744 2482 Fulvio
762 2426 931 2493 dedicatam,
959 2425 1047 2480 multi
1063 2425 1183 2480 madunt
1201 2428 1238 2482 ab
1259 2425 1325 2481 aliis
1348 2427 1393 2477 iano

192 2497 310 2560 laudati,
339 2499 402 2554 Liv.
423 2503 468 2565 aa,
488 2501 532 2554 4⁰.
552 2503 595 2556 44.
615 2503 660 2564 ll,
678 2499 704 2554 3.
726 2501 766 2554 lo.
792 2497 891 2568 Obseq.
913 2501 957 2554 1³.
985 2497 1079 2554 Valer-
1099 2499 1172 2554 Μαι.
1194 2503 1223 2565 l,
1244 2504 1270 2564 1,
1288 2501 1330 2554 it.
1354 2495 1394 2547 vi-

193 2577 272 2623 truv.
291 2569 326 2623 da
344 2568 450 2623 archit.
469 2573 498 2635 a,
516 2572 541 2627 2.
562 2572 691 2626 Laetam.
710 2573 737 2634 2,
755 2572 781 2626 Β.
802 2569 920 2644 Gruter.
947 2587 978 2640 p.
998 2571 1043 2635 li,
1061 2571 1087 2625 ⁴.
1116 2569 1258 2624 blurator.
1286 2567 1319 2622 Τ.
1336 2567 1357 2621 1.
1371 2583 1394 2636 p·

192 2641 236 2696 81.
247 2630 287 2692 'm
298 2641 331 2722 .⁵·
352 2641 429 2698 llirt.
449 2639 484 2696 de
502 2641 628 2696 Pantheo
645 2659 675 2712 p.
694 2643 757 2698 ΜΒ.
784 2641 912 2705 „Mirum
931 2655 1011 2717 ergo,
1052 2639 1107 2694 uod
1125 2639 1315 2765 rubiuupitur
1331 2639 1394 2720 deta.

192 2711 274 2764 tram
291 2725 322 2764 tn
342 2710 416 2766 Uria
433 2713 537 2798 nullam
557 2713 613 2766 toti
630 2717 809 2797 cognornfato
832 2717 908 2798 erat..
941 2711 1030 2766 lucen
1053 2713 1079 2766 ‘o
1098 2727 1239 2797 consnmp
1254 2727 1300 2797 asp
1316 2726 1395 2832 surpr-

193 2799 278 2846 caret·
296 2782 405 2849 aedem,
434 2801 492 2838 nasa
518 2784 644 2838 obstaret
670 2785 698 2838 Ρ.
718 2786 830 2850 Victor,
859 2801 910 2854 qur
937 2799 999 2837 eam
1026 2781 1151 2847 collocat
1170 2801 1203 2836 ua
1222 2797 1341 2909 Ἧιοιιο
1368 2777 1394 2830 1·

192 2851 279 2910 Urbis
297 2869 349 2908 auo
369 2857 456 2910 uum
474 2854 576 2914 aaro.“
593 2853 672 2924 arpa.
696 2855 795 2910 Potuit
812 2855 972 2925 antiquitus
991 2863 1102 2920 attracta
1118 2854 1212 2908 inissa
1275 2855 1395 2929 inopus·
1416 2853 1417 2858 ’

192 2933 293 2980 ananto
310 2925 404 2992 aeden
423 2943 492 2980 mos
509 2925 643 2982 incendio
659 2927 783 2998 periisse
802 2934 832 2981 at
849 2925 967 2980 demum
984 2933 1051 2998 poet
1068 2923 1181 2980 Tiberii
1204 2935 1334 2996 tempora
1358 2937 1395 2974 ra-
1416 2969 1417 2974 ,

194 2997 297 3052 stituta
320 3014 397 3064 esses
426 2995 553 3052 frainel.
594 2995 650 3052 ssa
675 3015 779 3083 parum
806 2997 978 3063 veriaimila,
1012 2997 1037 3052 ri
1062 2995 1120 3052 tale
1193 2997 1222 3052 'd
1246 2995 1393 3055 accidisstlr

194 3067 538 3126 eumanum'historicum
564 3070 596 3124 id
619 3069 871 3124 dissimulaturum
903 3069 1009 3134 brissei
1037 3067 1123 3138 lipsi.
1189 3067 1240 3122 inc
1262 3067 1394 3122 Gruterus

194 3141 322 3194 ooniecit
345 3139 490 3212 Separetri
513 3141 664 3207 Fortunae,
699 3140 775 3225 (prod
798 3140 901 3194 multia
919 3141 1031 3194 arrisit.
1067 3139 1240 3210 „Separater
1257 3155 1316 3194 oon
1332 3149 1394 3190 att·

194 3227 275 3281 quor,
294 3212 370 3282 quod
389 3213 486 3269 Gallio
505 3216 550 3279 itt,
569 3217 612 3268 ll.
632 3211 785 3276 creditum,
811 3211 860 3266 sed
877 3231 894 3265 a
912 3225 991 3264 urea
1008 3211 1090 3280 quasi
1107 3217 1243 3278 cremer,
1268 3219 1301 3263 ut
1316 3227 1332 3263 a
1347 3221 1395 3258 mr·

193 3281 245 3349 gia
261 3283 412 3352 magister,
433 3284 558 3340 aminare
576 3283 718 3350 minister,
734 3281 853 3347 dicitur,
874 3282 925 3352 qui
943 3281 1105 3342 intervenit
1122 3281 1327 3337 dissidentibus
1343 3279 1394 3346 ipae
1416 3309 1417 3352 p

194 3361 365 3408 neutrarum
391 3355 529 3425 partium,
563 3355 755 3420 salamitae,
781 3353 904 3420 medius,
932 3351 1004 3424 (qui
1030 3369 1109 3408 nuuc
1132 3353 1254 3408 barbare
1270 3350 1417 3424 πιεᾰίαὶοτ,

195 3423 333 3490 vocatur)
358 3426 515 3496 interpres,
540 3425 713 3490 releuatus,
745 3441 834 3496 panas
858 3441 943 3496 quem
972 3439 1019 3478 rea
1038 3432 1228 3478 controversa
1244 3423 1394 3494 deponitur.
1416 3425 1417 3482 l

195 3493 273 3547 ilino
296 3495 437 3549 Fortunae
461 3497 607 3568 sequestri
635 3497 736 3550 donum
759 3503 892 3552 oooerum
916 3495 1042 3566 Equites,
1069 3511 1176 3566 nempe
1199 3504 1233 3548 ut
1251 3493 1417 3562 Augaetanl

195 3565 308 3632 Liviae,
328 3567 483 3622 salutsma
506 3569 544 3622 ud
561 3567 636 3622 bauo
654 3568 735 3621 deam
753 3567 836 3638 quasi
854 3567 1033 3638 deponerent
1052 3575 1082 3620 et
1098 3565 1182 3620 illam
1201 3567 1229 3622 ai
1248 3564 1395 3620 custodien-
1416 3577 1417 3606 t

194 3633 262 3690 dam
290 3638 480 3696 mandarant!
518 3639 602 3693 Gran.
640 3639 784 3694 Gruterus
811 3637 974 3715 significari
1000 3639 1118 3710 putabat
1135 3633 1306 3698 Fortunam.
1335 3647 1417 3704 quat*

194 3705 321 3762 mediam
340 3726 369 3764 ae
389 3709 546 3764 collocaret
569 3713 647 3766 iuter
670 3709 831 3786 Augustam
855 3710 974 3780 eiusque
997 3709 1132 3764 morbum
1155 3717 1185 3762 et
1207 3717 1331 3764 mortem
1356 3701 1395 3756 vel

195 3781 299 3846 tatum,
333 3781 413 3836 inter
436 3780 588 3836 adversam
614 3789 644 3835 et
668 3797 837 3852 prosperam
861 3783 1017 3837 fortunam.
1047 3779 1093 3833 Cf.
1118 3779 1155 3836 de
1172 3797 1245 3836 rooa
1267 3781 1417 3848 aqueum

194 3847 286 3906 Drak.
305 3851 342 3906 ad
359 3851 412 3922 sil,
432 3853 458 3916 6,
477 3855 537 3910 att.
557 3855 650 3926 intpp.
671 3849 747 3906 Gall.
766 3853 810 3918 2⁰,
828 3855 872 3908 ll.
891 3849 966 3904 Pric.
985 3851 1023 3906 ad
1039 3851 1126 3922 Apul.
1144 3851 1211 3906 Met.
1231 3851 1280 3907 lx,
1319 3885 1327 3900 ·
1346 3847 1394 3902 lbi.

196 3921 298 3993 llayne
316 3921 352 3976 ad
378 3923 460 4001 virg.
479 3923 550 3978 Aen.
570 3929 614 3990 11,
637 3927 698 3980 13³.
726 3921 798 3978 Ern.
823 3923 897 3978 clar.
917 3921 978 3978 Cic.
1005 3931 1034 3976 et
1056 3923 1133 3993 inpr.
1152 3923 1253 3978 Heius.
1272 3867 1317 3976 ad
1325 3913 1394 3974 orid.
1416 3933 1417 3984 t

196 3992 401 4060 ausaausa
436 3995 576 4066 „liquitur
600 3995 678 4050 Rom.
698 3993 833 4064 Equester·
859 3993 1002 4048 Fortunae
1027 4003 1094 4048 rota
1118 3993 1222 4048 iecisse
1244 4009 1301 4079 pro
1324 3989 1417 4042 Livia:

196 4063 275 4118 nihil
293 4067 402 4120 mirram
419 4074 449 4120 et
466 4067 561 4122 studio
577 4064 742 4122 assentandi
757 4065 883 4120 mir-ilice
901 4065 1049 4130 convenit,
1069 4064 1118 4118 aad
1134 4065 1273 4120 minusad
1290 4064 1395 4132 apparel
1416 4057 1417 4128 l

196 4137 230 4188 in
247 4135 368 4188 Fortano
386 4135 534 4206 Sapeaatri.
571 4137 664 4192 liuius
681 4137 770 4191 etiam
788 4137 871 4190 nulla
896 4136 973 4208 apud
996 4145 1110 4192 veteres
1134 4137 1244 4192 mentio
1261 4143 1314 4190 eet.
1346 4131 1395 4182 Ne
1416 4139 1417 4154 ¹

196 4223 254 4275 qus
271 4209 430 4276 puerinon,
453 4225 511 4280 quo
529 4205 648 4264 nomine
666 4207 809 4330 appellari
833 4207 973 4279 potuerit,
997 4207 1049 4262 aad
1070 4224 1128 4278 quo
1152 4207 1295 4280 appellata
1315 4199 1394 4282 merit
1416 4237 1417 4240 =

198 4283 247 4328 aut
264 4275 406 4348 appellari
424 4281 456 4334 in
475 4280 528 4334 tali
547 4281 630 4335 raab
649 4281 702 4332 tai
721 4279 822 4334 ordina
841 4277 1002 4334 rusveritf‘
1021 4279 1086 4334 ure
1106 4280 1255 4334 anasum
1274 4273 1394 4344 wlcfflS
