2774 4784
276 223 333 286 or
355 221 471 285 aare
493 218 729 286 omroms.
772 218 800 302 a.
824 215 919 280 xrx.
1113 211 1209 270 ιω

42 393 105 464 riter
135 395 170 466 in
198 394 347 466 causito
389 393 563 485 attingere
606 379 819 486 qualitatem
852 385 989 482 dialogi
1023 395 1059 458 et
1089 385 1209 458 acrius
1293 419 1297 428 ·

42 493 168 586 indagare
203 503 387 566 auctorem
420 493 501 564 eius
535 512 757 584 sensumque
781 489 1001 578 verborum,
1034 485 1210 581 perpauci

41 595 203 666 interiorem
225 591 342 664 libelli
366 589 545 682 indolem,
570 598 829 684 argumentum
854 588 934 660 eius
968 596 1004 660 et
1037 585 1209 674 formam,

41 693 150 764 unta
171 703 205 765 et
226 695 326 784 vitia,
351 716 445 789 quac
469 689 652 787 explorari
676 698 714 760 et
738 689 909 782 cognosci
940 683 1060 758 multo
1091 683 1209 780 pluris

41 877 185 948 tmporun.“
204 879 310 949 lipstts
327 877 504 949 „Scriptum
522 891 591 930 sane
615 873 759 946 optimum
777 871 857 939 stilo,
881 872 1061 942 inventione,
1087 869 1209 938 iudicio,

41 949 125 1018 equod
139 951 166 1003 in
181 949 236 1004 hoc
252 967 361 1030 genere
378 949 543 1027 <integrum
562 953 639 1002 esset
656 945 754 1013 modo)
773 947 909 1006 conterre
926 943 1005 999 nihil
1022 959 1127 999 verear
1143 957 1210 995 cum

41 1019 68 1073 is
80 1037 136 1088 quae
155 1025 253 1092 optimi
281 1021 369 1076 saecli
394 1029 424 1076 et
447 1037 464 1075 c
487 1020 576 1073 timae
602 1017 718 1073 notao.“
745 1015 883 1071 Brotna's‘s
920 1017 986 1084 „Ut
1014 1015 1046 1069 in
1064 1014 1210 1068 Amatis:

40 1089 221 1161 Histrumque
248 1093 330 1148 tiocia
353 1091 602 1146 absolutissimum
624 1087 764 1144 habemus
786 1087 925 1160 politicae
949 1089 1023 1144 artis
1048 1087 1210 1140 monimen·

40 1169 85 1224 un,
100 1163 124 1212 in
139 1163 202 1216 titre
219 1165 253 1215 de
271 1163 418 1216 Gersaoss'o
436 1161 589 1244 egregium
605 1159 796 1214 humanitatis
816 1159 1017 1213 rudimentum
1028 1164 1210 1212 nostrarum-

39 1247 73 1298 que
85 1231 165 1308 legam
180 1233 411 1298 fundamentum,
430 1235 462 1287 in
479 1241 539 1288 osto
556 1232 713 1297 Agricolae
735 1229 921 1300 splendidum
945 1229 1125 1283 cultissimae
1148 1227 1210 1278 rin·

39 1303 83 1352 tatis
96 1305 254 1375 exemplum,
286 1305 328 1357 ita
350 1305 383 1358 in
409 1303 524 1368 dialogo
546 1301 581 1356 ds
603 1299 759 1354 oratoribus
782 1302 926 1371 optimum
945 1300 1100 1354 literarum
1124 1297 1211 1352 tom·

38 1380 136 1440 oenum,
158 1375 367 1430 validissimum
392 1375 423 1428 in
462 1373 581 1428 nicrum
604 1372 830 1426 incitamentum
857 1371 1034 1426 uberrimam
1057 1389 1092 1426 ue
1125 1385 1210 1440 prae·

38 1449 146 1510 ceptorum
161 1455 295 1534 segetem,
315 1445 419 1518 quibus
452 1447 542 1499 'torae
560 1441 596 1497 ad
613 1443 738 1497 meliora
755 1452 993 1514 promoreantur.
1030 1389 1081 1498 iic
1099 1442 1130 1494 in
1150 1455 1209 1492 uno

38 1511 104 1592 Tacito
122 1533 283 1588 reperimur,
311 1516 456 1588 quomodo
480 1523 624 1592 regantur
647 1514 780 1640 imperia,
808 1517 976 1570 formentur
991 1513 1138 1578 homines,
1164 1513 1210 1564 in·

38 1589 151 1640 stunta-
165 1589 251 1666 legeq
270 1589 389 1642 alantur
406 1590 541 1654 virtutes,
560 1587 680 1662 vigeant
710 1585 831 1642 iturae.“
849 1586 972 1644 scirtio·
988 1584 1102 1657 pt'lll.
1123 1583 1211 1650 „Pro-

38 1655 86 1708 fecto
105 1674 153 1712 non
176 1667 255 1714 caret
280 1659 422 1737 Dialogus
450 1668 551 1714 noster
574 1659 679 1734 gratiis
707 1665 737 1713 et
761 1657 920 1724 illecebris,
948 1675 1021 1730 quae
1048 1657 1077 1712 le
1136 1655 1210 1707 tium

38 1726 110 1779 uiuos
124 1731 190 1785 mua
208 1733 349 1786 suavitate
367 1731 486 1786 afficere
504 1729 629 1786 valeant.
665 1728 709 1783 Ea
728 1729 808 1783 enim
825 1737 870 1782 est
893 1729 1035 1783 sermonis
1064 1745 1109 1783 ec
1169 1725 1210 1776 tia

37 1799 225 1869 conduntur,
242 1821 276 1858 ea
292 1804 434 1858 orationis
452 1801 569 1856 ubertas
587 1808 618 1855 et
635 1799 758 1866 laetitia,
778 1817 812 1855 sa
829 1801 861 1854 in
879 1801 1046 1855 disserendo
1066 1817 1096 1855 so
1123 1797 1210 1864 ertia,

36 1875 203 1954 augmenti
221 1875 399 1951 gravitaret
417 1874 561 1940 doctrina,
588 1879 622 1926 ut
640 1881 720 1928 certe
737 1870 816 1928 haud
862 1873 946 1928 rocol
969 1873 1043 1928 absit
1061 1873 1095 1928 ab
1115 1868 1211 1926 elabo-

38 1941 199 2020 ffllltatmormn
217 1947 395 2030 scriptorum
413 1945 534 1999 virtute.
571 1941 717 2014 Equidem
741 1941 822 1998 hunc
862 1943 983 1999 'bellum
1007 1943 1037 1998 di
1080 1944 1211 1997 issimum

36 2014 225 2082 enodaverim,
244 2035 296 2088 qur
314 2034 330 2072 a
348 2017 502 2071 iuventute
519 2015 629 2070 veteris
647 2015 832 2086 eloquentiae
851 2015 957 2088 cupida
981 1962 1108 2070 studies
1132 2013 1211 2090 lega·

36 2089 102 2138 taret
121 2088 150 2140 in
170 2087 278 2144 scholis
301 2088 436 2144 omnibus
516 2086 634 2142 licetur.
669 2085 791 2140 Etenim
816 2105 884 2142 cum
910 2089 973 2160 ipss
996 2087 1210 2144 collocutorum

36 2151 147 2224 durum
162 2176 221 2214 nou
236 2158 376 2216 abhorret
393 2160 427 2214 ab
445 2159 499 2214 ado
513 2159 674 2214 ementium
692 2159 868 2228 intentione,
893 2168 957 2214 tum
982 2158 1060 2214 haud
1078 2155 1210 2228 improba

37 2221 98 2280 llelli
111 2229 192 2286 moles
209 2231 330 2302 patitur,
349 2240 383 2286 ut
400 2233 498 2302 prima
516 2231 598 2301 quasi
614 2230 787 2285 velitatione
805 2231 841 2284 ad
856 2231 1006 2286 varietatis
1020 2239 1049 2284 et
1062 2229 1210 2284 coniectu-

36 2311 99 2352 [πω
112 2302 195 2356 crisin
212 2303 378 2359 invitentur
396 2311 425 2358 et
442 2301 634 2356 adhibeantur
652 2303 782 2355 tironum
801 2304 832 2355 in
871 2303 951 2357 nia.“
970 2303 1080 2369 Orellis',
1099 2301 1134 2354 de
1152 2312 1210 2370 qao

35 2375 150 2429 votuit.
167 2375 286 2440 lingit:
306 2377 354 2441 (in
370 2375 484 2430 Dronk.
504 2373 575 2430 edit.
593 2373 713 2450 Dislogi
731 2391 760 2445 p.
859 2376 895 2438 1.)
914 2377 1071 2442 „Perverse
1088 2379 1132 2428 ost
1149 2370 1210 2422 lau·

35 2437 84 2492 latio
96 2461 192 2513 eoram,
250 2447 261 2499 i
280 2447 429 2524 dialogum
446 2445 526 2500 hunc
543 2445 630 2517 plane
649 2445 829 2500 Socraticum
847 2449 1001 2500 nominant
1019 2453 1068 2499 aut
1084 2439 1210 2516 perlecti

36 2508 106 2588 ΜΨ
126 2535 221 2589 exemp
250 2537 269 2571 r
291 2515 395 2573 haberi
418 2519 532 2574 volunt.
578 2517 704 2570 Multum
731 2517 907 2572 urbanitatis
934 2521 962 2574 ei
994 2519 1088 2572 inesse
1112 2513 1209 2576 video,

36 2589 94 2664 ΜΨ
112 2597 197 2644 uum
220 2588 400 2646 Socraticam
423 2591 510 2662 plane
527 2587 659 2654 unllam
689 2606 785 2659 neque
802 2591 906 2668 negari
929 2591 1052 2663 poterit,
1077 2593 1210 2660 quartam

36 2649 78 2704 ¹¹15
91 2655 198 2714 Secundi
214 2677 370 2734 personam
388 2661 470 2733 loqui
487 2659 676 2716 vehementer
692 2660 832 2730 laborare,
852 2663 929 2748 quod
945 2663 994 2718 vel
1012 2661 1081 2716 finis
1100 2656 1210 2732 dialogi

35 2721 93 2802 tat,
107 2731 258 2787 Maternum
276 2733 485 2788 dominationis
504 2731 604 2786 laudes
624 2733 655 2786 in
674 2735 754 2788 exitu
772 2734 989 2804 praedicantem
1015 2732 1070 2786 sibi
1088 2747 1148 2784 non
1167 2745 1210 2781 sa-

35 2801 183 2876 ttwastsre,
200 2813 307 2857 cmrcta
325 2805 450 2875 denique
468 2805 613 2858 oratoriae
630 2805 724 2882 magis
742 2804 962 2861 declamationis
980 2821 1067 2877 quam
1083 2800 1210 2858 familia-

35 2879 59 2917 ro
75 2887 125 2927 tun
144 2875 284 2930 facilitate
309 2878 430 2946 quadam
454 2884 484 2930 et
508 2876 589 2952 negli
628 2878 691 2931 ntia
715 2878 889 2946 profluentis
916 2879 1060 2934 sermonis
1080 2875 1210 2948 speciem

35 2951 77 3000 tue
90 2961 113 2996 se
128 2947 233 3001 ferre-‘⁴
271 2947 418 3017 Gogrs'ngs's'
441 2949 472 3001 in
498 2948 566 3002 diss.
614 2967 629 3002 e
655 2947 765 3034 dialogi
790 2949 825 3004 de
850 2949 1015 3004 oratoribus
1033 2944 1209 3020 praestantia

34 3005 185 3074 &let-1829.
204 3018 233 3070 Ρ.
244 3019 268 3071 l.
287 3023 354 3092 ps.
372 3019 433 3084 ubi,
453 3035 526 3089 quae
544 3019 671 3095 Longius
690 3019 775 3086 dixu,
795 3023 835 3075 ita
854 3021 1025 3076 labefactat:
1052 3015 1209 3084 „Socrati-

35 3095 75 3156 un
87 3083 152 3144 hunc
167 3089 314 3178 dialogum
333 3107 395 3146 esse
412 3092 465 3144 vix
483 3092 635 3161 quisquam
653 3091 800 3158 defendet,
825 3099 855 3146 et
879 3093 915 3146 ds
942 3107 1012 3146 vera
1036 3098 1067 3145 et
1084 3088 1211 3168 gestulm

35 3158 133 3212 lttritici
148 3161 254 3239 dialogi
271 3165 303 3216 vi
321 3171 352 3218 ot
370 3170 474 3216 natura
492 3178 526 3216 eo
544 3163 640 3217 minus
664 3163 794 3234 disputo,
819 3181 876 3233 quo
901 3164 951 3218 lon
976 3164 1019 3216 'us
1043 3161 1094 3214 hic
1119 3158 1217 3214 collo-t

38 3227 106 3288 medi
125 3240 150 3286 ct
172 3237 264 3288 animi
291 3252 374 3288 sensa
397 3233 534 3288 eliciendi
558 3234 671 3301 modus,
696 3253 785 3306 quem
803 3253 881 3288 nunc
908 3254 958 3306 qur
979 3253 1025 3290 em
1044 3231 1211 3290 Socraticam

35 3297 173 3370 'tullinam
192 3307 279 3362 abeo
297 3303 459 3361 disserendi
514 3323 594 3372 nere,
614 3323 671 3377 quc
690 3307 753 3378 ipse
772 3305 904 3362 Socrates
922 3307 1067 3372 utebatur,
1087 3301 1208 3360 recedit·

36 3361 127 3428 Belalis
143 3374 282 3444 Samuele,
300 3385 334 3430 ut
351 3395 417 3432 eum
438 3377 472 3432 de
488 3377 601 3442 endam,
625 3377 696 3448 quid
715 3380 849 3444 sentiam,
876 3379 948 3434 olim
970 3379 1003 3432 in
1026 3375 1115 3432 huius
1139 3375 1208 3428 diss.

36 3435 51 3516 ly
63 3441 91 3492 ll
104 3451 251 3516 proferam.
271 3449 328 3515 (Cf.
347 3445 375 3514 §.
393 3449 480 3516 XXI.)
515 3447 559 3504 De
578 3451 708 3504 Materno
725 3449 814 3522 plura
831 3447 922 3504 habeo
941 3467 1014 3522 quae
1032 3449 1081 3504 illi
1094 3455 1210 3504 senteu-

36 3519 306 3648 liliffir‘di
325 3522 422 3647 titt
441 3519 687 3646 tttttttdlt
707 3521 1043 3658 ditluinlfflmdci'
1061 3517 1211 3648 etl?

38 3657 82 3708 tt.
100 3669 121 3712 et
143 3661 165 3728 t.
183 3664 245 3718 m
264 3667 354 3728 extr.)
380 3665 530 3720 Orator-iae
549 3663 767 3720 declamationis
785 3666 913 3738 speciem
931 3666 1058 3740 aliquam
1075 3662 1211 3718 libellum

38 3737 77 3786 int
90 3749 110 3784 te
125 3735 200 3790 ferre
218 3754 279 3792 non
296 3751 388 3824 ne303
407 3736 458 3789 sed
477 3753 567 3806 quum
586 3735 729 3802 homines,
750 3737 801 3807 qui
820 3735 1040 3808 colloquuntur,
1066 3737 1210 3790 iuriscon-

39 3793 135 3856 ultorum
154 3817 248 3877 parces
275 3815 446 3874 sustineant,
471 3807 523 3862 sub
545 3809 637 3878 primi
659 3825 688 3878 p.
709 3805 778 3861 cnr.
804 3827 833 3865 n.
863 3809 969 3865 saeculi
992 3809 1081 3863 tinem
1110 3807 1211 3861 vivant

39 3873 89 3941 'litt
106 3873 192 3932 literis
221 3887 252 3934 st
278 3878 460 3936 scholasticis
484 3879 749 3942 exercitationibus,
780 3897 853 3950 qaae
876 3891 940 3936 carm
969 3889 1062 3948 crant,
1099 3878 1211 3936 exculti

40 3947 190 4002 'alanum
207 3951 298 4016 abest,
316 3960 350 4006 ut
367 3950 444 4006 hanc
461 3952 587 4024 speciem
605 3951 670 4004 vitu
692 3969 781 4017 erem,
800 3961 843 4018 ut,
871 3954 896 4008 si
915 3969 974 4008 non
993 3961 1076 4018 esset,
1102 3952 1137 4006 ab
1160 3970 1211 4004 au·

41 4016 87 4094 urg
100 4033 153 4072 um
170 4021 357 4077 similandam
374 4023 466 4078 fuisso
483 4022 616 4078 dixerim.
682 4029 730 4076 ota
754 4025 833 4078 enim
856 4042 901 4079 res
929 4029 970 4080 ita
995 4027 1104 4104 agitur,
1133 4041 1165 4075 ac
1185 4023 1210 4075 si

41 4077 156 4146 atrides
178 4091 215 4149 lis
234 4103 325 4160 essen
342 4094 420 4148 unde
437 4095 548 4166 leporis
567 4104 597 4150 st
619 4092 779 4150 hilaritatis
804 4095 918 4167 aliquid
942 4097 1074 4175 dialogus
1108 4096 1209 4148 traxit

45 4147 192 4247 tantuna,
212 4168 359 4221 sermonis
382 4166 535 4229 facilitate,
562 4183 634 4238 quae
652 4165 844 4236 desideratur,
875 4179 1016 4242 quatenus
1041 4170 1072 4222 in
1099 4169 1210 4240 scripto

42 4215 186 4377 ἕρξῃς
203 4235 488 4340 ᾱώειῃιιᾱίιῑομω
506 4238 679 4295 destitutum
699 4257 757 4296 esse
776 4257 860 4318 nego,
886 4251 915 4295 et
940 4240 1160 4319 negligentiam,
1185 4239 1209 4293 si

86 4319 126 4362 sl
185 4323 305 4364 mrem.
916 4326 920 4338 ’
