<?xml version="1.0" encoding="UTF-8"?>
<!DOCTYPE html PUBLIC "-//W3C//DTD XHTML 1.0 Transitional//EN"
    "http://www.w3.org/TR/xhtml1/DTD/xhtml1-transitional.dtd">
<html xmlns="http://www.w3.org/1999/xhtml" xml:lang="en" lang="en">
 <head>
  <title>
</title>
<meta http-equiv="Content-Type" content="text/html;charset=utf-8" />
  <meta name='ocr-system' content='tesseract 3.04.00' />
  <meta name='ocr-capabilities' content='ocr_page ocr_carea ocr_par ocr_line ocrx_word'/>
</head>
<body>
  <div class='ocr_page' id='page_1' title='image "./ccorneliitaciti28tacigoog/ccorneliitaciti28tacigoog_0054.png"; bbox 0 0 2774 4784; ppageno 0'>
   <div class='ocr_carea' id='block_1_1' title="bbox 310 165 1272 288">
    <p class='ocr_par' dir='ltr' id='par_1_1' title="bbox 310 165 1272 288">
     <span class='ocr_line' id='line_1_1' title="bbox 310 165 1272 288; baseline -0.009 -18"><span class='ocrx_word' id='word_1_1' title='bbox 310 201 493 270; x_wconf 75' lang='lat' dir='ltr'><strong>orreum</strong></span> <span class='ocrx_word' id='word_1_2' title='bbox 513 201 675 269; x_wconf 75' lang='lat' dir='ltr'><strong>mour</strong></span> <span class='ocrx_word' id='word_1_3' title='bbox 721 203 757 288; x_wconf 67' lang='lat' dir='ltr'><strong>a·</strong></span> <span class='ocrx_word' id='word_1_4' title='bbox 772 203 815 280; x_wconf 84' lang='lat' dir='ltr'><strong>x.</strong></span> <span class='ocrx_word' id='word_1_5' title='bbox 837 203 898 273; x_wconf 83' lang='lat' dir='ltr'><strong>xr.</strong></span> <span class='ocrx_word' id='word_1_6' title='bbox 1143 182 1233 262; x_wconf 78' lang='lat' dir='ltr'><strong>‘nv</strong></span> <span class='ocrx_word' id='word_1_7' title='bbox 1269 165 1272 172; x_wconf 86' lang='grc'><strong>’</strong></span> 
     </span>
    </p>
   </div>
   <div class='ocr_carea' id='block_1_2' title="bbox 26 374 1273 2266">
    <p class='ocr_par' dir='ltr' id='par_1_2' title="bbox 26 374 1273 2266">
     <span class='ocr_line' id='line_1_2' title="bbox 32 374 1232 471; baseline 0.006 -25"><span class='ocrx_word' id='word_1_8' title='bbox 32 375 167 446; x_wconf 86' lang='lat' dir='ltr'><strong>minoris</strong></span> <span class='ocrx_word' id='word_1_9' title='bbox 193 374 453 464; x_wconf 71' lang='lat' dir='ltr'><strong>aestimandae,</strong></span> <span class='ocrx_word' id='word_1_10' title='bbox 491 399 584 470; x_wconf 90' lang='lat' dir='ltr'><strong>quae</strong></span> <span class='ocrx_word' id='word_1_11' title='bbox 615 397 661 446; x_wconf 86' lang='lat' dir='ltr'><strong>ex</strong></span> <span class='ocrx_word' id='word_1_12' title='bbox 686 377 770 446; x_wconf 68' lang='lat' dir='ltr'><strong>eius=</strong></span> <span class='ocrx_word' id='word_1_13' title='bbox 790 375 937 470; x_wconf 90' lang='lat' dir='ltr'><strong>scriptis</strong></span> <span class='ocrx_word' id='word_1_14' title='bbox 962 376 1103 471; x_wconf 75' lang='lat' dir='ltr'><strong>spirant</strong></span> <span class='ocrx_word' id='word_1_15' title='bbox 1127 389 1165 450; x_wconf 91' lang='lat' dir='ltr'><strong>et</strong></span> <span class='ocrx_word' id='word_1_16' title='bbox 1190 381 1232 454; x_wconf 88' lang='lat' dir='ltr'><strong>in</strong></span> 
     </span>
     <span class='ocr_line' id='line_1_3' title="bbox 33 475 1234 570; baseline 0.005 -24"><span class='ocrx_word' id='word_1_17' title='bbox 33 475 249 548; x_wconf 84' lang='lat' dir='ltr'><strong>iisenitent:</strong></span> <span class='ocrx_word' id='word_1_18' title='bbox 289 497 398 545; x_wconf 85' lang='lat' dir='ltr'><strong>mens</strong></span> <span class='ocrx_word' id='word_1_19' title='bbox 431 475 584 564; x_wconf 87' lang='lat' dir='ltr'><strong>candida</strong></span> <span class='ocrx_word' id='word_1_20' title='bbox 615 485 653 546; x_wconf 90' lang='lat' dir='ltr'><strong>et</strong></span> <span class='ocrx_word' id='word_1_21' title='bbox 681 477 770 546; x_wconf 91' lang='lat' dir='ltr'><strong>recti</strong></span> <span class='ocrx_word' id='word_1_22' title='bbox 794 477 982 570; x_wconf 69' lang='lat' dir='ltr'><strong>pervicax,</strong></span> <span class='ocrx_word' id='word_1_23' title='bbox 1024 479 1234 552; x_wconf 75' lang='lat' dir='ltr'><strong>maximum</strong></span> 
     </span>
     <span class='ocr_line' id='line_1_4' title="bbox 31 571 1233 670; baseline 0.005 -25"><span class='ocrx_word' id='word_1_24' title='bbox 31 575 280 662; x_wconf 79' lang='lat' dir='ltr'><strong>assentationis,</strong></span> <span class='ocrx_word' id='word_1_25' title='bbox 307 571 518 664; x_wconf 80' lang='lat' dir='ltr'><strong>simultatis,</strong></span> <span class='ocrx_word' id='word_1_26' title='bbox 543 574 681 646; x_wconf 82' lang='lat' dir='ltr'><strong>fraudis</strong></span> <span class='ocrx_word' id='word_1_27' title='bbox 706 573 936 670; x_wconf 89' lang='lat' dir='ltr'><strong>aliorumque</strong></span> <span class='ocrx_word' id='word_1_28' title='bbox 955 577 1132 650; x_wconf 74' lang='lat' dir='ltr'><strong>vitiortnn</strong></span> <span class='ocrx_word' id='word_1_29' title='bbox 1154 579 1233 650; x_wconf 90' lang='lat' dir='ltr'><strong>odi-</strong></span> 
     </span>
     <span class='ocr_line' id='line_1_5' title="bbox 31 673 1234 778; baseline 0.005 -34"><span class='ocrx_word' id='word_1_30' title='bbox 31 699 98 765; x_wconf 69' lang='lat' dir='ltr'><strong>um,</strong></span> <span class='ocrx_word' id='word_1_31' title='bbox 122 695 308 746; x_wconf 80' lang='lat' dir='ltr'><strong>summus</strong></span> <span class='ocrx_word' id='word_1_32' title='bbox 340 697 444 745; x_wconf 91' lang='lat' dir='ltr'><strong>amor</strong></span> <span class='ocrx_word' id='word_1_33' title='bbox 468 675 642 762; x_wconf 84' lang='lat' dir='ltr'><strong>veritatis,</strong></span> <span class='ocrx_word' id='word_1_34' title='bbox 679 673 857 746; x_wconf 87' lang='lat' dir='ltr'><strong>libertatis</strong></span> <span class='ocrx_word' id='word_1_35' title='bbox 883 685 919 746; x_wconf 90' lang='lat' dir='ltr'><strong>et</strong></span> <span class='ocrx_word' id='word_1_36' title='bbox 943 673 1100 767; x_wconf 65' lang='lat' dir='ltr'><strong>uirtutis,</strong></span> <span class='ocrx_word' id='word_1_37' title='bbox 1140 702 1234 778; x_wconf 85' lang='lat' dir='ltr'><strong>quaa</strong></span> 
     </span>
     <span class='ocr_line' id='line_1_6' title="bbox 30 774 1233 870; baseline 0.006 -27"><span class='ocrx_word' id='word_1_38' title='bbox 30 797 85 867; x_wconf 86' lang='lat' dir='ltr'><strong>quo</strong></span> <span class='ocrx_word' id='word_1_39' title='bbox 107 775 229 846; x_wconf 87' lang='lat' dir='ltr'><strong>rarior</strong></span> <span class='ocrx_word' id='word_1_40' title='bbox 254 783 322 861; x_wconf 89' lang='lat' dir='ltr'><strong>est,</strong></span> <span class='ocrx_word' id='word_1_41' title='bbox 356 796 429 867; x_wconf 86' lang='lat' dir='ltr'><strong>quo</strong></span> <span class='ocrx_word' id='word_1_42' title='bbox 455 774 573 868; x_wconf 87' lang='lat' dir='ltr'><strong>magis</strong></span> <span class='ocrx_word' id='word_1_43' title='bbox 599 775 823 868; x_wconf 87' lang='lat' dir='ltr'><strong>opprimitur</strong></span> <span class='ocrx_word' id='word_1_44' title='bbox 848 785 885 846; x_wconf 88' lang='lat' dir='ltr'><strong>et</strong></span> <span class='ocrx_word' id='word_1_45' title='bbox 909 799 982 870; x_wconf 91' lang='lat' dir='ltr'><strong>quo</strong></span> <span class='ocrx_word' id='word_1_46' title='bbox 1009 779 1233 852; x_wconf 84' lang='lat' dir='ltr'><strong>constantius</strong></span> 
     </span>
     <span class='ocr_line' id='line_1_7' title="bbox 30 871 1233 972; baseline 0.004 -29"><span class='ocrx_word' id='word_1_47' title='bbox 30 873 213 968; x_wconf 73' lang='lat' dir='ltr'><strong>{orbusque</strong></span> <span class='ocrx_word' id='word_1_48' title='bbox 239 871 457 972; x_wconf 65' lang='lat' dir='ltr'><strong>obluctatur,</strong></span> <span class='ocrx_word' id='word_1_49' title='bbox 493 897 537 944; x_wconf 87' lang='lat' dir='ltr'><strong>eo</strong></span> <span class='ocrx_word' id='word_1_50' title='bbox 568 875 700 944; x_wconf 89' lang='lat' dir='ltr'><strong>maiori</strong></span> <span class='ocrx_word' id='word_1_51' title='bbox 725 871 785 944; x_wconf 88' lang='lat' dir='ltr'><strong>vel</strong></span> <span class='ocrx_word' id='word_1_52' title='bbox 810 873 1053 946; x_wconf 80' lang='lat' dir='ltr'><strong>admiratione</strong></span> <span class='ocrx_word' id='word_1_53' title='bbox 1077 876 1136 948; x_wconf 89' lang='lat' dir='ltr'><strong>vel</strong></span> <span class='ocrx_word' id='word_1_54' title='bbox 1160 877 1233 950; x_wconf 88' lang='lat' dir='ltr'><strong>lae-</strong></span> 
     </span>
     <span class='ocr_line' id='line_1_8' title="bbox 30 971 1270 1073; baseline 0.006 -31"><span class='ocrx_word' id='word_1_55' title='bbox 30 973 87 1042; x_wconf 85' lang='lat' dir='ltr'><strong>titia</strong></span> <span class='ocrx_word' id='word_1_56' title='bbox 102 971 167 1044; x_wconf 81' lang='lat' dir='ltr'><strong>vel</strong></span> <span class='ocrx_word' id='word_1_57' title='bbox 190 971 427 1044; x_wconf 88' lang='lat' dir='ltr'><strong>miseratione</strong></span> <span class='ocrx_word' id='word_1_58' title='bbox 439 975 607 1044; x_wconf 88' lang='lat' dir='ltr'><strong>animum</strong></span> <span class='ocrx_word' id='word_1_59' title='bbox 629 973 835 1067; x_wconf 71' lang='lat' dir='ltr'><strong>perfundit,</strong></span> <span class='ocrx_word' id='word_1_60' title='bbox 860 975 1008 1046; x_wconf 89' lang='lat' dir='ltr'><strong>vividus</strong></span> <span class='ocrx_word' id='word_1_61' title='bbox 1033 978 1124 1066; x_wconf 85' lang='lat' dir='ltr'><strong>veri,</strong></span> <span class='ocrx_word' id='word_1_62' title='bbox 1150 976 1232 1073; x_wconf 85' lang='lat' dir='ltr'><strong>pul·</strong></span> <span class='ocrx_word' id='word_1_63' title='bbox 1266 1005 1270 1020; x_wconf 90' lang='lat'>·</span> 
     </span>
     <span class='ocr_line' id='line_1_9' title="bbox 30 1071 1233 1172; baseline 0.005 -30"><span class='ocrx_word' id='word_1_64' title='bbox 30 1071 89 1142; x_wconf 81' lang='lat' dir='ltr'><strong>chri</strong></span> <span class='ocrx_word' id='word_1_65' title='bbox 108 1083 148 1144; x_wconf 86' lang='lat' dir='ltr'><strong>et</strong></span> <span class='ocrx_word' id='word_1_66' title='bbox 166 1071 316 1144; x_wconf 76' lang='lat' dir='ltr'><strong>honesti</strong></span> <span class='ocrx_word' id='word_1_67' title='bbox 339 1095 468 1143; x_wconf 81' lang='lat' dir='ltr'><strong>sensus</strong></span> <span class='ocrx_word' id='word_1_68' title='bbox 489 1083 526 1145; x_wconf 88' lang='lat' dir='ltr'><strong>et</strong></span> <span class='ocrx_word' id='word_1_69' title='bbox 545 1083 717 1168; x_wconf 85' lang='lat' dir='ltr'><strong>prompta</strong></span> <span class='ocrx_word' id='word_1_70' title='bbox 731 1074 912 1166; x_wconf 88' lang='lat' dir='ltr'><strong>cogitandi</strong></span> <span class='ocrx_word' id='word_1_71' title='bbox 934 1075 1154 1172; x_wconf 89' lang='lat' dir='ltr'><strong>dicondique</strong></span> <span class='ocrx_word' id='word_1_72' title='bbox 1177 1078 1233 1148; x_wconf 90' lang='lat' dir='ltr'><strong>vis</strong></span> 
     </span>
     <span class='ocr_line' id='line_1_10' title="bbox 29 1171 1234 1262; baseline 0.006 -20"><span class='ocrx_word' id='word_1_73' title='bbox 29 1171 184 1244; x_wconf 87' lang='lat' dir='ltr'><strong>diuturna</strong></span> <span class='ocrx_word' id='word_1_74' title='bbox 206 1171 464 1244; x_wconf 76' lang='lat' dir='ltr'><strong>exercitatione</strong></span> <span class='ocrx_word' id='word_1_75' title='bbox 477 1174 646 1262; x_wconf 73' lang='lat' dir='ltr'><strong>subacta,</strong></span> <span class='ocrx_word' id='word_1_76' title='bbox 664 1173 853 1252; x_wconf 77' lang='lat' dir='ltr'><strong>,iudicium</strong></span> <span class='ocrx_word' id='word_1_77' title='bbox 874 1173 1008 1246; x_wconf 86' lang='lat' dir='ltr'><strong>subtile</strong></span> <span class='ocrx_word' id='word_1_78' title='bbox 1028 1185 1064 1246; x_wconf 90' lang='lat' dir='ltr'><strong>et</strong></span> <span class='ocrx_word' id='word_1_79' title='bbox 1091 1187 1234 1248; x_wconf 82' lang='lat' dir='ltr'><strong>rectum</strong></span> 
     </span>
     <span class='ocr_line' id='line_1_11' title="bbox 30 1272 1233 1371; baseline 0.005 -29"><span class='ocrx_word' id='word_1_80' title='bbox 30 1273 224 1368; x_wconf 85' lang='lat' dir='ltr'><strong>mirumque</strong></span> <span class='ocrx_word' id='word_1_81' title='bbox 250 1272 391 1365; x_wconf 83' lang='lat' dir='ltr'><strong>ingenii</strong></span> <span class='ocrx_word' id='word_1_82' title='bbox 415 1295 581 1364; x_wconf 85' lang='lat' dir='ltr'><strong>acumen,</strong></span> <span class='ocrx_word' id='word_1_83' title='bbox 621 1272 721 1366; x_wconf 93' lang='lat' dir='ltr'><strong>quod</strong></span> <span class='ocrx_word' id='word_1_84' title='bbox 752 1272 794 1342; x_wconf 90' lang='lat' dir='ltr'><strong>in</strong></span> <span class='ocrx_word' id='word_1_85' title='bbox 825 1293 951 1344; x_wconf 88' lang='lat' dir='ltr'><strong>veram</strong></span> <span class='ocrx_word' id='word_1_86' title='bbox 988 1276 1233 1371; x_wconf 86' lang='lat' dir='ltr'><strong>intimamque</strong></span> 
     </span>
     <span class='ocr_line' id='line_1_12' title="bbox 29 1371 1232 1448; baseline 0.005 -6"><span class='ocrx_word' id='word_1_87' title='bbox 29 1397 131 1444; x_wconf 88' lang='lat' dir='ltr'><strong>rerum</strong></span> <span class='ocrx_word' id='word_1_88' title='bbox 158 1381 334 1444; x_wconf 89' lang='lat' dir='ltr'><strong>naturam</strong></span> <span class='ocrx_word' id='word_1_89' title='bbox 360 1381 396 1442; x_wconf 90' lang='lat' dir='ltr'><strong>et</strong></span> <span class='ocrx_word' id='word_1_90' title='bbox 419 1372 458 1442; x_wconf 92' lang='lat' dir='ltr'><strong>in</strong></span> <span class='ocrx_word' id='word_1_91' title='bbox 485 1371 682 1442; x_wconf 88' lang='lat' dir='ltr'><strong>altissimos</strong></span> <span class='ocrx_word' id='word_1_92' title='bbox 707 1372 842 1444; x_wconf 88' lang='lat' dir='ltr'><strong>mentis</strong></span> <span class='ocrx_word' id='word_1_93' title='bbox 868 1372 1051 1446; x_wconf 86' lang='lat' dir='ltr'><strong>humanae</strong></span> <span class='ocrx_word' id='word_1_94' title='bbox 1068 1397 1232 1448; x_wconf 81' lang='lat' dir='ltr'><strong>recessus</strong></span> 
     </span>
     <span class='ocr_line' id='line_1_13' title="bbox 29 1469 1273 1568; baseline 0.005 -27"><span class='ocrx_word' id='word_1_95' title='bbox 29 1469 241 1564; x_wconf 84' lang='lat' dir='ltr'><strong>latebrasque</strong></span> <span class='ocrx_word' id='word_1_96' title='bbox 265 1480 452 1564; x_wconf 69' lang='lat' dir='ltr'><strong>penetrat,</strong></span> <span class='ocrx_word' id='word_1_97' title='bbox 491 1481 616 1542; x_wconf 83' lang='lat' dir='ltr'><strong>exacta</strong></span> <span class='ocrx_word' id='word_1_98' title='bbox 648 1493 774 1544; x_wconf 88' lang='lat' dir='ltr'><strong>rerum</strong></span> <span class='ocrx_word' id='word_1_99' title='bbox 798 1471 1046 1547; x_wconf 81' lang='lat' dir='ltr'><strong>humanarum</strong></span> <span class='ocrx_word' id='word_1_100' title='bbox 1072 1475 1233 1568; x_wconf 78' lang='lat' dir='ltr'><strong>cognitio</strong></span> <span class='ocrx_word' id='word_1_101' title='bbox 1270 1529 1273 1536; x_wconf 78' lang='lat'><em>,</em></span> 
     </span>
     <span class='ocr_line' id='line_1_14' title="bbox 30 1569 1233 1666; baseline 0.007 -28"><span class='ocrx_word' id='word_1_102' title='bbox 30 1579 57 1640; x_wconf 87' lang='lat' dir='ltr'><strong>et</strong></span> <span class='ocrx_word' id='word_1_103' title='bbox 74 1571 268 1664; x_wconf 88' lang='lat' dir='ltr'><strong>prudentia</strong></span> <span class='ocrx_word' id='word_1_104' title='bbox 292 1569 402 1665; x_wconf 85' lang='lat' dir='ltr'><strong>longo</strong></span> <span class='ocrx_word' id='word_1_105' title='bbox 428 1595 499 1642; x_wconf 91' lang='lat' dir='ltr'><strong>usu</strong></span> <span class='ocrx_word' id='word_1_106' title='bbox 525 1580 753 1665; x_wconf 75' lang='lat' dir='ltr'><strong>comparata,</strong></span> <span class='ocrx_word' id='word_1_107' title='bbox 791 1569 988 1666; x_wconf 79' lang='lat' dir='ltr'><strong>multiplex</strong></span> <span class='ocrx_word' id='word_1_108' title='bbox 1014 1575 1171 1646; x_wconf 85' lang='lat' dir='ltr'><strong>eruditio</strong></span> <span class='ocrx_word' id='word_1_109' title='bbox 1196 1584 1233 1646; x_wconf 90' lang='lat' dir='ltr'><strong>ot</strong></span> 
     </span>
     <span class='ocr_line' id='line_1_15' title="bbox 28 1669 1232 1773; baseline 0.006 -35"><span class='ocrx_word' id='word_1_110' title='bbox 28 1671 209 1762; x_wconf 74' lang='lat' dir='ltr'><strong>sapientia,</strong></span> <span class='ocrx_word' id='word_1_111' title='bbox 236 1669 372 1740; x_wconf 70' lang='lat' dir='ltr'><strong>onmia</strong></span> <span class='ocrx_word' id='word_1_112' title='bbox 397 1693 455 1742; x_wconf 89' lang='lat' dir='ltr'><strong>ars</strong></span> <span class='ocrx_word' id='word_1_113' title='bbox 482 1671 618 1759; x_wconf 89' lang='lat' dir='ltr'><strong>omnia,</strong></span> <span class='ocrx_word' id='word_1_114' title='bbox 653 1669 764 1740; x_wconf 89' lang='lat' dir='ltr'><strong>etiam</strong></span> <span class='ocrx_word' id='word_1_115' title='bbox 789 1669 987 1772; x_wconf 79' lang='lat' dir='ltr'><strong>levissima,</strong></span> <span class='ocrx_word' id='word_1_116' title='bbox 1014 1683 1113 1744; x_wconf 87' lang='lat' dir='ltr'><strong>tanta</strong></span> <span class='ocrx_word' id='word_1_117' title='bbox 1139 1683 1232 1773; x_wconf 65' lang='grc' dir='ltr'><strong><em>ἐνερ-</em></strong></span> 
     </span>
     <span class='ocr_line' id='line_1_16' title="bbox 28 1769 1233 1868; baseline 0.002 -24"><span class='ocrx_word' id='word_1_118' title='bbox 28 1777 85 1866; x_wconf 70' lang='grc' dir='ltr'><strong>γείᾳ</strong></span> <span class='ocrx_word' id='word_1_119' title='bbox 108 1780 146 1842; x_wconf 89' lang='lat' dir='ltr'><strong>et</strong></span> <span class='ocrx_word' id='word_1_120' title='bbox 172 1773 334 1868; x_wconf 77' lang='grc' dir='ltr'><em>ἀκριβείᾳ</em></span> <span class='ocrx_word' id='word_1_121' title='bbox 368 1769 578 1864; x_wconf 86' lang='lat' dir='ltr'><strong>exponendi</strong></span> <span class='ocrx_word' id='word_1_122' title='bbox 610 1769 731 1864; x_wconf 89' lang='lat' dir='ltr'><strong>iisque</strong></span> <span class='ocrx_word' id='word_1_123' title='bbox 763 1769 930 1860; x_wconf 90' lang='lat' dir='ltr'><strong>iudiciis,</strong></span> <span class='ocrx_word' id='word_1_124' title='bbox 968 1775 1156 1844; x_wconf 87' lang='lat' dir='ltr'><strong>sententiis</strong></span> <span class='ocrx_word' id='word_1_125' title='bbox 1191 1799 1233 1846; x_wconf 85' lang='lat' dir='ltr'><strong>ac</strong></span> 
     </span>
     <span class='ocr_line' id='line_1_17' title="bbox 27 1867 1232 1964; baseline 0.011 -30"><span class='ocrx_word' id='word_1_126' title='bbox 27 1870 128 1940; x_wconf 78' lang='lat' dir='ltr'><strong>verbis</strong></span> <span class='ocrx_word' id='word_1_127' title='bbox 153 1879 334 1962; x_wconf 88' lang='lat' dir='ltr'><strong>tanquam</strong></span> <span class='ocrx_word' id='word_1_128' title='bbox 359 1867 433 1940; x_wconf 84' lang='lat' dir='ltr'><strong>sale</strong></span> <span class='ocrx_word' id='word_1_129' title='bbox 458 1869 667 1958; x_wconf 89' lang='lat' dir='ltr'><strong>condiendi,</strong></span> <span class='ocrx_word' id='word_1_130' title='bbox 699 1879 743 1940; x_wconf 90' lang='lat' dir='ltr'><strong>ut</strong></span> <span class='ocrx_word' id='word_1_131' title='bbox 767 1893 914 1964; x_wconf 87' lang='lat' dir='ltr'><strong>semper</strong></span> <span class='ocrx_word' id='word_1_132' title='bbox 939 1872 1163 1944; x_wconf 83' lang='lat' dir='ltr'><strong>retineantur</strong></span> <span class='ocrx_word' id='word_1_133' title='bbox 1193 1883 1232 1948; x_wconf 86' lang='lat' dir='ltr'><strong>et</strong></span> 
     </span>
     <span class='ocr_line' id='line_1_18' title="bbox 26 1967 1232 2062; baseline 0.005 -24"><span class='ocrx_word' id='word_1_134' title='bbox 26 1969 302 2062; x_wconf 74' lang='lat' dir='ltr'><strong>redintegrentur</strong></span> <span class='ocrx_word' id='word_1_135' title='bbox 327 1967 528 2061; x_wconf 84' lang='lat' dir='ltr'><strong>legentium</strong></span> <span class='ocrx_word' id='word_1_136' title='bbox 560 1969 676 2040; x_wconf 87' lang='lat' dir='ltr'><strong>animi</strong></span> <span class='ocrx_word' id='word_1_137' title='bbox 710 1978 817 2062; x_wconf 89' lang='lat' dir='ltr'><strong>atque</strong></span> <span class='ocrx_word' id='word_1_138' title='bbox 850 1993 926 2042; x_wconf 90' lang='lat' dir='ltr'><strong>non</strong></span> <span class='ocrx_word' id='word_1_139' title='bbox 956 1971 1082 2044; x_wconf 88' lang='lat' dir='ltr'><strong>minus</strong></span> <span class='ocrx_word' id='word_1_140' title='bbox 1116 1973 1232 2044; x_wconf 73' lang='lat' dir='ltr'><strong>adnu-</strong></span> 
     </span>
     <span class='ocr_line' id='line_1_19' title="bbox 26 2068 1233 2166; baseline 0.007 -30"><span class='ocrx_word' id='word_1_141' title='bbox 26 2079 132 2140; x_wconf 88' lang='lat' dir='ltr'><strong>rentur</strong></span> <span class='ocrx_word' id='word_1_142' title='bbox 160 2068 426 2138; x_wconf 85' lang='lat' dir='ltr'><strong>sententiarum</strong></span> <span class='ocrx_word' id='word_1_143' title='bbox 452 2079 488 2140; x_wconf 88' lang='lat' dir='ltr'><strong>et</strong></span> <span class='ocrx_word' id='word_1_144' title='bbox 512 2077 793 2162; x_wconf 83' lang='lat' dir='ltr'><strong>praeceptorum</strong></span> <span class='ocrx_word' id='word_1_145' title='bbox 814 2069 854 2140; x_wconf 89' lang='lat' dir='ltr'><strong>in</strong></span> <span class='ocrx_word' id='word_1_146' title='bbox 869 2071 972 2142; x_wconf 81' lang='lat' dir='ltr'><strong>onmi</strong></span> <span class='ocrx_word' id='word_1_147' title='bbox 988 2072 1084 2142; x_wconf 84' lang='lat' dir='ltr'><strong>vitae</strong></span> <span class='ocrx_word' id='word_1_148' title='bbox 1098 2095 1233 2166; x_wconf 77' lang='lat' dir='ltr'><strong>genere</strong></span> 
     </span>
     <span class='ocr_line' id='line_1_20' title="bbox 26 2167 1231 2266; baseline 0.006 -29"><span class='ocrx_word' id='word_1_149' title='bbox 26 2167 217 2238; x_wconf 85' lang='lat' dir='ltr'><strong>salubrium</strong></span> <span class='ocrx_word' id='word_1_150' title='bbox 243 2190 370 2262; x_wconf 70' lang='lat' dir='ltr'><strong>quam.</strong></span> <span class='ocrx_word' id='word_1_151' title='bbox 381 2167 554 2238; x_wconf 87' lang='lat' dir='ltr'><strong>orationis</strong></span> <span class='ocrx_word' id='word_1_152' title='bbox 578 2167 806 2260; x_wconf 85' lang='lat' dir='ltr'><strong>gravitatem,</strong></span> <span class='ocrx_word' id='word_1_153' title='bbox 841 2193 933 2264; x_wconf 89' lang='lat' dir='ltr'><strong>quae</strong></span> <span class='ocrx_word' id='word_1_154' title='bbox 959 2169 1082 2242; x_wconf 91' lang='lat' dir='ltr'><strong>Plinio</strong></span> <span class='ocrx_word' id='word_1_155' title='bbox 1109 2195 1167 2266; x_wconf 89' lang='lat' dir='ltr'><strong>ep.</strong></span> <span class='ocrx_word' id='word_1_156' title='bbox 1186 2172 1231 2260; x_wconf 84' lang='grc'>2,</span> 
     </span>
    </p>
   </div>
   <div class='ocr_carea' id='block_1_3' title="bbox 23 2266 1385 2761">
    <p class='ocr_par' dir='ltr' id='par_1_3' title="bbox 23 2266 1385 2761">
     <span class='ocr_line' id='line_1_21' title="bbox 27 2266 1385 2370; baseline 0.005 -34"><span class='ocrx_word' id='word_1_157' title='bbox 27 2266 70 2336; x_wconf 97' lang='grc'><strong>11.</strong></span> <span class='ocrx_word' id='word_1_158' title='bbox 95 2272 262 2364; x_wconf 69' lang='grc' dir='ltr'><strong><em>σεμνότης</em></strong></span> <span class='ocrx_word' id='word_1_159' title='bbox 286 2266 429 2338; x_wconf 85' lang='lat' dir='ltr'><strong>dicitur.</strong></span> <span class='ocrx_word' id='word_1_160' title='bbox 481 2266 581 2338; x_wconf 89' lang='lat' dir='ltr'><strong>Hinc</strong></span> <span class='ocrx_word' id='word_1_161' title='bbox 615 2269 704 2338; x_wconf 86' lang='lat' dir='ltr'><strong>scite</strong></span> <span class='ocrx_word' id='word_1_162' title='bbox 737 2267 913 2370; x_wconf 80' lang='lat' dir='ltr'><strong>iudicavit</strong></span> <span class='ocrx_word' id='word_1_163' title='bbox 937 2268 1126 2360; x_wconf 87' lang='lat' dir='ltr'><strong>Heinsius,</strong></span> <span class='ocrx_word' id='word_1_164' title='bbox 1161 2271 1231 2358; x_wconf 84' lang='lat' dir='ltr'><strong>Ta·</strong></span> <span class='ocrx_word' id='word_1_165' title='bbox 1384 2301 1385 2350; x_wconf 60' lang='grc' dir='ltr'>ι</span> 
     </span>
     <span class='ocr_line' id='line_1_22' title="bbox 25 2367 1385 2461; baseline 0.007 -29"><span class='ocrx_word' id='word_1_166' title='bbox 25 2367 74 2434; x_wconf 89' lang='lat' dir='ltr'><strong>citi</strong></span> <span class='ocrx_word' id='word_1_167' title='bbox 97 2369 234 2461; x_wconf 86' lang='lat' dir='ltr'><strong>scripta</strong></span> <span class='ocrx_word' id='word_1_168' title='bbox 259 2389 403 2436; x_wconf 89' lang='lat' dir='ltr'><strong>meram</strong></span> <span class='ocrx_word' id='word_1_169' title='bbox 438 2390 517 2438; x_wconf 88' lang='lat' dir='ltr'><strong>esse</strong></span> <span class='ocrx_word' id='word_1_170' title='bbox 549 2367 765 2460; x_wconf 83' lang='lat' dir='ltr'><strong>prudentiae</strong></span> <span class='ocrx_word' id='word_1_171' title='bbox 799 2367 1010 2452; x_wconf 76' lang='lat' dir='ltr'><strong>medullam</strong></span> <span class='ocrx_word' id='word_1_172' title='bbox 1037 2379 1073 2441; x_wconf 89' lang='lat' dir='ltr'><strong>et</strong></span> <span class='ocrx_word' id='word_1_173' title='bbox 1104 2369 1140 2440; x_wconf 86' lang='lat' dir='ltr'><strong>ei</strong></span> <span class='ocrx_word' id='word_1_174' title='bbox 1173 2393 1232 2442; x_wconf 86' lang='lat' dir='ltr'><strong>oc-</strong></span> <span class='ocrx_word' id='word_1_175' title='bbox 1384 2379 1385 2422; x_wconf 55' lang='grc' dir='ltr'>ἒ</span> 
     </span>
     <span class='ocr_line' id='line_1_23' title="bbox 24 2464 1385 2562; baseline 0.006 -29"><span class='ocrx_word' id='word_1_176' title='bbox 24 2464 150 2538; x_wconf 84' lang='lat' dir='ltr'><strong>cultam</strong></span> <span class='ocrx_word' id='word_1_177' title='bbox 174 2465 283 2562; x_wconf 88' lang='lat' dir='ltr'><strong>quasi</strong></span> <span class='ocrx_word' id='word_1_178' title='bbox 306 2465 577 2560; x_wconf 86' lang='lat' dir='ltr'><strong>mysticamque</strong></span> <span class='ocrx_word' id='word_1_179' title='bbox 601 2464 886 2562; x_wconf 78' lang='lat' dir='ltr'><strong>haruspicinam,</strong></span> <span class='ocrx_word' id='word_1_180' title='bbox 925 2492 1017 2562; x_wconf 86' lang='lat' dir='ltr'><strong>quae</strong></span> <span class='ocrx_word' id='word_1_181' title='bbox 1051 2492 1127 2540; x_wconf 90' lang='lat' dir='ltr'><strong>non</strong></span> <span class='ocrx_word' id='word_1_182' title='bbox 1153 2471 1232 2540; x_wconf 88' lang='lat' dir='ltr'><strong>ani·</strong></span> <span class='ocrx_word' id='word_1_183' title='bbox 1384 2483 1385 2492; x_wconf 78' lang='grc'>’</span> 
     </span>
     <span class='ocr_line' id='line_1_24' title="bbox 25 2564 1385 2664; baseline 0.007 -30"><span class='ocrx_word' id='word_1_184' title='bbox 25 2568 195 2638; x_wconf 86' lang='lat' dir='ltr'><strong>nantium</strong></span> <span class='ocrx_word' id='word_1_185' title='bbox 222 2575 440 2636; x_wconf 87' lang='lat' dir='ltr'><strong>scrutaretur</strong></span> <span class='ocrx_word' id='word_1_186' title='bbox 465 2575 558 2654; x_wconf 86' lang='lat' dir='ltr'><strong>exta,</strong></span> <span class='ocrx_word' id='word_1_187' title='bbox 584 2565 650 2636; x_wconf 90' lang='lat' dir='ltr'><strong>sed</strong></span> <span class='ocrx_word' id='word_1_188' title='bbox 670 2564 870 2638; x_wconf 91' lang='lat' dir='ltr'><strong>hominum</strong></span> <span class='ocrx_word' id='word_1_189' title='bbox 888 2567 1232 2664; x_wconf 31' lang='lat' dir='ltr'><strong>cordaxmentesque</strong></span> <span class='ocrx_word' id='word_1_190' title='bbox 1384 2575 1385 2644; x_wconf 79' lang='grc' dir='ltr'>ἶ</span> 
     </span>
     <span class='ocr_line' id='line_1_25' title="bbox 23 2665 1385 2761; baseline 0.006 -29"><span class='ocrx_word' id='word_1_191' title='bbox 23 2665 285 2761; x_wconf 86' lang='lat' dir='ltr'><strong>introspiceret,</strong></span> <span class='ocrx_word' id='word_1_192' title='bbox 332 2665 458 2760; x_wconf 88' lang='lat' dir='ltr'><strong>ipsum</strong></span> <span class='ocrx_word' id='word_1_193' title='bbox 503 2689 591 2736; x_wconf 87' lang='lat' dir='ltr'><strong>vero</strong></span> <span class='ocrx_word' id='word_1_194' title='bbox 642 2666 839 2759; x_wconf 86' lang='lat' dir='ltr'><strong>sapientiae</strong></span> <span class='ocrx_word' id='word_1_195' title='bbox 877 2665 1068 2742; x_wconf 86' lang='lat' dir='ltr'><strong>corculum</strong></span> <span class='ocrx_word' id='word_1_196' title='bbox 1105 2668 1229 2740; x_wconf 87' lang='lat' dir='ltr'><strong>fuisse.</strong></span> <span class='ocrx_word' id='word_1_197' title='bbox 1384 2733 1385 2740; x_wconf 58' lang='lat'><strong>.</strong></span> 
     </span>
    </p>
   </div>
   <div class='ocr_carea' id='block_1_4' title="bbox 24 2746 1233 2862">
    <p class='ocr_par' dir='ltr' id='par_1_4' title="bbox 24 2746 1233 2862">
     <span class='ocr_line' id='line_1_26' title="bbox 24 2746 1233 2862; baseline -0.002 -22"><span class='ocrx_word' id='word_1_198' title='bbox 24 2763 134 2840; x_wconf 71' lang='lat' dir='ltr'><strong>Quam</strong></span> <span class='ocrx_word' id='word_1_199' title='bbox 160 2767 241 2836; x_wconf 88' lang='lat' dir='ltr'><strong>eius</strong></span> <span class='ocrx_word' id='word_1_200' title='bbox 268 2746 489 2860; x_wconf 75' lang='lat' dir='ltr'><strong>sapientiam¹</strong></span> <span class='ocrx_word' id='word_1_201' title='bbox 510 2765 762 2856; x_wconf 88' lang='lat' dir='ltr'><strong>admiraberis,</strong></span> <span class='ocrx_word' id='word_1_202' title='bbox 797 2767 829 2836; x_wconf 87' lang='lat' dir='ltr'><strong>si</strong></span> <span class='ocrx_word' id='word_1_203' title='bbox 854 2768 1070 2862; x_wconf 82' lang='lat' dir='ltr'><strong>expenderis</strong></span> <span class='ocrx_word' id='word_1_204' title='bbox 1094 2767 1233 2840; x_wconf 89' lang='lat' dir='ltr'><strong>iudicia</strong></span> 
     </span>
    </p>
   </div>
   <div class='ocr_carea' id='block_1_5' title="bbox 23 2861 1385 3060">
    <p class='ocr_par' dir='ltr' id='par_1_5' title="bbox 23 2861 1385 3060">
     <span class='ocr_line' id='line_1_27' title="bbox 23 2861 1385 2956; baseline 0.01 -28"><span class='ocrx_word' id='word_1_205' title='bbox 23 2863 90 2932; x_wconf 87' lang='lat' dir='ltr'><strong>eius</strong></span> <span class='ocrx_word' id='word_1_206' title='bbox 124 2864 171 2936; x_wconf 91' lang='lat' dir='ltr'><strong>de</strong></span> <span class='ocrx_word' id='word_1_207' title='bbox 205 2865 371 2936; x_wconf 87' lang='lat' dir='ltr'><strong>moribus</strong></span> <span class='ocrx_word' id='word_1_208' title='bbox 406 2865 548 2938; x_wconf 92' lang='lat' dir='ltr'><strong>Tiberii</strong></span> <span class='ocrx_word' id='word_1_209' title='bbox 573 2863 669 2937; x_wconf 88' lang='lat' dir='ltr'><strong>Anu.</strong></span> <span class='ocrx_word' id='word_1_210' title='bbox 699 2861 734 2956; x_wconf 94' lang='lat' dir='ltr'><strong>l,</strong></span> <span class='ocrx_word' id='word_1_211' title='bbox 765 2864 818 2938; x_wconf 94' lang='lat' dir='ltr'><strong>ll.</strong></span> <span class='ocrx_word' id='word_1_212' title='bbox 846 2867 905 2940; x_wconf 96' lang='grc'><strong>72.</strong></span> <span class='ocrx_word' id='word_1_213' title='bbox 932 2867 991 2942; x_wconf 93' lang='grc'><strong>80.</strong></span> <span class='ocrx_word' id='word_1_214' title='bbox 1020 2865 1056 2956; x_wconf 91' lang='grc'><strong>3,</strong></span> <span class='ocrx_word' id='word_1_215' title='bbox 1082 2865 1142 2943; x_wconf 95' lang='grc'><strong>38.</strong></span> <span class='ocrx_word' id='word_1_216' title='bbox 1168 2865 1229 2942; x_wconf 89' lang='grc'><strong>56.</strong></span> <span class='ocrx_word' id='word_1_217' title='bbox 1383 2907 1385 2956; x_wconf 82' lang='grc'><em>;</em></span> 
     </span>
     <span class='ocr_line' id='line_1_28' title="bbox 24 2957 1385 3060; baseline -0.004 -29"><span class='ocrx_word' id='word_1_218' title='bbox 24 2957 72 3031; x_wconf 92' lang='grc'><strong>60.</strong></span> <span class='ocrx_word' id='word_1_219' title='bbox 92 2961 151 3037; x_wconf 87' lang='grc'><strong>65.</strong></span> <span class='ocrx_word' id='word_1_220' title='bbox 172 2963 232 3035; x_wconf 90' lang='grc'><strong>67.</strong></span> <span class='ocrx_word' id='word_1_221' title='bbox 247 2963 283 3052; x_wconf 92' lang='grc'>4,</span> <span class='ocrx_word' id='word_1_222' title='bbox 298 2963 337 3035; x_wconf 83' lang='grc'><strong>’2.</strong></span> <span class='ocrx_word' id='word_1_223' title='bbox 363 2966 459 3058; x_wconf 91' lang='lat' dir='ltr'><strong>inpr.</strong></span> <span class='ocrx_word' id='word_1_224' title='bbox 474 2961 509 3054; x_wconf 90' lang='lat'><strong>6,</strong></span> <span class='ocrx_word' id='word_1_225' title='bbox 524 2963 582 3038; x_wconf 92' lang='grc'><strong>51.</strong></span> <span class='ocrx_word' id='word_1_226' title='bbox 615 2963 801 3060; x_wconf 77' lang='lat' dir='ltr'><strong>Caligulae</strong></span> <span class='ocrx_word' id='word_1_227' title='bbox 816 2963 851 3054; x_wconf 87' lang='grc'><strong>6,</strong></span> <span class='ocrx_word' id='word_1_228' title='bbox 873 2967 932 3038; x_wconf 91' lang='grc'><strong>20.</strong></span> <span class='ocrx_word' id='word_1_229' title='bbox 960 2964 1108 3037; x_wconf 88' lang='lat' dir='ltr'><strong>Claudii</strong></span> <span class='ocrx_word' id='word_1_230' title='bbox 1122 2965 1157 3054; x_wconf 89' lang='grc'><strong>6,</strong></span> <span class='ocrx_word' id='word_1_231' title='bbox 1171 2964 1229 3040; x_wconf 94' lang='grc'><strong>46.</strong></span> <span class='ocrx_word' id='word_1_232' title='bbox 1347 3035 1350 3044; x_wconf 47' lang='grc'>,</span> <span class='ocrx_word' id='word_1_233' title='bbox 1366 3003 1385 3026; x_wconf 39' lang='lat' dir='ltr'><strong>a</strong></span> 
     </span>
    </p>
   </div>
   <div class='ocr_carea' id='block_1_6' title="bbox 22 3058 1232 3356">
    <p class='ocr_par' dir='ltr' id='par_1_6' title="bbox 22 3058 1232 3356">
     <span class='ocr_line' id='line_1_29' title="bbox 24 3058 1231 3154; baseline 0.008 -26"><span class='ocrx_word' id='word_1_234' title='bbox 24 3058 363 3151; x_wconf 75' lang='lat'><strong>11,3.13.28.12,</strong></span> <span class='ocrx_word' id='word_1_235' title='bbox 388 3063 419 3136; x_wconf 94' lang='grc'><strong>1.</strong></span> <span class='ocrx_word' id='word_1_236' title='bbox 434 3061 469 3138; x_wconf 91' lang='grc'><strong>3.</strong></span> <span class='ocrx_word' id='word_1_237' title='bbox 522 3062 659 3135; x_wconf 87' lang='lat' dir='ltr'><strong>Galbae</strong></span> <span class='ocrx_word' id='word_1_238' title='bbox 684 3063 732 3136; x_wconf 92' lang='grc' dir='ltr'><strong>Η.</strong></span> <span class='ocrx_word' id='word_1_239' title='bbox 764 3065 794 3154; x_wconf 94' lang='lat' dir='ltr'><strong>l,</strong></span> <span class='ocrx_word' id='word_1_240' title='bbox 821 3064 879 3140; x_wconf 89' lang='grc'><strong>49.</strong></span> <span class='ocrx_word' id='word_1_241' title='bbox 933 3063 1093 3136; x_wconf 90' lang='lat' dir='ltr'><strong>Othonis</strong></span> <span class='ocrx_word' id='word_1_242' title='bbox 1118 3063 1167 3136; x_wconf 70' lang='grc' dir='ltr'><strong>ΗΣ</strong></span> <span class='ocrx_word' id='word_1_243' title='bbox 1199 3065 1231 3154; x_wconf 95' lang='lat' dir='ltr'><strong>l,</strong></span> 
     </span>
     <span class='ocr_line' id='line_1_30' title="bbox 22 3157 1232 3260; baseline 0.003 -30"><span class='ocrx_word' id='word_1_244' title='bbox 22 3157 71 3230; x_wconf 83' lang='grc'><strong>22</strong></span> <span class='ocrx_word' id='word_1_245' title='bbox 97 3159 134 3249; x_wconf 85' lang='grc'>2,</span> <span class='ocrx_word' id='word_1_246' title='bbox 161 3157 220 3234; x_wconf 87' lang='grc'><strong>31.</strong></span> <span class='ocrx_word' id='word_1_247' title='bbox 247 3159 305 3236; x_wconf 94' lang='grc'><strong>46.</strong></span> <span class='ocrx_word' id='word_1_248' title='bbox 319 3161 378 3236; x_wconf 88' lang='grc'><strong>50.</strong></span> <span class='ocrx_word' id='word_1_249' title='bbox 405 3164 501 3256; x_wconf 91' lang='lat' dir='ltr'><strong>Imp.</strong></span> <span class='ocrx_word' id='word_1_250' title='bbox 529 3163 671 3236; x_wconf 89' lang='lat' dir='ltr'><strong>Vitellii</strong></span> <span class='ocrx_word' id='word_1_251' title='bbox 696 3163 744 3235; x_wconf 91' lang='lat' dir='ltr'><strong>H.</strong></span> <span class='ocrx_word' id='word_1_252' title='bbox 769 3164 799 3254; x_wconf 93' lang='lat' dir='ltr'><strong>l,</strong></span> <span class='ocrx_word' id='word_1_253' title='bbox 817 3164 876 3238; x_wconf 91' lang='grc'><strong>52.</strong></span> <span class='ocrx_word' id='word_1_254' title='bbox 895 3163 932 3255; x_wconf 90' lang='grc'><strong>2,</strong></span> <span class='ocrx_word' id='word_1_255' title='bbox 949 3161 1008 3238; x_wconf 87' lang='grc'><strong>31.</strong></span> <span class='ocrx_word' id='word_1_256' title='bbox 1061 3163 1232 3260; x_wconf 86' lang='lat' dir='ltr'><strong>Vespasi-</strong></span> 
     </span>
     <span class='ocr_line' id='line_1_31' title="bbox 22 3258 1230 3356; baseline 0.005 -28"><span class='ocrx_word' id='word_1_257' title='bbox 22 3260 74 3328; x_wconf 87' lang='lat' dir='ltr'><strong>ani</strong></span> <span class='ocrx_word' id='word_1_258' title='bbox 112 3259 161 3330; x_wconf 91' lang='lat' dir='ltr'><strong>H.</strong></span> <span class='ocrx_word' id='word_1_259' title='bbox 195 3258 232 3350; x_wconf 89' lang='grc'><strong>2,</strong></span> <span class='ocrx_word' id='word_1_260' title='bbox 263 3260 306 3335; x_wconf 94' lang='grc'><strong>5.-</strong></span> <span class='ocrx_word' id='word_1_261' title='bbox 360 3259 484 3334; x_wconf 89' lang='lat' dir='ltr'><strong>Seiani</strong></span> <span class='ocrx_word' id='word_1_262' title='bbox 515 3261 612 3334; x_wconf 81' lang='lat' dir='ltr'><strong>Arm.</strong></span> <span class='ocrx_word' id='word_1_263' title='bbox 649 3263 684 3354; x_wconf 88' lang='grc'><strong>4,</strong></span> <span class='ocrx_word' id='word_1_264' title='bbox 722 3261 845 3337; x_wconf 81' lang='grc'><strong>1-3,</strong></span> <span class='ocrx_word' id='word_1_265' title='bbox 871 3261 931 3338; x_wconf 95' lang='grc'><strong>54.</strong></span> <span class='ocrx_word' id='word_1_266' title='bbox 958 3263 1017 3337; x_wconf 89' lang='grc'><strong>71.</strong></span> <span class='ocrx_word' id='word_1_267' title='bbox 1046 3261 1104 3338; x_wconf 91' lang='grc'><strong>74.</strong></span> <span class='ocrx_word' id='word_1_268' title='bbox 1132 3263 1167 3356; x_wconf 88' lang='grc'><strong>6,</strong></span> <span class='ocrx_word' id='word_1_269' title='bbox 1194 3264 1230 3340; x_wconf 94' lang='grc'><strong>8.</strong></span> 
     </span>
    </p>
   </div>
   <div class='ocr_carea' id='block_1_7' title="bbox 23 3353 1385 3457">
    <p class='ocr_par' dir='ltr' id='par_1_7' title="bbox 23 3353 1385 3457">
     <span class='ocr_line' id='line_1_32' title="bbox 23 3353 1385 3457; baseline 0.006 -30"><span class='ocrx_word' id='word_1_270' title='bbox 23 3353 140 3430; x_wconf 76' lang='lat' dir='ltr'><strong>Liviae</strong></span> <span class='ocrx_word' id='word_1_271' title='bbox 171 3359 358 3454; x_wconf 86' lang='lat' dir='ltr'><strong>Augustae</strong></span> <span class='ocrx_word' id='word_1_272' title='bbox 388 3361 424 3452; x_wconf 90' lang='grc'><strong>5,</strong></span> <span class='ocrx_word' id='word_1_273' title='bbox 463 3361 493 3434; x_wconf 92' lang='grc'><strong>1.</strong></span> <span class='ocrx_word' id='word_1_274' title='bbox 559 3361 750 3457; x_wconf 88' lang='lat' dir='ltr'><strong>Poppaeae</strong></span> <span class='ocrx_word' id='word_1_275' title='bbox 783 3361 940 3435; x_wconf 84' lang='lat' dir='ltr'><strong>Sabina‘e</strong></span> <span class='ocrx_word' id='word_1_276' title='bbox 982 3359 1040 3456; x_wconf 87' lang='grc'><strong>13,</strong></span> <span class='ocrx_word' id='word_1_277' title='bbox 1076 3363 1134 3439; x_wconf 92' lang='grc'><strong>45.</strong></span> <span class='ocrx_word' id='word_1_278' title='bbox 1187 3361 1230 3435; x_wconf 84' lang='lat' dir='ltr'><strong>G.</strong></span> <span class='ocrx_word' id='word_1_279' title='bbox 1384 3379 1385 3394; x_wconf 63' lang='lat'>¹</span> 
     </span>
    </p>
   </div>
   <div class='ocr_carea' id='block_1_8' title="bbox 24 3455 1230 3554">
    <p class='ocr_par' dir='ltr' id='par_1_8' title="bbox 24 3455 1230 3554">
     <span class='ocr_line' id='line_1_33' title="bbox 24 3455 1230 3554; baseline 0.01 -30"><span class='ocrx_word' id='word_1_280' title='bbox 24 3455 177 3528; x_wconf 86' lang='lat' dir='ltr'><strong>Petronii</strong></span> <span class='ocrx_word' id='word_1_281' title='bbox 206 3458 264 3547; x_wconf 88' lang='grc'><strong>16,</strong></span> <span class='ocrx_word' id='word_1_282' title='bbox 293 3460 348 3536; x_wconf 90' lang='grc'><strong>18.</strong></span> <span class='ocrx_word' id='word_1_283' title='bbox 380 3461 435 3535; x_wconf 90' lang='grc'><strong>19.</strong></span> <span class='ocrx_word' id='word_1_284' title='bbox 487 3461 649 3532; x_wconf 86' lang='lat' dir='ltr'><strong>Muciani</strong></span> <span class='ocrx_word' id='word_1_285' title='bbox 673 3461 722 3533; x_wconf 93' lang='lat' dir='ltr'><strong>H.</strong></span> <span class='ocrx_word' id='word_1_286' title='bbox 753 3463 784 3552; x_wconf 92' lang='lat' dir='ltr'><strong>l,</strong></span> <span class='ocrx_word' id='word_1_287' title='bbox 813 3463 868 3536; x_wconf 89' lang='grc'><strong>10.</strong></span> <span class='ocrx_word' id='word_1_288' title='bbox 895 3463 932 3554; x_wconf 91' lang='grc'><strong>2,</strong></span> <span class='ocrx_word' id='word_1_289' title='bbox 958 3463 992 3537; x_wconf 92' lang='grc'><strong>5.</strong></span> <span class='ocrx_word' id='word_1_290' title='bbox 1052 3463 1096 3536; x_wconf 89' lang='grc' dir='ltr'><strong>Τ.</strong></span> <span class='ocrx_word' id='word_1_291' title='bbox 1125 3463 1230 3538; x_wconf 79' lang='lat' dir='ltr'><strong>Vinii</strong></span> 
     </span>
    </p>
   </div>
   <div class='ocr_carea' id='block_1_9' title="bbox 24 3553 1385 3651">
    <p class='ocr_par' dir='ltr' id='par_1_9' title="bbox 24 3553 1385 3651">
     <span class='ocr_line' id='line_1_34' title="bbox 24 3553 1385 3651; baseline 0.007 -27"><span class='ocrx_word' id='word_1_292' title='bbox 24 3553 63 3624; x_wconf 90' lang='lat' dir='ltr'><strong>H.</strong></span> <span class='ocrx_word' id='word_1_293' title='bbox 90 3557 121 3644; x_wconf 94' lang='lat' dir='ltr'><strong>I,</strong></span> <span class='ocrx_word' id='word_1_294' title='bbox 145 3555 204 3631; x_wconf 87' lang='grc'><strong>37.</strong></span> <span class='ocrx_word' id='word_1_295' title='bbox 231 3559 289 3634; x_wconf 90' lang='grc'><strong>48.</strong></span> <span class='ocrx_word' id='word_1_296' title='bbox 342 3557 496 3631; x_wconf 86' lang='lat' dir='ltr'><strong>Antonii</strong></span> <span class='ocrx_word' id='word_1_297' title='bbox 530 3561 649 3632; x_wconf 88' lang='lat' dir='ltr'><strong>Primi</strong></span> <span class='ocrx_word' id='word_1_298' title='bbox 683 3559 731 3632; x_wconf 94' lang='lat' dir='ltr'><strong>H.</strong></span> <span class='ocrx_word' id='word_1_299' title='bbox 758 3561 794 3651; x_wconf 92' lang='grc'>2,</span> <span class='ocrx_word' id='word_1_300' title='bbox 819 3561 878 3638; x_wconf 93' lang='grc'><strong>86.</strong></span> <span class='ocrx_word' id='word_1_301' title='bbox 930 3563 1037 3635; x_wconf 87' lang='lat' dir='ltr'><strong>Fabii</strong></span> <span class='ocrx_word' id='word_1_302' title='bbox 1062 3562 1231 3636; x_wconf 88' lang='lat' dir='ltr'><strong>Valentis</strong></span> <span class='ocrx_word' id='word_1_303' title='bbox 1384 3567 1385 3570; x_wconf 72' lang='grc'>’</span> 
     </span>
    </p>
   </div>
   <div class='ocr_carea' id='block_1_10' title="bbox 24 3653 1343 3976">
    <p class='ocr_par' dir='ltr' id='par_1_10' title="bbox 24 3653 1343 3976">
     <span class='ocr_line' id='line_1_35' title="bbox 24 3653 1229 3752; baseline 0.007 -28"><span class='ocrx_word' id='word_1_304' title='bbox 24 3655 63 3724; x_wconf 88' lang='grc' dir='ltr'><strong>Η.</strong></span> <span class='ocrx_word' id='word_1_305' title='bbox 89 3653 125 3744; x_wconf 86' lang='grc'><strong>3,</strong></span> <span class='ocrx_word' id='word_1_306' title='bbox 151 3655 209 3730; x_wconf 91' lang='grc'><strong>62.</strong></span> <span class='ocrx_word' id='word_1_307' title='bbox 261 3657 426 3730; x_wconf 90' lang='lat' dir='ltr'><strong>Helvidii</strong></span> <span class='ocrx_word' id='word_1_308' title='bbox 452 3659 570 3730; x_wconf 89' lang='lat' dir='ltr'><strong>Prisci</strong></span> <span class='ocrx_word' id='word_1_309' title='bbox 595 3659 642 3732; x_wconf 89' lang='lat' dir='ltr'><strong>H.</strong></span> <span class='ocrx_word' id='word_1_310' title='bbox 671 3657 705 3752; x_wconf 89' lang='grc'><strong>4,</strong></span> <span class='ocrx_word' id='word_1_311' title='bbox 731 3661 765 3736; x_wconf 94' lang='grc'><strong>5.</strong></span> <span class='ocrx_word' id='word_1_312' title='bbox 802 3655 848 3749; x_wconf 81' lang='lat'><strong>¹⁶)</strong></span> <span class='ocrx_word' id='word_1_313' title='bbox 901 3659 1113 3735; x_wconf 87' lang='lat' dir='ltr'><strong>Stoicorum</strong></span> <span class='ocrx_word' id='word_1_314' title='bbox 1131 3661 1229 3734; x_wconf 82' lang='lat' dir='ltr'><strong>Anu.</strong></span> 
     </span>
     <span class='ocr_line' id='line_1_36' title="bbox 27 3754 1233 3852; baseline 0.007 -27"><span class='ocrx_word' id='word_1_315' title='bbox 27 3754 75 3841; x_wconf 86' lang='grc'>14,</span> <span class='ocrx_word' id='word_1_316' title='bbox 99 3757 157 3830; x_wconf 92' lang='grc'><strong>57.</strong></span> <span class='ocrx_word' id='word_1_317' title='bbox 187 3756 244 3846; x_wconf 91' lang='grc'>16,</span> <span class='ocrx_word' id='word_1_318' title='bbox 269 3757 329 3832; x_wconf 91' lang='grc'><strong>32.</strong></span> <span class='ocrx_word' id='word_1_319' title='bbox 356 3759 404 3830; x_wconf 90' lang='grc' dir='ltr'><strong>Η.</strong></span> <span class='ocrx_word' id='word_1_320' title='bbox 431 3758 467 3849; x_wconf 90' lang='grc'><strong>4,</strong></span> <span class='ocrx_word' id='word_1_321' title='bbox 492 3761 526 3835; x_wconf 91' lang='grc'><strong>5.</strong></span> <span class='ocrx_word' id='word_1_322' title='bbox 553 3759 698 3850; x_wconf 85' lang='lat' dir='ltr'><strong>saeculi,</strong></span> <span class='ocrx_word' id='word_1_323' title='bbox 730 3759 948 3852; x_wconf 87' lang='lat' dir='ltr'><strong>aulicorum,</strong></span> <span class='ocrx_word' id='word_1_324' title='bbox 983 3761 1170 3834; x_wconf 80' lang='lat' dir='ltr'><strong>nobilium</strong></span> <span class='ocrx_word' id='word_1_325' title='bbox 1196 3771 1233 3834; x_wconf 89' lang='lat' dir='ltr'><strong>et</strong></span> 
     </span>
     <span class='ocr_line' id='line_1_37' title="bbox 25 3852 1343 3976; baseline 0.017 -54"><span class='ocrx_word' id='word_1_326' title='bbox 25 3852 134 3944; x_wconf 85' lang='lat' dir='ltr'><strong>plebis</strong></span> <span class='ocrx_word' id='word_1_327' title='bbox 158 3857 254 3928; x_wconf 87' lang='lat' dir='ltr'><strong>Ann.</strong></span> <span class='ocrx_word' id='word_1_328' title='bbox 286 3858 319 3950; x_wconf 95' lang='lat' dir='ltr'><strong>l,</strong></span> <span class='ocrx_word' id='word_1_329' title='bbox 345 3858 378 3932; x_wconf 92' lang='grc'><strong>2.</strong></span> <span class='ocrx_word' id='word_1_330' title='bbox 408 3859 441 3933; x_wconf 94' lang='grc'><strong>4.</strong></span> <span class='ocrx_word' id='word_1_331' title='bbox 469 3859 502 3931; x_wconf 95' lang='grc'><strong>7.</strong></span> <span class='ocrx_word' id='word_1_332' title='bbox 530 3856 566 3950; x_wconf 92' lang='grc'><strong>3,</strong></span> <span class='ocrx_word' id='word_1_333' title='bbox 591 3859 650 3934; x_wconf 89' lang='grc'><strong>28.</strong></span> <span class='ocrx_word' id='word_1_334' title='bbox 678 3859 735 3934; x_wconf 91' lang='grc'><strong>65.</strong></span> <span class='ocrx_word' id='word_1_335' title='bbox 764 3859 798 3950; x_wconf 93' lang='grc'>4,</span> <span class='ocrx_word' id='word_1_336' title='bbox 825 3857 883 3936; x_wconf 94' lang='grc'><strong>60.</strong></span> <span class='ocrx_word' id='word_1_337' title='bbox 915 3861 972 3954; x_wconf 93' lang='grc'>14,</span> <span class='ocrx_word' id='word_1_338' title='bbox 1002 3861 1056 3936; x_wconf 91' lang='grc'><strong>14.</strong></span> <span class='ocrx_word' id='word_1_339' title='bbox 1088 3861 1145 3958; x_wconf 90' lang='grc'><strong>15,</strong></span> <span class='ocrx_word' id='word_1_340' title='bbox 1171 3861 1228 3942; x_wconf 75' lang='grc'><strong>64.</strong></span> <span class='ocrx_word' id='word_1_341' title='bbox 1338 3969 1343 3976; x_wconf 17' lang='grc' dir='ltr'>ἱ</span> 
     </span>
    </p>
   </div>
   <div class='ocr_carea' id='block_1_11' title="bbox 26 4035 1231 4420">
    <p class='ocr_par' dir='ltr' id='par_1_11' title="bbox 26 4035 1231 4420">
     <span class='ocr_line' id='line_1_38' title="bbox 92 4035 1231 4155; baseline 0.012 -45"><span class='ocrx_word' id='word_1_342' title='bbox 92 4051 127 4124; x_wconf 80' lang='lat'><strong>¹⁸)</strong></span> <span class='ocrx_word' id='word_1_343' title='bbox 143 4057 220 4126; x_wconf 79' lang='lat' dir='ltr'><strong>„Qui</strong></span> <span class='ocrx_word' id='word_1_344' title='bbox 238 4059 600 4148; x_wconf 37' lang='lat' dir='ltr'><strong>mummi-Retnebiique</strong></span> <span class='ocrx_word' id='word_1_345' title='bbox 616 4064 735 4148; x_wconf 72' lang='lat' dir='ltr'><strong>egregia</strong></span> <span class='ocrx_word' id='word_1_346' title='bbox 753 4035 887 4130; x_wconf 75' lang='lat' dir='ltr'><strong>artificia,</strong></span> <span class='ocrx_word' id='word_1_347' title='bbox 907 4065 1012 4152; x_wconf 69' lang='lat' dir='ltr'><strong>quibus</strong></span> <span class='ocrx_word' id='word_1_348' title='bbox 1030 4067 1151 4155; x_wconf 71' lang='lat' dir='ltr'><strong>ingenia</strong></span> <span class='ocrx_word' id='word_1_349' title='bbox 1168 4083 1231 4124; x_wconf 86' lang='lat' dir='ltr'><strong>mo·</strong></span> 
     </span>
     <span class='ocr_line' id='line_1_39' title="bbox 26 4131 1231 4282; baseline 0.013 -31"><span class='ocrx_word' id='word_1_350' title='bbox 26 4131 1231 4282; x_wconf 54' lang='lat' dir='ltr'><strong>mttatttttttttt.3⁴tt‘trtattttttttt,htttttttt</strong></span> 
     </span>
     <span class='ocr_line' id='line_1_40' title="bbox 30 4265 1230 4358; baseline 0.015 -37"><span class='ocrx_word' id='word_1_351' title='bbox 30 4265 87 4322; x_wconf 75' lang='lat' dir='ltr'><strong>lam</strong></span> <span class='ocrx_word' id='word_1_352' title='bbox 105 4269 210 4351; x_wconf 72' lang='lat' dir='ltr'><strong>dixerit</strong></span> <span class='ocrx_word' id='word_1_353' title='bbox 227 4275 383 4330; x_wconf 79' lang='lat' dir='ltr'><strong>Annalimn</strong></span> <span class='ocrx_word' id='word_1_354' title='bbox 402 4273 496 4330; x_wconf 81' lang='lat' dir='ltr'><strong>Taciti</strong></span> <span class='ocrx_word' id='word_1_355' title='bbox 515 4293 582 4332; x_wconf 86' lang='lat' dir='ltr'><strong>cnm</strong></span> <span class='ocrx_word' id='word_1_356' title='bbox 600 4275 647 4329; x_wconf 83' lang='lat' dir='ltr'><strong>bis</strong></span> <span class='ocrx_word' id='word_1_357' title='bbox 666 4277 856 4353; x_wconf 73' lang='lat' dir='ltr'><strong>aciagraphiis</strong></span> <span class='ocrx_word' id='word_1_358' title='bbox 882 4279 1126 4358; x_wconf 71' lang='lat' dir='ltr'><strong>ingeniosissimis</strong></span> <span class='ocrx_word' id='word_1_359' title='bbox 1153 4299 1230 4338; x_wconf 86' lang='lat' dir='ltr'><strong>com·</strong></span> 
     </span>
     <span class='ocr_line' id='line_1_41' title="bbox 27 4343 846 4420; baseline 0.016 -28"><span class='ocrx_word' id='word_1_360' title='bbox 27 4343 227 4404; x_wconf 70' lang='lat' dir='ltr'><strong>prunonem.“</strong></span> <span class='ocrx_word' id='word_1_361' title='bbox 262 4345 476 4402; x_wconf 74' lang='lat' dir='ltr'><strong>boetticher</strong></span> <span class='ocrx_word' id='word_1_362' title='bbox 499 4347 531 4402; x_wconf 87' lang='lat' dir='ltr'><strong>in</strong></span> <span class='ocrx_word' id='word_1_363' title='bbox 549 4347 617 4404; x_wconf 78' lang='lat' dir='ltr'><strong>hex.</strong></span> <span class='ocrx_word' id='word_1_364' title='bbox 636 4347 703 4405; x_wconf 79' lang='lat' dir='ltr'><strong>Tac.</strong></span> <span class='ocrx_word' id='word_1_365' title='bbox 723 4367 752 4420; x_wconf 86' lang='lat' dir='ltr'><strong>p.</strong></span> <span class='ocrx_word' id='word_1_366' title='bbox 772 4350 846 4405; x_wconf 79' lang='lat' dir='ltr'><strong>XVI.</strong></span> 
     </span>
    </p>
   </div>
   <div class='ocr_carea' id='block_1_12' title="bbox 0 0 1392 4784">
    <p class='ocr_par' dir='ltr' id='par_1_12' title="bbox 0 0 1392 4784">
     <span class='ocr_line' id='line_1_42' title="bbox 0 0 1392 4784; baseline 0 1"><span class='ocrx_word' id='word_1_367' title='bbox 0 0 1392 4784; x_wconf 95' lang='lat' dir='ltr'><strong> </strong></span> 
     </span>
    </p>
   </div>
  </div>
 </body>
</html>
