2890 4790
187 193 253 266 ,155
578 187 821 256 ANNALIUM
846 187 930 259 Llll.
954 185 1014 251 111.

193 373 249 428 que
268 356 303 410 ad
320 355 467 428 publicam
485 369 549 408 rem
574 354 623 410 vel
645 353 804 418 utilitatem
821 371 835 410 s
857 351 964 408 emaus.
1001 353 1050 408 Ol.
1067 351 1159 408 llrsk.
1178 351 1213 406 sl
1229 351 1287 408 Lis.
1303 353 1327 416 l,
1342 353 1378 406 a.

193 429 284 484 Gron.
310 429 346 484 ad
369 428 433 480 Lir.
453 428 481 489 8,
500 430 546 482 31.
573 426 696 480 sat-Ern.
722 426 796 480 clav.
848 425 885 481 ie.
906 457 931 468 —
975 423 1084 492 gassdio
1108 427 1135 478 it
1159 423 1259 494 impetu
1279 423 1381 476 eloam

193 500 335 584 exercitas
353 516 430 570 „per
448 494 479 550 ἓν
496 493 542 581 slsis
561 497 642 550 δυοῖν
659 499 745 550 dicta.
770 495 887 579 ,Deerat
905 495 1091 580 adiectivum,
1120 496 1196 600 qq‘od
1217 497 1278 548 roci
1293 497 1382 574 impeta

192 564 1381 710 titillet?itttttttttss“ttttttttttftttttttnlttttttl:

193 711 237 768 (ii.
258 708 413 766 cia'Phss.
433 713 460 778 b,
481 717 506 768 1.
528 721 557 766 et
575 729 621 782 ep.
641 711 676 764 ad
694 712 753 764 sliu.
772 714 800 776 2,
819 714 861 768 lll-
881 709 967 764 llotlu.
993 711 1029 764 ed
1051 709 1117 766 Tac.
1144 711 1215 786 Agr.
1241 727 1268 779 p.
1286 712 1339 765 153.
1352 733 1382 775 ,-

193 801 227 838 ae
245 791 311 837 tasse
341 783 472 836 Tiberius
496 785 600 836 Blaeso
622 791 801 852 postrenmm,
831 802 859 838 v.
883 783 919 836 ad
938 788 964 849 l,
983 787 1010 844 a,
1029 779 1056 840 1.
1093 781 1143 836 stc
1169 781 1275 836 veteris
1296 778 1382 850 populi

193 851 288 910 mores
308 855 486 920 obsolevere,
506 855 634 908 eviluere
652 857 793 921 virtutesq
811 855 894 906 Brot.
916 853 950 908 ln
963 853 1027 907 edd.
1042 861 1103 907 vet.
1123 862 1190 908 anta
1201 850 1275 906 Picb.
1292 856 1385 918 postre-

192 943 267 978 mam
293 935 337 984 est
357 928 488 1048 primum
508 927 629 978 verbum
648 945 709 997 cap.
730 929 773 982 lb.
811 924 868 978 Sed
891 924 1041 979 distinctio
1072 925 1218 980 recentior
1239 931 1268 978 et
1291 922 1385 992 aptiore

194 1012 289 1064 sensu,
310 1007 338 1052 et
379 997 482 1054 istoria
502 995 545 1062 (v.
564 998 644 1066 adl,
663 1003 690 1064 3,
709 997 757 1064 1.)
776 1005 805 1052 et
823 998 998 1051 auctoritate
1016 995 1077 1052 MS.
1096 997 1241 1050 animan.

578 1149 813 1209 ,CAPUT¹
852 1150 990 1207 LXXV.

277 1259 398 1323 Obiere
412 1278 451 1320 eo
465 1276 551 1320 anno
573 1258 643 1322 riri
662 1259 821 1335 illustres,
843 1257 976 1320 Asinius
999 1257 1174 1320 Saloninus
1201 1255 1248 1321 M.
1261 1255 1387 1342 Agrippa

193 1351 227 1406 et
248 1343 397 1408 Pollione
417 1342 533 1403 Asinio
562 1343 646 1419 avis,
679 1343 783 1402 fratre
802 1339 913 1402 Druso
943 1343 1082 1426 insignis
1105 1339 1300 1420 Caesarique
1325 1358 1387 1418 pro-

192 1447 296 1510 gener
317 1425 513 1502 destinatus,
535 1422 699 1504 etCapito
712 1423 840 1502 Ateius,
862 1423 904 1486 de
925 1445 989 1506 quo
1007 1426 1203 1500 memoravi,
1226 1423 1388 1507 principem

192 1513 229 1570 in
250 1511 385 1570 civitate
407 1509 517 1570 locum
538 1506 656 1568 studiis
677 1507 834 1570 ciuilibus
856 1515 1037 1584 assecutus,
1060 1509 1119 1570 sed
1137 1527 1201 1568 avo
1215 1506 1388 1568 matinen

192 1592 339 1669 Sullano,
361 1598 457 1672 patre
469 1591 652 1672 praetorio.
696 1587 955 1651 Consulatumei
968 1589 1217 1652 acceleraverat
1231 1587 1389 1674 Augustus,

193 1683 232 1736 nt
260 1675 450 1734 Labeonem
478 1671 661 1735 Antistium
692 1671 810 1735 iisdem
842 1674 971 1736 artibus
1001 1673 1258 1756 praecellentem
1295 1667 1390 1752 dqua-

192 1759 286 1818 tione
304 1758 378 1817 eius
400 1757 615 1838 magistratus
643 1757 799 1817 anteiret.
841 1753 994 1838 Namque
1023 1756 1080 1816 illa
1108 1767 1199 1817 aetas
1227 1753 1291 1816 duo
1317 1751 1389 1833 pacis

194 1837 314 1903 decora
330 1837 429 1898 simul
444 1837 540 1900 tulit:
563 1835 620 1898 sed
634 1835 746 1898 Labeo
763 1839 961 1919 irrcqrrupta
982 1838 1140 1902 libertate
1161 1845 1196 1900 et
1217 1837 1258 1898 ob
1280 1834 1311 1896 id
1322 1837 1391 1894 lema

193 1921 415 1996 celebratior3
443 1917 614 1993 Capitonis
638 1919 830 2001 obsequium
852 1919 1101 1984 dominantibus
1122 1921 1229 2005 magis
1251 1917 1390 2000 probaba-
1415 1941 1416 1944 ¹

193 2014 261 2068 tur.
304 2003 373 2075 Illi,
394 2001 481 2084 quod
498 2009 696 2083 'praeturam
717 2005 809 2064 intra
829 2005 934 2080 stetit,
957 2001 1199 2066 commendatio
1213 2023 1253 2066 ex
1271 2001 1392 2068 inierim

193 2088 283 2165 buia,
304 2083 393 2169 quod
414 2085 621 2146 consulatum
641 2083 780 2166 adeptus
801 2095 862 2165 est,
890 2086 1005 2148 odium
1026 2105 1067 2148 ex
1086 2085 1216 2150 invidia
1230 2084 1391 2147 oriebatur.

199 2247 203 2259 .
248 2209 292 2259 ·l.
320 2201 445 2256 Asinius
468 2201 623 2257 Saloninus
647 2235 680 2252 -.
704 2201 842 2272 insignis,
869 2223 898 2258 r.
925 2203 961 2258 ad
980 2207 1005 2269 l,
1029 2207 1075 2270 ta,
1097 2207 1125 2260 1.
1153 2203 1284 2258 Pollione
1307 2199 1392 2253 Asinio

193 2291 247 2346 pro
266 2273 369 2328 Asinio
387 2271 523 2340 Pollione,
551 2282 585 2326 ut
603 2290 672 2328 mox
689 2275 793 2342 Capita
811 2275 913 2328 Ateius
936 2283 965 2330 et
981 2274 1073 2328 Labeo
1091 2276 1248 2330 antestes.
1285 2273 1326 2326 Gi.
1343 2268 1392 2324 lud

187 2347 247 2416 tlt.
266 2367 294 2401 r.
314 2345 437 2412 Nomina
455 2342 583 2413 gentium
602 2342 814 2414 cognominibus
831 2348 1000 2416 postposita,
1025 2349 1134 2400 Manat.
1157 2347 1194 2402 ad
1220 2347 1281 2400 cto.
1305 2362 1346 2415 ep.
1366 2339 1392 2393 ab
1415 2377 1416 2382 =

194 2417 254 2474 div.
274 2421 301 2482 2,
321 2420 345 2474 8.
365 2415 481 2472 Ruhnk.
507 2417 542 2470 ad
560 2415 636 2470 Vell.
656 2435 685 2487 p.
706 2420 766 2474 155.
795 2417 894 2474 Obbar.
920 2419 955 2472 ad
972 2417 1043 2472 Hos·-
1070 2418 1154 2490 epist.
1174 2423 1200 2482 1,
1222 2423 1265 2474 ta.
1283 2435 1310 2487 p.
1328 2417 1352 2470 6.
1367 2443 1392 2454 -

89 2519 92 2524 ·
194 2489 367 2558 Caesarique
384 2505 527 2558 progener
547 2489 715 2552 destinatus,
741 2497 776 2541 ut
794 2487 857 2545 scil.
876 2489 1005 2560 aliquam
1024 2487 1144 2542 duceret
1169 2489 1317 2544 eliliabus
1335 2485 1392 2536 Ger·

193 2561 317 2626 manici,
345 2559 424 2614 Mar.
446 2567 475 2612 et
492 2555 570 2627 Lips.
591 2590 623 2600 -
651 2557 754 2626 Capito
772 2557 884 2626 Ateius,
903 2561 937 2614 sle
956 2576 1008 2630 qao
1027 2559 1179 2612 memorari
1199 2580 1240 2614 sc.
1260 2565 1286 2624 l,
1304 2559 1344 2612 lb.
1359 2555 1392 2608 79·

191 2635 220 2708 β,
240 2635 285 2686 7⁰.
322 2629 380 2684 Sub
398 2629 442 2684 Au
465 2639 529 2684 usto
548 2629 703 2698 clarissimi
721 2627 785 2684 ICti
811 2633 922 2696 vixere,
947 2640 1065 2702 praeter
1083 2631 1199 2684 Aelium
1220 2629 1334 2685 Gallum
1355 2625 1393 2690 (dt

235 2718 298 2756 ov.
317 2701 354 2756 ad
371 2703 398 2767 5,
417 2647 464 2766 ab
492 2699 524 2755 (l.
546 2699 649 2752 Ateius
669 2701 771 2768 Capito
797 2695 897 2756 consul
921 2701 988 2756 suff.
1009 2720 1034 2758 a.
1053 2701 1088 2756 U.
1107 2705 1168 2760 tta.
1189 2721 1257 2756 cum
1276 2699 1306 2756 C.
1325 2695 1392 2748 Vibit

216 2781 338 2837 ostumo,
351 2782 380 2826 et
389 2771 421 2839 Q.
432 2771 577 2824 Antistius
585 2767 675 2824 Labeo
690 2773 770 2826 filius
784 2771 815 2840 Q.
827 2773 963 2826 Labeonis
978 2773 1052 2839 tesi,
1071 2773 1123 2844 qui
1136 2775 1290 2844 inps-celio
1300 2769 1404 2836 Philip'

193 2843 277 2914 pensi
297 2845 415 2912 cecidit,
434 2841 478 2906 (v.
498 2843 621 2918 Appiae·
635 2831 672 2898 11.
684 2841 716 2896 C.
736 2847 763 2908 4,
782 2843 857 2908 135.)
874 2843 1003 2914 ciuilibus
1022 2843 1128 2914 studiis
1142 2843 1182 2910 (v.
1197 2845 1233 2898 ad
1251 2843 1356 2909 &libb
1372 2843 1392 2887 tl

193 2915 229 2968 11.
242 2919 269 2980 2,
279 2914 321 2982 5.)
341 2923 370 2968 et
381 2913 492 2989 artibus
500 2915 710 2982 praecellentes,
721 2915 775 2967 duo
786 2915 869 2983 pacis
885 2917 998 2978 decora,
1012 2916 1093 2969 eiad
1102 2920 1145 2982 11,
1155 2919 1201 2980 49,
1214 2922 1237 2972 l.
1259 2914 1300 2969 Ab
1311 2913 1350 2966 Au
1368 2925 1393 2958 u·

194 2995 238 3040 sto
249 2995 344 3062 autem
357 2985 440 3040 aucta
452 2983 495 3058 est
506 2985 642 3060 lCtprum
656 2995 685 3039 et
703 2986 745 3038 sic
757 3004 869 3058 quoque
882 2983 955 3040 iuris
972 2991 1128 3042 auctoritas
1144 2989 1316 3042 necessitate
1333 2929 1393 3034 11ιὲ11-

194 3057 276 3120 cibus
295 3057 430 3128 imposita
448 3055 621 3126 observandi
636 3059 666 3126 in
683 3057 834 3110 sententiis
854 3059 913 3110 suis
930 3057 1077 3124 IGtorum,
1101 3057 1151 3112 sed
1169 3075 1272 3114 eonem
1290 3063 1392 3108 tentum.
1415 3081 1416 3094 t

195 3127 299 3198 quibus
319 3129 381 3198 ipse
398 3127 566 3182 facultatem
586 3128 778 3199 respondendi
797 3127 831 3182 de
849 3127 914 3182 iure
939 3129 1137 3198 concessisset,
1165 3147 1313 3200 responsa,
1336 3139 1394 3194 quae

195 3199 246 3251 sub
259 3195 379 3251 Tiberio
392 3215 451 3250 non
463 3197 587 3274 amplius
603 3201 712 3272 scripta
722 3205 772 3252 aut
783 3200 850 3252 viva
862 3216 943 3264 voce,
964 3197 1014 3254 sed
1032 3201 1145 3276 signata
1163 3201 1227 3254 dari
1245 3201 1392 3270 coeperunt.

194 3270 298 3336 Capito
317 3277 346 3324 et
364 3269 456 3322 Labeo
474 3269 582 3322 multos
601 3270 762 3355 vulgarunt
789 3267 889 3338 libros,
918 3287 1043 3343 quorum
1066 3264 1163 3326 tarnen
1189 3272 1273 3325 tituli
1297 3276 1391 3322 tantum
1415 3309 1416 3320 ,

195 3347 225 3394 et
248 3357 338 3410 pauca
362 3343 525 3418 fragmenta
548 3339 679 3416 Digestis
704 3341 824 3399 inserta.
848 3339 954 3414 ,Iidem
977 3341 1173 3396 dissimillimi
1197 3347 1283 3396 fuere
1306 3335 1394 3394 suiuus
1415 3345 1416 3390 l

138 3431 141 3443 ’
195 3419 225 3464 et
244 3411 381 3486 ingeniis,
402 3409 505 3464 studiis
525 3419 555 3464 et
572 3411 715 3466 moribus:
739 3413 793 3466 ille
811 3421 935 3484 propter
953 3411 1121 3484 obsequium
1141 3423 1170 3467 et
1189 3414 1393 3471 assentationem

216 3481 424 3534 ratiosissimus
447 3477 523 3552 apud
547 3479 718 3556 Augentum,
754 3482 805 3536 hic
831 3481 1018 3552 incorruptae
1042 3485 1186 3538 libertatis
1209 3503 1266 3538 nec
1291 3494 1396 3556 iungunt

194 3500 293 3604 beuter
310 3553 504 3675 principatus,
529 3553 605 3606 unde
631 3553 718 3606 etiam
743 3553 825 3607 intra
845 3561 1013 3628 praeturam
1037 3557 1118 3608 stetit
1146 3555 1185 3622 (v.
1211 3557 1248 3609 ad
1265 3559 1291 3616 3,
1309 3557 1348 3616 tt,
1365 3545 1412 3608 bl·

196 3631 225 3676 et
242 3622 391 3692 Augustas
433 3621 545 3692 apiloni
564 3623 731 3676 acceleravit
751 3625 936 3692 comulatam,
956 3643 1042 3696 quem
1060 3623 1152 3682 Labeo
1170 3637 1271 3697 pastea
1290 3624 1340 3676 sibi
1357 3619 1396 3672 ob-

195 3694 289 3749 latum
308 3693 491 3763 repudiarit:
511 3694 561 3756 (ei.
581 3695 719 3766 Pompon.
739 3697 770 3748 in
789 3695 821 3750 L.
841 3699 868 3754 1.
885 3693 909 3760 l.
922 3698 965 3752 ll.
984 3691 1017 3750 It.
1039 3695 1073 3752 de
1092 3715 1133 3751 or.
1150 3698 1219 3764 ins.)
1240 3694 1295 3750 ille
1309 3687 1395 3761 scripti

197 3766 360 3834 summique
380 3765 454 3818 iaris
472 3773 523 3818 aut
543 3781 652 3830 eorum,
712 3783 744 3820 ae
763 3763 869 3822 tradita
879 3765 1021 3823 dictatave
1035 3769 1211 3845 arnagistris
1226 3761 1397 3831 151)τίυοίΡί-

195 3836 249 3888 bus
268 3833 351 3911 grata
370 3841 474 3899 essent,
485 3836 492 3846 “
503 3834 553 3888 bic
571 3834 656 3906 aequi
672 3785 800 3908 bdniqu'e'
817 3839 955 3894 defensor
982 3847 1068 3908 atque
1091 3840 1252 3894 multorum
1280 3844 1395 3890 novator·

196 3925 225 3964 v.
245 3907 323 3961 Gall.
343 3910 370 3972 4,
390 3909 417 3962 6.
438 3909 545 3972 14111,
565 3909 588 3962 7.
609 3909 654 3974 13,
673 3913 715 3970 ta.
735 3911 844 3974 1214,
864 3907 888 3962 l.
909 3909 987 3964 Suet.
1001 3909 1074 3988 Aug.
1094 3913 1137 3966 54.
1157 3909 1416 3978 5111111115..

197 3987 222 4034 b.
241 3981 286 4034 ll.
306 3977 361 4031 Dio
380 3981 425 4042 bl,
445 3979 487 4034 15.
506 3977 628 4050 Appias.
649 3975 689 4032 a:
702 3977 735 4043 C,
755 3983 780 4044 4,
802 3981 862 4036 135.
881 3979 1018 4050 Pompon.
1038 3982 1095 4036 1.1.
1110 3978 1396 4043 Baebhistiurispr·
1415 4007 1416 4010 =

198 4045 279 4100 Rom.
300 4049 398 4122 tlt,1,
418 4053 433 4104 l
453 4068 500 4118 sqs
521 4051 598 4102 Hinc
624 4059 687 4106 orta
705 4050 832 4104 divortia
857 4060 887 4106 at
910 4059 1005 4106 sectae
1026 4053 1268 4126 discipulorum,¹
1284 4048 1334 4120 qui
1357 4041 1416 4097 sub¹

196 4117 314 4172 'liberie
342 4121 477 4174 lloruere.
525 4120 684 4190 capitonis·
707 4121 813 4176 sectam
845 4123 1035 4176 illustrarunt
1057 4123 1210 4179 Masurius
1232 4118 1353 4175 Sabinus
1376 4120 1398 4165 et

198 4186 229 4240 0.
249 4189 369 4241 Cassius
386 4189 544 4258 longinus,
575 4189 615 4256 (v.
636 4193 662 4252 6,
682 4195 726 4258 15,
746 4193 783 4260 l.)
811 4191 952 4249 Labeonis
979 4195 1022 4250 M.
1043 4195 1176 4250 Cocceius
1193 4193 1287 4250 Nerva
1312 4189 1352 4254 (u
1370 4181 1397 4234 ²⁶

199 4261 225 4322 ⁴,
245 4261 289 4314 58-
308 4263 336 4324 6,
355 4260 413 4333 15.)
433 4269 463 4313 et
481 4261 663 4334 Sempronius
681 4261 827 4342 fiscales.
864 4263 907 4320 Ab
924 4261 981 4320 hoc
1000 4265 1072 4320 dieti
1091 4265 1268 4332 horatiani,
1296 4255 1399 4318 abillis
