2762 4788
279 189 425 256 CAPUT
444 185 538 258 XIV.
573 187 960 272 (t.11.tet.t.c.1t.)
1187 191 1228 260 41

24 365 149 426 metue,
168 375 257 430 quam
274 359 339 428 ipse
356 371 494 412 mercasse
509 355 664 412 seruitutem
681 357 810 422 voecht,
828 364 858 411 ct
874 355 1041 428 Principem
1066 353 1171 410 uscire
1186 372 1228 410 se·

25 431 88 482 atsi
101 437 227 498 φησι
243 429 366 486 dicebat.
400 429 524 484 Nolebat
542 429 684 514 suspicari
701 427 846 492 homines,
865 429 891 481 si
908 428 1014 484 Caesar
1031 435 1229 512 caputcerum

23 503 97 566 ieret,
115 519 167 573 spe
185 501 378 559 successionis
397 501 430 554 in
446 500 571 572 imperio
589 499 621 556 sd
638 517 670 556 se
686 517 794 556 nomen
812 499 970 558 admisisse.
1007 497 1123 552 lnrrtus
1146 499 1229 553 audi·

23 573 82 634 ebat,
97 591 152 644 per
171 573 270 644 ipsum
288 579 377 634 stare,
394 586 453 642 quc
470 572 567 626 minus
585 589 676 644 remp.
705 588 892 644 quaecamque
908 587 985 656 pars,
1012 569 1119 624 nedum
1141 577 1228 640 caput

22 645 152 700 deiceret
191 643 318 696 Nolebst
334 650 495 707 notescere,
518 641 610 698 alium
634 644 802 714 Principem
827 659 862 698 ac
879 658 953 712 resp.
983 648 1070 712 ceput
1087 657 1150 695 esse
1168 657 1228 696 non

21 731 99 784 posse,
124 717 180 788 qui
203 712 359 768 modestiaet
381 714 553 785 loquebatur
578 723 608 770 et
631 715 721 770 malle
743 715 893 786 privatum*
918 714 980 783 pati
1011 729 1041 766 se
1066 711 1228 775 simulabat,

22 805 96 855 quum
112 787 173 844 ἰιιιι
193 801 229 842 eo
245 786 437 856 processisset
455 793 485 840 et
500 787 601 848 ¹milite
625 795 655 840 et
671 786 834 858 provinciis
852 784 1009 854 occupatis,
1035 790 1070 836 ut
1093 784 1227 855 privatus

22 859 107 912 virere
122 859 275 929 nequiret.
312 857 464 912 Praeterea
480 857 556 910 illud
573 873 704 928 meusque
722 857 935 928 impatientiam
961 855 1104 926 qaundsm
1128 861 1159 910 et
1183 857 1228 908 fe·

22 929 211 984 uiluritstem
234 931 367 1000 praefert
388 927 514 982 multum
537 929 638 1007 rogari
661 927 844 1003 arrogando
869 927 992 1003 fatigari
1010 925 1148 990 volentis,
1172 941 1228 980 nec

21 1001 67 1052 nisi
89 1001 261 1054 tardissime
286 1000 463 1056 excundum
487 1016 549 1053 sese
565 1000 729 1072 praebituri
745 999 870 1052 mimum
898 999 998 1076 agenti
1017 995 1228 1054 contrariam.“

23 1071 135 1133 Hbtfisr:
171 1072 294 1138 „Quum
312 1070 385 1124 dicit
404 1087 533 1140 quousque
549 1071 676 1140 patieris,
698 1087 763 1124 rem
780 1071 813 1124 in
830 1069 918 1124 unius
942 1070 1028 1124 sitam
1045 1067 1158 1123 'liberii
1175 1083 1229 1139 po·

21 1151 109 1196 testate
125 1143 290 1222 significat.
324 1142 365 1196 Et
382 1149 463 1210 capul
480 1142 562 1210 reip..
576 1143 692 1210 imperii,
711 1149 825 1197 senatus
844 1140 939 1194 dictim
958 1141 1061 1266 ιιιίᾗο,
1084 1148 1119 1194 ut
1144 1139 1181 1196 ll.
1201 1143 1227 1204 l,

21 1217 53 1268 il.
69 1223 97 1270 et
112 1223 264 1270 nectatur
290 1215 331 1268 ita
349 1231 444 1286 saepe,
470 1215 590 1269 nomine
608 1214 720 1279 saltem,
748 1212 993 1284 apostorioribus
1033 1209 1229 1282 rincipibns.“

20 1285 55 1338 ct
70 1285 103 1340 ad
120 1291 148 1352 1,
165 1289 197 1349 ²,
216 1289 243 1342 t.
263 1288 290 1350 2,
308 1285 353 1349 36,
372 1289 398 1344 2.
433 1285 548 1352 „Verba
566 1293 634 1342 sunt
651 1285 834 1358 impatientis
853 1291 883 1338 et
901 1284 1020 1339 obscure
1037 1285 1116 1340 idem
1135 1281 1229 1358 signi·

19 1359 100 1420 icant,
118 1358 202 1429 quud
219 1375 266 1428 ap.
284 1356 363 1414 Suet.
382 1355 446 1414 Tib.
466 1374 491 1414 c.
510 1359 555 1414 24.
583 1376 659 1414 unus
682 1359 715 1412 in
738 1356 868 1412 tumultu
885 1355 1079 1428 proclamasse
1101 1354 1225 1408 dicitur:

18 1437 55 1480 cst
70 1437 148 1494 ogst,
166 1435 220 1484 nst
237 1429 362 1486 desistat.
399 1431 438 1484 llt
455 1430 515 1486 nisi
533 1429 633 1496 fallor,
659 1445 727 1486 astas
751 1429 805 1484 ille
822 1436 867 1484 est
883 1427 1021 1482 Haterius
1045 1435 1155 1484 noster.
1192 1425 1228 1480 ln

18 1501 109 1556 nisius
126 1503 212 1558 enim
231 1501 317 1556 rabies
335 1503 451 1558 variant
467 1503 636 1574 scriptores.
655 1521 685 1562 v.
703 1503 739 1558 sd
757 1507 783 1566 1,
801 1501 828 1568 θ,
848 1501 896 1560 1.“
915 1498 1022 1558 Woltlt.
1043 1533 1077 1544 -
1090 1499 1150 1552 iure
1172 1491 1227 1552 irs*-

18 1575 125 1628 lmese
139 1575 303 1644 potestatis,
322 1596 350 1630 r.
368 1575 448 1642 adl,
466 1577 494 1641 2,
511 1579 538 1632 4.
558 1579 585 1643 1,
602 1579 631 1644 3,
649 1579 676 1634 5.
713 1573 817 1630 Scauri
835 1591 906 1630 vero
924 1573 1023 1628 verbis
1041 1571 1148 1630 sianilis
1168 1589 1229 1628 sar·

17 1665 114 1702 cemus
131 1657 162 1704 et
182 1648 381 1704 simulationis
400 1647 586 1720 crpmbrstio
611 1650 697 1704 inest.
724 1675 758 1686 -
788 1646 929 1713 Senarus,
953 1645 998 1701 ιιι·
1023 1643 1228 1716 inplacabilius

16 1719 183 1794 imscebmus)
201 1719 315 1776 sileatis
332 1721 460 1784 unnim,
478 1723 516 1778 ci.
528 1721 572 1776 'ad
588 1721 660 1798 Agr.
679 1723 724 1778 ⁴2
742 1738 773 1780 n.
792 1721 819 1798 4.
1098 1773 1107 1782 ,

72 1796 97 1850 5.
109 1795 199 1856 flexit
215 1810 248 1848 se
263 1794 404 1860 paulatin,
422 1791 487 1850 b.e.
505 1793 598 1848 flexus
617 1801 661 1848 est
677 1793 786 1860 animo,
805 1793 908 1850 saltem
926 1792 1055 1848 collecti
1074 1799 1104 1848 et
1122 1789 1228 1846 cedere

15 1863 162 1924 simularit.
189 1865 307 1930 crate,
316 1869 362 1928 at,
371 1869 436 1924 1.-
458 1867 564 1920 Tiberis·
571 1879 663 1931 [mtto
671 1865 867 1934 advolveretur,
876 1865 913 1920 ed
921 1865 984 1920 eius
993 1883 1081 1944 genu,
1096 1881 1153 1918 ase
1162 1863 1227 1918 vol-

16 1945 93 2004 reret,
105 1939 178 2006 ntss
193 1942 240 1996 te.
251 1939 294 2003 tt,
306 1943 349 1994 71.
359 1939 396 1994 ll.
405 1939 432 2002 4,
442 1941 486 1995 81.
503 1937 675 1994 Pellicerius
686 1954 731 2010 ap.
741 1937 821 1996 Brut.
829 1955 906 1994 corr.
916 1937 1041 2004 smila,
1053 1945 1087 1993 ut
1096 1941 1121 2002 1,
1129 1937 1225 1994 4432.

16 2009 156 2072 “gelih
163 2009 293 2078 mm
302 2014 346 2074 ll,
364 2013 409 2066 ³⁰.
420 2011 518 2076 12¹⁸·
529 2014 574 2076 1⁴9
592 2013 637 2068 ω..
656 2007 733 2076 „sed
740 2011 857 2074 galim
865 2009 985 2075 advolvi,
1004 2009 1147 2062 ssdwdlllm
1156 2009 1228 2060 Sim·

14 2079 119 2148 pliciter
135 2081 255 2136 indicet
266 2090 375 2137 sutum
392 2080 443 2136 rel
460 2081 567 2148 locum,
585 2081 619 2136 iu
633 2097 692 2152 quo
707 2083 773 2152 quis
788 2089 939 2146 renatus-t
956 2095 1048 2146 genua
1064 2079 1175 2133 advolvi
1183 2087 1229 2132 est

12 2167 284 2282 t‘ff'ttt
302 2155 547 2294 &letter
565 2148 1116 2295 ”mmmm
1134 2151 1226 2287 tii}

42 2266 48 2278 ι
83 2270 90 2280 .
225 2267 233 2282 .
284 2267 291 2282 .
331 2267 339 2282 .
500 2264 507 2278 ι
541 2259 576 2270 ·-
849 2249 860 2282 1
1218 2259 1226 2274 e

14 2295 70 2353 wll
88 2296 173 2354 Suet.
197 2295 263 2354 Tib.
281 2299 327 2354 ll.
346 2299 390 2356 ²⁷.
416 2325 449 2336 -
476 2299 584 2367 eiusque
608 2315 644 2352 ex
668 2263 779 2356 emend.
800 2297 914 2356 Ouiacii
938 2307 967 2356 et
989 2297 1069 2369 laips.
1095 2259 1121 2348 lt
1148 2311 1229 2364 usque

13 2366 59 2422 ils.
85 2377 116 2424 et
141 2369 210 2426 edi.
239 2375 311 2424 vett
342 2399 376 2412 -
403 2369 583 2424 mathurus
605 2368 664 2430 MS.
693 2379 723 2424 et
747 2370 809 2426 cdd.
837 2387 896 2428 rec.
925 2365 1140 2426 assuetissimis
1163 2366 1225 2424 cdd.

13 2436 89 2498 tam.
108 2444 139 2500 ²·
157 2443 187 2498 3.
207 2457 270 2512 sqq.
291 2457 382 2514 nsque
398 2441 435 2496 ad
452 2439 534 2496 Picb.
552 2441 751 2496 materiatis
768 2443 834 2500 Ber.
862 2443 908 2500 ot.
928 2441 964 2498 ad
981 2443 1008 2509 2,
1026 2441 1074 2505 2⁷,
1093 2443 1118 2498 1.

445 2565 639 2622 CAPUT
690 2567 781 2624 xlv,

81 2656 197 2720 Multa
226 2656 364 2720 Petrum
400 2666 435 2720 et
465 2659 503 2719 in
535 2656 719 2744 Angustam
749 2655 907 2722 adulatio.
949 2656 1017 2724 Alii
1048 2655 1227 2738 Parentem,

13 2739 62 2800 alii
79 2742 222 2822 Metram
240 2743 371 2822 patriae
390 2739 639 2824 appellandam
671 2743 758 2824 pleri
779 2761 834 2820 ue,
865 2749 905 2804 ut
926 2744 1054 2812 nomini
1075 2741 1227 2806 Caesaris

12 2825 234 2888 ascriberetur
264 2823 378 2890 Julius
399 2822 509 2905 filius,
531 2825 737 2898 censebant,
760 2761 838 2904 llle,
869 2825 1078 2890 moderandos
1088 2823 1226 2909 semiso-

15 2923 69 2966 run
95 2907 248 2980 bonores,
281 2907 450 2988 dictitent,
482 2907 649 2992 eodemque
674 2927 708 2970 se
737 2911 945 2988 temperantia
965 2913 1226 2986 coercuistis,
1293 2967 1297 2976 .

12 3007 81 3068 pace
101 2991 171 3056 sibi
191 2991 421 3056 tribuerentur.
465 2990 625 3054 Ceterum
645 2991 764 3053 anxius
790 2989 920 3054 invidia
939 3001 974 3056 et
993 2989 1159 3055 muliebre
1180 2997 1226 3056 fa·

13 3073 140 3158 sigium
165 3077 205 3138 in
226 3073 489 3138 deminutionem
519 3075 573 3136 sui
595 3075 761 3158 accipiens
788 3093 831 3149 ne
862 3075 1017 3138 lictorem
1038 3075 1171 3159 quidem
1195 3077 1227 3138 ei

13 3153 139 3219 lmerni
164 3177 284 3241 passus
313 3165 375 3236 est,
407 3175 565 3242 aramque
590 3155 790 3240 Adoptionis
818 3165 853 3220 et
882 3157 948 3220 elia
974 3157 1227 3222 huiuscemodi

14 3241 184 3316 probibuit.
226 3241 274 3303 At
293 3240 495 3305 Germmmc
518 3238 653 3304 Caesari
673 3241 913 3323 proconsulare
939 3243 1120 3326 imperium
1141 3243 1226 3324 peti·
1257 3289 1262 3300 .

13 3323 64 3400 tit,
85 3325 248 3405 missique
263 3325 377 3412 legati,
398 3325 455 3406 qui
472 3323 654 3402 deferrent,
675 3325 773 3386 simul
791 3325 991 3387 maestitiam
1012 3327 1085 3388 cius
1107 3325 1150 3388 ob
1173 3345 1227 3388 ex·

12 3423 131 3468 cusum
151 3407 297 3494 Augusti
318 3409 518 3470 solarentur.
561 3406 635 3470 Quo
655 3407 766 3468 minue
787 3405 876 3470 idern
897 3425 960 3490 pro
980 3407 1093 3471 Druso
1111 3419 1226 3491 postu·
1304 3459 1307 3464 .
1336 3415 1339 3423 “

15 3485 143 3567 leretur,
171 3509 211 3552 ea
232 3509 346 3563 censa,
375 3487 681 3636 quoddessgnetus
703 3487 828 3553 Consul
849 3489 982 3554 Drusus
1006 3511 1226 3576 praesensque
1249 3493 1253 3498 '

14 3579 86 3635 erat.
129 3570 332 3636 candidatos
358 3581 536 3656 praeturae
604 3571 735 3636 odecim
754 3575 954 3654 nominavit,
986 3593 1164 3638 numerum
1184 3575 1225 3637 ab

16 3651 156 3740 luovustc
176 3655 352 3734 traditum,
374 3664 409 3718 ct
428 3655 586 3720 hortante
606 3665 735 3737 senatu,
755 3663 795 3720 ut
815 3665 966 3745 augeret,
986 3658 1063 3721 iure
1083 3655 1226 3722 iurando

17 3735 187 3800 obstrinxit
206 3759 242 3803 sc
263 3760 331 3802 non
353 3758 577 3804 excessurum.

78 3825 105 3875 1.
125 3822 215 3875 Mauo
238 3821 353 3878 rum
368 3822 685 3889 eet.et.niotr‚1t.
712 3830 744 3877 et
760 3822 839 3878 Suet.
858 3822 923 3877 Tib.
941 3825 989 3881 to.
1015 3857 1048 3868 -
1075 3824 1227 3888 Augustum
1253 3883 1255 3890 ,

18 3897 42 3938 st
57 3891 143 3944 latice
153 3891 244 3958 fidas,
261 3912 293 3946 r.
317 3893 355 3948 ad
372 3909 398 3946 c.
418 3896 447 3950 8.
466 3911 497 3946 ιι.
515 3897 543 3950 2.
581 3893 743 3962 „Potentem
766 3903 797 3950 et
822 3895 944 3950 Mum
968 3895 1078 3964 petrin
1106 3895 1226 3950 coniun-

18 3961 116 4032 genda,
132 3979 198 4030 non,
214 3973 250 4018 nt
266 3965 369 4036 plures
387 3965 511 4032 faciunt,
530 3979 631 4032 pereas
648 3962 705 4019 κατ’
724 3961 824 4036 ἐξοχὴν
841 3967 884 4020 sic
902 3967 1139 4046 intelligendum,
1158 3984 1226 4037 pua·

19 4033 39 4082 si
55 4033 116 4085 sola
132 4033 188 4088 dici
204 4037 349 4091 meruerit
364 4049 474 4104 pereat,
492 4053 566 4108 quae
583 4035 736 4092 Tiberium
762 4039 934 4110 peperisset.
971 4039 1007 4092 ln
1031 4037 1152 4108 proprio
1175 4055 1226 4090 au·

19 4109 70 4154 itm
88 4109 120 4156 et
199 4107 223 4159 's
241 4109 370 4184 pucino
388 4109 507 4164 nomine
524 4109 620 4162 matt
637 4110 730 4163 maior
748 4117 793 4163 est
810 4107 931 4163 affectus
950 4105 1115 4163 caritatis.“
1136 4107 1225 4171 W⁰ls·

18 4171 145 4229 Fortasse
229 4187 274 4233 tra
297 4179 466 4252 quaerimus
490 4179 671 4256 significatus
695 4179 865 4254 discrimen,
895 4199 985 4252 quum
1013 4179 1061 4233 illi
1086 4176 1228 4248 εὐφωνίαν

19 4250 127 4298 tntum
142 4256 301 4317 spectarent
319 4251 584 4324 disceptarentque,
603 4259 704 4305 utrum
722 4260 798 4306 esset
816 4253 847 4306 in
865 4251 920 4306 bac
937 4269 975 4306 an
998 4251 1030 4306 in
1049 4251 1102 4304 illa
1121 4249 1227 4303 uoce.“
1268 4307 1269 4312 ,

23 4312 122 4373 usus.
139 4317 375 4386 Quemadmodum
393 4323 506 4392 nomini
524 4322 620 4379 nstris
638 4324 714 4392 inest
731 4325 851 4392 amoris,
869 4324 913 4379 sic
929 4323 1056 4393 portatu
1068 4321 1189 4376 curandi
1198 4330 1227 4376 et
