2762 4788
73 198 246 262 lrlllll0llUbI
264 199 290 261 A
311 199 478 263 'rnol‘ro
501 195 828 264 VULGA'I'OIIUM.
852 197 878 282 ᾗ.
904 197 1064 266 XXVIII.
1116 203 1154 258 cl

34 373 54 440 l.
78 369 186 444 litalns
217 381 265 441 est
301 365 344 444 0.
381 365 548 444 Cornelii
591 367 715 443 Taciti
751 367 936 445 Romanas
973 369 1154 449 historias

33 467 158 542 scribentis
177 493 215 542 er
236 465 301 561 lis,
335 470 398 564 qui
423 469 675 586 reperiuntur,
701 465 816 542 Liber·
837 472 981 642 pamas
1007 473 1082 548 inci
1112 476 1152 548 it.

31 565 88 661 lege
114 565 279 660 [mlicitcr.
344 567 487 641 Similrs
520 568 649 640 titulus
680 571 810 642 ceteris
859 572 948 643 'bris
974 597 1059 668 prae
1086 599 1153 647 xus

31 669 105 738 ain
122 677 155 738 nl
174 667 247 738 libri
268 668 339 742 XI.
365 667 493 742 ordine
532 677 781 741 numerentur·
812 669 858 744 II.
913 667 958 746 G.
986 669 1156 748 Gorrrclii

33 765 104 838 Icari
120 765 281 864 Dialogus
306 759 353 840 de
381 763 608 840 Oratoribus
633 765 822 862 foeliciter
847 769 991 872 incipit.
1021 773 1088 847 111.
1106 771 1152 850 0.

27 862 133 940 lurrlii
167 863 276 940 Taciti
309 865 356 939 de
386 866 534 962 origiue
567 881 605 938 et
637 866 713 940 situ
747 864 973 942 Germaniae.
1012 873 1077 946 IV.
1107 871 1152 950 0.

27 962 132 1038 sorra
155 964 348 1062 Tranquilli
372 963 418 1039 de
434 963 692 1040 Grammaticis
718 978 755 1038 et
775 963 1001 1042 Rictoribus
1026 971 1155 1063 libelli,

27 1067 213 1160 dirripiunt
234 1069 301 1138 sab
326 1067 437 1138 unico
474 1065 582 1138 titrrlo
615 1076 652 1137 et
682 1069 810 1161 capite.
868 1067 986 1141 Tituli
1020 1071 1154 1142 codicis

1192 2 1356 9 ——q—

27 1187 97 1234 mnes
115 1168 215 1237 aureis
238 1178 272 1238 et
296 1165 462 1262 pulchris
487 1165 603 1237 literis
617 1168 816 1260 conspicui.
856 1167 1000 1240 Liberae
1027 1193 1154 1242 omnes
1237 1209 1240 1215 ·

27 1262 118 1335 nitidos
137 1277 263 1338 saraae
288 1278 325 1338 et
350 1263 607 1337 sollertissime¹
627 1267 801 1360 expictae.
861 1265 958 1340 Orac
984 1269 1154 1340 omnium

27 1365 175 1455 pginamm,
198 1367 234 1436 in
258 1365 392 1461 quibus
417 1363 504 1436 libri
528 1366 680 1438 initium
706 1374 772 1456 est,
798 1365 927 1438 saltem
954 1392 999 1438 ex
1024 1390 1155 1463 magna

26 1471 84 1554 pis,
101 1487 232 1559 operose
255 1476 291 1536 et
315 1463 509 1560 diligenter
533 1467 661 1560 pictae.
713 1465 861 1537 Primae
899 1468 1052 1560 paginae
1090 1491 1154 1539 ora

26 1561 316 1736 nireranmppium
342 1565 602 1735 opprosishsime
633 1567 734 1681 sario
759 1563 881 1737 aplolrve
908 1575 945 1638 et
964 1564 1154 1738 simio

26 1679 95 1730 noma
242 1685 304 1736 aec
341 1687 384 1734 ca
412 1683 476 1734 rcrs
533 1687 712 1734 arnesmm
744 1687 788 1735 ve
872 1687 913 1735 ea
941 1689 992 1736 or
1119 1689 1154 1737 e-

26 1759 107 1850 rn'ptio
134 1785 197 1832 una
227 1786 312 1834 cum
338 1760 438 1833 Lect.
465 1763 549 1835 Var.
585 1765 624 1832 in
651 1761 805 1855 Dialogo
831 1765 877 1834 de
903 1687 1156 1837 (datoribusa

26 1851 163 1954 illrtligio
186 1861 340 1952 Saxone,
374 1861 440 1956 qui
463 1860 601 1932 Romrw
627 1887 660 1934 a.
692 1859 795 1937 1830.
823 1871 991 1934 mortuns
1016 1875 1083 1954 est,
1109 1865 1155 1938 ad

26 1953 203 2032 lisderlinum
235 1961 335 2034 Proi.
376 1958 523 2054 Erlang.
563 1971 600 2033 et
641 1961 688 2032 ab
725 1959 797 2031 hoc
839 1959 885 2034 ad
916 1961 1155 2036 Waltherum

26 2057 76 2125 lissa
101 2071 173 2133 erat
197 2087 230 2132 v.
256 2061 369 2134 huius
394 2061 479 2132 edit.
506 2060 592 2132 Tac.
620 2061 664 2132 T.
692 2059 757 2132 IV.
788 2061 830 2130 ‘in
856 2059 973 2131 Praei.
1000 2085 1038 2156 p.
1065 2063 1153 2137 Vll.

26 2149 71 2228 lll.
90 2169 117 2230 et
137 2161 196 2234 inl.
220 2185 256 2256 p.
273 2159 414 2232 CVIII.
430 2157 529 2232 CIX.
568 2158 755 2232 Broterius
781 2169 817 2232 et
830 2158 1030 2232 Oberlinus
1056 2185 1154 2254 egre-

25 2253 166 2344 lrnhanc
189 2261 354 2334 codicem
380 2261 557 2355 putabant
581 2259 741 2332 eundem
767 2281 846 2330 esse
873 2281 958 2330 cum
979 2259 1155 2331 Vaticano

25 2349 71 2426 itt.
89 2383 105 2428 a
125 2383 189 2456 quo
213 2371 339 2432 nmen
365 2383 438 2432 non
466 2381 547 2430 raro
571 2359 761 2454 discrepat.

68 2457 105 2531 ll.
128 2457 446 2560 Guelferbytanus,
471 2459 772 2531 membranaceus
798 2469 834 2531 et
858 2459 973 2531 nitide
986 2460 1154 2558 scriptus,

25 2545 248 2632 briennico
283 2583 315 2630 a.
352 2559 456 2635 1461.
489 2583 520 2630 a.
557 2559 597 2630 P.
626 2555 811 2650 candido,
850 2559 983 2632 deinde
1015 2559 1156 2632 aMsr-

25 2655 89 2726 urdo
106 2659 218 2732 Gudio
256 2669 405 2754 emptus
444 2669 480 2730 et
516 2659 666 2731 tandem
704 2657 844 2730 delatus
881 2657 922 2729 in
960 2657 1156 2732 bibliothe-

25 2769 50 2820 tn
83 2757 406 2856 Guelferbytsnam,
449 2759 515 2829 ubi
562 2769 616 2830 est
661 2755 758 2830 Gud.
799 2759 881 2834 118.
947 2755 1157 2853 Scripturas

25 2853 128 2930 nabbe
157 2859 337 2955 primunr,
375 2861 441 2933 sed
480 2857 703 2956 negligenter
740 2858 921 2954 excerpsit
954 2857 1156 2948 Ernestius,
1276 2889 1279 2898 ¹

25 2951 83 3026 riori
102 2981 179 3030 cura
204 2957 472 3047 Strambecius,
499 2957 563 3030 sed
589 2959 857 3029 accuratissime
883 2955 1066 3046 Walther,
1093 2959 1158 3052 qui

25 3047 66 3122 bn
85 3057 159 3129 baec
182 3059 388 3130 annotavit:
429 3055 580 3148 „Codex
606 3055 836 3150 compendiis
861 3057 977 3128 utitur
1003 3053 1157 3148 vulgari-

25 3165 81 3225 ter
106 3156 276 3252 singulari
313 3155 582 3251 orthographia,
618 3181 651 3225 v.
679 3177 710 3226 c.
738 3156 833 3252 quoi,
867 3153 1006 3250 quoius,
1041 3173 1157 3250 quom,

25 3263 62 3336 'fr
85 3279 212 3348 soccus,
245 3255 339 3358 (pro
367 3255 516 3346 saevus)
553 3255 724 3352 seruitia,
751 3267 867 3346 ortus,
904 3253 985 3348 (pro
1010 3247 1156 3339 hortus)

25 3361 87 3444 ptos,
99 3355 352 3453 (precaeptum)
367 3356 503 3447 coartio,
532 3353 754 3444 contionari,
769 3349 918 3456 pirama,
933 3353 1014 3448 (pro
1042 3351 1158 3444 fama)

25 3461 108 3543 blus,
144 3455 229 3552 (pro
255 3454 449 3552 mestus)
480 3457 644 3552 adquam,
671 3453 753 3548 (pro
766 3451 961 3550 numquam)
985 3448 1045 3542 mci,
1075 3450 1159 3547 (pro

25 3545 56 3632 Ι)
73 3570 198 3648 comus,
231 3555 320 3652 (pro
345 3553 513 3645 coactus)
538 3555 719 3642 acciacae,
753 3551 839 3647 (pro
865 3549 1072 3640 accinctus)
1098 3551 1159 3624 im-

25 3659 135 3760 !tccrra,
172 3656 331 3758 impare,
369 3651 454 3748 (pro
480 3655 517 3727 irr
571 3651 655 3741 ace)
694 3665 878 3747 sequutus,
916 3646 999 3723 mile
1036 3659 1074 3720 st
1110 3649 1153 3720 al.

25 3749 116 3826 ntem
137 3767 192 3827 est
217 3753 382 3828 familiae
406 3778 492 3826 cum
547 3752 614 3826 SS.
632 3750 907 3824 oxoniensibus
934 3759 971 3820 et
994 3748 1158 3844 plerum·

25 3859 120 3924 terrm
147 3855 207 3926 his
241 3856 296 3926 ita
330 3855 523 3948 conspirat,
561 3863 602 3924 ut
633 3875 678 3924 ex
710 3877 754 3923 eo
787 3852 906 3947 possis
940 3849 1168 3944 scripturam·
1289 3907 1295 3930 ,

25 3935 204 4027 luirnaum
245 3955 424 4044 divinare,
463 3953 507 4032 si.
537 3951 683 4047 quando
721 3949 909 4024 Broterius
955 3972 1037 4020 eam
1084 3972 1159 4018 nan

25 4045 111 4123 illidit
172 4052 316 4128 Multae
349 4055 476 4126 insunt
507 4053 749 4126 correctiones
775 4077 796 4122 a
821 4049 1020 4122 recentiore
1046 4071 1158 4118 manu

25 4155 188 4314 :aquae
229 4153 453 4251 plerumque
486 4143 720 4224 consentiunt
756 4175 842 4224 cnm
885 4149 1043 4220 editione
1075 4145 1159 4238 Spi-
