2762 4788
177 169 287 224 (mm
348 167 482 234 HUIUS
503 167 618 232 EDlT.
642 165 814 232 CONSIL.
837 167 894 230 ΕΤ
914 165 1061 231 RATIO.
1091 152 1119 248 §ss
1139 163 1290 230 XXXIV.

177 363 337 452 quorum
370 339 459 411 alter
495 339 542 409 ad
565 334 666 410 Hist.
694 336 728 428 3,
753 339 787 413 5
815 338 904 410 alter
930 339 976 409 ad
1002 335 1129 410 Germ.
1158 359 1191 408 c.
1220 335 1272 408 12.
1287 359 1368 448 'per

176 437 280 530 tinet,
317 435 474 510 minoris
512 449 598 510 sunt
622 435 745 533 pretii,
786 447 822 510 et
858 433 981 510 brevis
1018 461 1147 549 eorum
1185 431 1316 507 mentio
1338 435 1368 507 in

175 537 421 611 Annotatione
446 536 556 625 facta)
594 539 659 609 sed
690 534 875 650 plerisque
906 533 1104 640 praeposui
1136 533 1298 610 eiusdem
1320 559 1368 620 ιιι

175 635 288 710 ctoris
313 649 416 710 notas
454 647 551 708 arcte
576 659 666 708 cum
701 635 749 708 iis
782 637 1027 728 cohaerentes,
1067 646 1104 707 et
1141 633 1269 708 multis
1293 621 1368 704 locis

175 735 256 834 ipsa
283 749 448 810 vetenrm
477 731 699 832 s'criptorum
727 739 837 809 verba
864 735 996 810 delevi.

274 837 462 908 Praeterea
487 847 560 908 tres
586 845 622 908 et
646 833 852 909 uberrimos
878 834 1023 908 confeci
1049 826 1205 927 Indices,
1231 843 1368 945 quorum

175 933 318 1050 primus
344 937 473 1008 adres
499 961 520 1006 a
544 931 677 1008 Tacito
704 945 884 1047 tractatas,
925 932 1038 1008 ceteri
1064 937 1109 1008 ad
1135 931 1335 1008 latinam
1308 957 1368 1012 erus

174 1034 401 1108 locutionem
436 1045 613 1149 spectant.
666 1032 770 1107 Huic
804 1035 906 1107 enim
937 1031 1054 1107 labori
1092 1037 1259 1108 nondum
1290 1033 1368 1130 quis

177 1159 289 1232 quarn
314 1159 352 1207 se
377 1136 588 1208 accinxerat
612 1146 752 1230 praeter
776 1131 1057 1208 Boetticherum
1082 1147 1119 1206 et
1142 1135 1368 1210 Waltherum

174 1233 281 1308 Illius
306 1259 393 1307 vero
417 1232 584 1307 Lexicon
609 1231 817 1326 Taciteum,
858 1232 928 1307 etsi
958 1236 1092 1330 grande
1125 1245 1179 1345 est
1210 1245 1250 1306 st
1274 1237 1368 1306 bonae

97 1335 98 1339 ’
173 1331 283 1446 frugi,
308 1333 483 1447 pauciora
506 1331 774 1429 complectitur
798 1331 927 1431 cique
943 1331 1071 1406 ordine
1105 1331 1232 1406 minus
1263 1331 1368 1406 lucido

174 1430 336 1528 digestam
360 1432 473 1507 huius
496 1458 599 1505 mors
625 1442 854 1528 praematura
879 1459 984 1530 spem
999 1430 1148 1506 consilii
1166 1427 1368 1528 exsequendi

174 1531 376 1628 praecidit,
421 1557 533 1628 quam
579 1543 702 1604 tamen
740 1533 902 1646 explebit
943 1534 1163 1629 propediem
1200 1534 1363 1606 Eckstein

175 1629 401 1704 Cetenrm
389 1655 469 1744 lpse
503 1628 635 1704 intime
668 1633 805 1724 sentio,
842 1657 926 1704 mea
961 1657 1070 1745 opera
1107 1657 1181 1704 non
1221 1629 1363 1704 satisfier

174 1756 283 1844 posse
327 1729 500 1804 iudicum
543 1728 769 1804 severiorum
813 1729 1019 1806 desideriis.
1085 1729 1290 1806 Contentus
1324 1737 1368 1812 ert

174 1828 275 1904 viam
307 1828 506 1922 muniisse,
546 1839 583 1902 et
616 1829 722 1903 valde
757 1830 932 1922 laetabor,
971 1828 1004 1904 si
1044 1827 1109 1902 alii
1150 1831 1368 1942 fundamentp

175 1955 197 2002 a
233 1955 295 2002 me
332 1929 432 2002 iacto
470 1929 618 2040 melius·
644 1928 858 2003 aedificium
895 1928 1218 2042 superstruxerint
1280 1931 1368 2012 Plura

175 2055 321 2127 quoque
347 2027 543 2119 dedissem,
579 2025 653 2100 nisi
690 2027 742 2101 ita
774 2027 949 2104 editionis
987 2026 1098 2103 huius
1131 2031 1251 2104 moles
1277 2026 1368 2112 nimii

176 2129 406 2204 excrevisset

276 2279 416 2380 Scripsi
441 2281 573 2358 Stadae
598 2281 677 2356 Kal.
706 2282 787 2356 Oct
815 2307 844 2354 a.
873 2281 1226 2402 MDCCCXXXIII.
1367 2221 1368 2254 z
