<?xml version="1.0" encoding="UTF-8"?>
<!DOCTYPE html PUBLIC "-//W3C//DTD XHTML 1.0 Transitional//EN"
    "http://www.w3.org/TR/xhtml1/DTD/xhtml1-transitional.dtd">
<html xmlns="http://www.w3.org/1999/xhtml" xml:lang="en" lang="en">
 <head>
  <title>
</title>
<meta http-equiv="Content-Type" content="text/html;charset=utf-8" />
  <meta name='ocr-system' content='tesseract 3.04.00' />
  <meta name='ocr-capabilities' content='ocr_page ocr_carea ocr_par ocr_line ocrx_word'/>
</head>
<body>
  <div class='ocr_page' id='page_1' title='image "./ccorneliitaciti28tacigoog/ccorneliitaciti28tacigoog_0086.png"; bbox 0 0 2774 4784; ppageno 0'>
   <div class='ocr_carea' id='block_1_1' title="bbox 224 195 1197 284">
    <p class='ocr_par' dir='ltr' id='par_1_1' title="bbox 224 195 1197 284">
     <span class='ocr_line' id='line_1_1' title="bbox 224 195 1197 284; baseline -0.015 -16"><span class='ocrx_word' id='word_1_1' title='bbox 224 201 283 268; x_wconf 84' lang='lat' dir='ltr'><strong>DE</strong></span> <span class='ocrx_word' id='word_1_2' title='bbox 304 199 419 264; x_wconf 81' lang='lat' dir='ltr'>ARTE</span> <span class='ocrx_word' id='word_1_3' title='bbox 441 197 678 264; x_wconf 70' lang='lat' dir='ltr'><strong>ouauourrt.</strong></span> <span class='ocrx_word' id='word_1_4' title='bbox 721 199 749 284; x_wconf 63' lang='lat' dir='ltr'><strong>d.</strong></span> <span class='ocrx_word' id='word_1_5' title='bbox 772 195 849 263; x_wconf 81' lang='lat' dir='ltr'><strong>XX.</strong></span> <span class='ocrx_word' id='word_1_6' title='bbox 863 197 956 263; x_wconf 88' lang='lat' dir='ltr'>XXI.</span> <span class='ocrx_word' id='word_1_7' title='bbox 1069 197 1197 254; x_wconf 74' lang='lat' dir='ltr'><strong>mvn</strong></span> 
     </span>
    </p>
   </div>
   <div class='ocr_carea' id='block_1_2' title="bbox 26 363 1200 2235">
    <p class='ocr_par' dir='ltr' id='par_1_2' title="bbox 26 363 1200 2235">
     <span class='ocr_line' id='line_1_2' title="bbox 35 363 1197 466; baseline 0.003 -26"><span class='ocrx_word' id='word_1_8' title='bbox 35 371 175 442; x_wconf 75' lang='lat' dir='ltr'><strong>videamur</strong></span> <span class='ocrx_word' id='word_1_9' title='bbox 193 363 272 454; x_wconf 60' lang='grc' dir='ltr'><strong>31).Ι</strong></span> <span class='ocrx_word' id='word_1_10' title='bbox 301 371 363 443; x_wconf 86' lang='lat' dir='ltr'><strong>Ad</strong></span> <span class='ocrx_word' id='word_1_11' title='bbox 395 393 486 466; x_wconf 90' lang='lat' dir='ltr'><strong>quae</strong></span> <span class='ocrx_word' id='word_1_12' title='bbox 503 379 712 465; x_wconf 51' lang='lat' dir='ltr'><strong>‚praecepta</strong></span> <span class='ocrx_word' id='word_1_13' title='bbox 743 369 776 442; x_wconf 87' lang='lat' dir='ltr'><strong>si</strong></span> <span class='ocrx_word' id='word_1_14' title='bbox 806 369 967 464; x_wconf 73' lang='lat' dir='ltr'>exegeris</span> <span class='ocrx_word' id='word_1_15' title='bbox 1009 367 1197 464; x_wconf 77' lang='lat' dir='ltr'><strong>dialogum</strong></span> 
     </span>
     <span class='ocr_line' id='line_1_3' title="bbox 34 467 1197 564; baseline 0.002 -26"><span class='ocrx_word' id='word_1_16' title='bbox 34 481 165 561; x_wconf 73' lang='lat' dir='ltr'><strong>natum,</strong></span> <span class='ocrx_word' id='word_1_17' title='bbox 186 471 351 542; x_wconf 78' lang='lat' dir='ltr'><strong>fateberis</strong></span> <span class='ocrx_word' id='word_1_18' title='bbox 375 469 550 564; x_wconf 82' lang='lat' dir='ltr'><strong>profecto,</strong></span> <span class='ocrx_word' id='word_1_19' title='bbox 584 493 672 542; x_wconf 92' lang='lat' dir='ltr'><strong>eum</strong></span> <span class='ocrx_word' id='word_1_20' title='bbox 705 470 848 564; x_wconf 85' lang='lat' dir='ltr'><strong>egregie</strong></span> <span class='ocrx_word' id='word_1_21' title='bbox 881 470 926 542; x_wconf 89' lang='lat' dir='ltr'><strong>ad</strong></span> <span class='ocrx_word' id='word_1_22' title='bbox 959 467 1025 540; x_wconf 88' lang='lat' dir='ltr'><strong>illa</strong></span> <span class='ocrx_word' id='word_1_23' title='bbox 1056 471 1197 542; x_wconf 81' lang='lat' dir='ltr'><strong>consor-</strong></span> 
     </span>
     <span class='ocr_line' id='line_1_4' title="bbox 33 569 1198 664; baseline 0.003 -27"><span class='ocrx_word' id='word_1_24' title='bbox 33 581 134 640; x_wconf 84' lang='lat' dir='ltr'><strong>rnatum</strong></span> <span class='ocrx_word' id='word_1_25' title='bbox 154 581 187 642; x_wconf 88' lang='lat' dir='ltr'><strong>et</strong></span> <span class='ocrx_word' id='word_1_26' title='bbox 207 572 303 642; x_wconf 82' lang='lat' dir='ltr'><strong>acuti</strong></span> <span class='ocrx_word' id='word_1_27' title='bbox 325 570 466 664; x_wconf 90' lang='lat' dir='ltr'><strong>ingenii</strong></span> <span class='ocrx_word' id='word_1_28' title='bbox 496 569 613 641; x_wconf 87' lang='lat' dir='ltr'><strong>letum</strong></span> <span class='ocrx_word' id='word_1_29' title='bbox 645 592 737 641; x_wconf 83' lang='lat' dir='ltr'><strong>esse.</strong></span> <span class='ocrx_word' id='word_1_30' title='bbox 787 571 916 664; x_wconf 91' lang='lat' dir='ltr'><strong>Itaque</strong></span> <span class='ocrx_word' id='word_1_31' title='bbox 946 569 1112 664; x_wconf 80' lang='lat' dir='ltr'><strong>primum</strong></span> <span class='ocrx_word' id='word_1_32' title='bbox 1145 571 1198 640; x_wconf 82' lang='lat' dir='ltr'><strong>vi-</strong></span> 
     </span>
     <span class='ocr_line' id='line_1_5' title="bbox 32 667 1198 764; baseline 0.004 -27"><span class='ocrx_word' id='word_1_33' title='bbox 32 669 149 761; x_wconf 87' lang='lat' dir='ltr'><strong>deamus,</strong></span> <span class='ocrx_word' id='word_1_34' title='bbox 171 671 330 764; x_wconf 80' lang='lat' dir='ltr'>quinam,</span> <span class='ocrx_word' id='word_1_35' title='bbox 356 669 489 741; x_wconf 90' lang='lat' dir='ltr'><strong>deinde</strong></span> <span class='ocrx_word' id='word_1_36' title='bbox 515 669 562 740; x_wconf 92' lang='lat' dir='ltr'><strong>de</strong></span> <span class='ocrx_word' id='word_1_37' title='bbox 594 691 667 764; x_wconf 92' lang='lat' dir='ltr'><strong>quo</strong></span> <span class='ocrx_word' id='word_1_38' title='bbox 693 678 729 740; x_wconf 88' lang='lat' dir='ltr'><strong>et</strong></span> <span class='ocrx_word' id='word_1_39' title='bbox 755 668 943 764; x_wconf 89' lang='lat' dir='ltr'><strong>quomodo</strong></span> <span class='ocrx_word' id='word_1_40' title='bbox 980 667 1038 738; x_wconf 90' lang='lat' dir='ltr'><strong>illi</strong></span> <span class='ocrx_word' id='word_1_41' title='bbox 1071 669 1198 764; x_wconf 86' lang='lat' dir='ltr'><strong>dispu-</strong></span> 
     </span>
     <span class='ocr_line' id='line_1_6' title="bbox 30 768 1198 865; baseline 0.003 -29"><span class='ocrx_word' id='word_1_42' title='bbox 30 771 156 860; x_wconf 78' lang='lat' dir='ltr'><strong>urerint3</strong></span> <span class='ocrx_word' id='word_1_43' title='bbox 177 793 262 840; x_wconf 89' lang='lat' dir='ltr'><strong>nam</strong></span> <span class='ocrx_word' id='word_1_44' title='bbox 289 781 499 865; x_wconf 71' lang='lat' dir='ltr'><strong>utriunque,</strong></span> <span class='ocrx_word' id='word_1_45' title='bbox 531 778 790 863; x_wconf 77' lang='lat' dir='ltr'>argumentum</span> <span class='ocrx_word' id='word_1_46' title='bbox 824 779 861 838; x_wconf 91' lang='lat' dir='ltr'><strong>et</strong></span> <span class='ocrx_word' id='word_1_47' title='bbox 893 768 1052 841; x_wconf 85' lang='lat' dir='ltr'><strong>sormam</strong></span> <span class='ocrx_word' id='word_1_48' title='bbox 1085 769 1198 840; x_wconf 87' lang='lat' dir='ltr'><strong>eollo-</strong></span> 
     </span>
     <span class='ocr_line' id='line_1_7' title="bbox 30 867 1199 964; baseline 0.003 -26"><span class='ocrx_word' id='word_1_49' title='bbox 30 869 92 962; x_wconf 83' lang='lat' dir='ltr'><strong>quii,</strong></span> <span class='ocrx_word' id='word_1_50' title='bbox 110 871 303 964; x_wconf 88' lang='lat' dir='ltr'><strong>iungamus,</strong></span> <span class='ocrx_word' id='word_1_51' title='bbox 327 893 375 940; x_wconf 88' lang='lat' dir='ltr'><strong>ns</strong></span> <span class='ocrx_word' id='word_1_52' title='bbox 400 869 529 950; x_wconf 86' lang='lat' dir='ltr'><strong>eadem</strong></span> <span class='ocrx_word' id='word_1_53' title='bbox 555 870 700 963; x_wconf 88' lang='lat' dir='ltr'><strong>saepius</strong></span> <span class='ocrx_word' id='word_1_54' title='bbox 735 867 952 940; x_wconf 85' lang='lat' dir='ltr'><strong>inculcanda</strong></span> <span class='ocrx_word' id='word_1_55' title='bbox 990 869 1065 939; x_wconf 84' lang='lat' dir='ltr'><strong>sint</strong></span> <span class='ocrx_word' id='word_1_56' title='bbox 1097 879 1134 940; x_wconf 90' lang='lat' dir='ltr'><strong>et</strong></span> <span class='ocrx_word' id='word_1_57' title='bbox 1157 870 1199 942; x_wconf 93' lang='lat' dir='ltr'><strong>in</strong></span> 
     </span>
     <span class='ocr_line' id='line_1_8' title="bbox 30 964 1198 1065; baseline 0.003 -26"><span class='ocrx_word' id='word_1_58' title='bbox 30 970 119 1060; x_wconf 85' lang='lat' dir='ltr'><strong>primis</strong></span> <span class='ocrx_word' id='word_1_59' title='bbox 140 993 186 1058; x_wconf 87' lang='lat' dir='ltr'><strong>ea,</strong></span> <span class='ocrx_word' id='word_1_60' title='bbox 216 993 310 1065; x_wconf 89' lang='lat' dir='ltr'><strong>qnae</strong></span> <span class='ocrx_word' id='word_1_61' title='bbox 335 969 382 1042; x_wconf 88' lang='lat' dir='ltr'><strong>de</strong></span> <span class='ocrx_word' id='word_1_62' title='bbox 414 968 474 1040; x_wconf 83' lang='lat' dir='ltr'><strong>lais</strong></span> <span class='ocrx_word' id='word_1_63' title='bbox 498 971 573 1038; x_wconf 89' lang='lat' dir='ltr'><strong>iam</strong></span> <span class='ocrx_word' id='word_1_64' title='bbox 606 969 768 1040; x_wconf 85' lang='lat' dir='ltr'><strong>diximus</strong></span> <span class='ocrx_word' id='word_1_65' title='bbox 805 968 846 1040; x_wconf 89' lang='lat' dir='ltr'><strong>in</strong></span> <span class='ocrx_word' id='word_1_66' title='bbox 872 964 1077 1042; x_wconf 75' lang='lat' dir='ltr'><strong>Breviarto</strong></span> <span class='ocrx_word' id='word_1_67' title='bbox 1103 967 1198 1042; x_wconf 81' lang='lat' dir='ltr'><strong>Dia-</strong></span> 
     </span>
     <span class='ocr_line' id='line_1_9' title="bbox 30 1065 1198 1163; baseline 0.003 -27"><span class='ocrx_word' id='word_1_68' title='bbox 30 1065 88 1163; x_wconf 80' lang='lat' dir='ltr'><strong>logr&#39;.</strong></span> <span class='ocrx_word' id='word_1_69' title='bbox 130 1067 295 1140; x_wconf 85' lang='lat' dir='ltr'><strong>Cetemm</strong></span> <span class='ocrx_word' id='word_1_70' title='bbox 321 1069 404 1140; x_wconf 85' lang='lat' dir='ltr'><strong>talis</strong></span> <span class='ocrx_word' id='word_1_71' title='bbox 428 1069 593 1140; x_wconf 79' lang='lat' dir='ltr'><strong>tractatio</strong></span> <span class='ocrx_word' id='word_1_72' title='bbox 618 1069 673 1138; x_wconf 90' lang='lat' dir='ltr'><strong>rei</strong></span> <span class='ocrx_word' id='word_1_73' title='bbox 705 1078 742 1140; x_wconf 88' lang='lat' dir='ltr'><strong>et</strong></span> <span class='ocrx_word' id='word_1_74' title='bbox 767 1069 988 1163; x_wconf 80' lang='lat' dir='ltr'>quaestionis</span> <span class='ocrx_word' id='word_1_75' title='bbox 1019 1069 1198 1161; x_wconf 85' lang='lat' dir='ltr'><strong>gravioris</strong></span> 
     </span>
     <span class='ocr_line' id='line_1_10' title="bbox 29 1166 1198 1262; baseline 0.004 -27"><span class='ocrx_word' id='word_1_76' title='bbox 29 1193 74 1237; x_wconf 86' lang='lat' dir='ltr'><strong>aon</strong></span> <span class='ocrx_word' id='word_1_77' title='bbox 93 1171 200 1240; x_wconf 87' lang='lat' dir='ltr'><strong>minus</strong></span> <span class='ocrx_word' id='word_1_78' title='bbox 224 1169 321 1241; x_wconf 87' lang='lat' dir='ltr'><strong>valet</strong></span> <span class='ocrx_word' id='word_1_79' title='bbox 346 1169 392 1240; x_wconf 90' lang='lat' dir='ltr'><strong>ad</strong></span> <span class='ocrx_word' id='word_1_80' title='bbox 417 1193 499 1240; x_wconf 90' lang='lat' dir='ltr'><strong>eam</strong></span> <span class='ocrx_word' id='word_1_81' title='bbox 524 1167 780 1240; x_wconf 77' lang='lat' dir='ltr'><strong>illustrandam</strong></span> <span class='ocrx_word' id='word_1_82' title='bbox 813 1177 850 1238; x_wconf 89' lang='lat' dir='ltr'><strong>et</strong></span> <span class='ocrx_word' id='word_1_83' title='bbox 873 1167 958 1262; x_wconf 90' lang='lat' dir='ltr'><strong>plus</strong></span> <span class='ocrx_word' id='word_1_84' title='bbox 992 1166 1068 1238; x_wconf 87' lang='lat' dir='ltr'><strong>fere</strong></span> <span class='ocrx_word' id='word_1_85' title='bbox 1097 1167 1198 1262; x_wconf 87' lang='lat' dir='ltr'><strong>inge-</strong></span> 
     </span>
     <span class='ocr_line' id='line_1_11' title="bbox 28 1265 1199 1362; baseline 0.003 -28"><span class='ocrx_word' id='word_1_86' title='bbox 28 1267 59 1336; x_wconf 86' lang='lat' dir='ltr'><strong>nii</strong></span> <span class='ocrx_word' id='word_1_87' title='bbox 83 1279 110 1339; x_wconf 86' lang='lat' dir='ltr'><strong>et</strong></span> <span class='ocrx_word' id='word_1_88' title='bbox 138 1269 346 1342; x_wconf 84' lang='lat' dir='ltr'><strong>eruditionis</strong></span> <span class='ocrx_word' id='word_1_89' title='bbox 372 1269 495 1362; x_wconf 84' lang='lat' dir='ltr'><strong>exigit,</strong></span> <span class='ocrx_word' id='word_1_90' title='bbox 534 1291 645 1362; x_wconf 87' lang='lat' dir='ltr'><strong>quam</strong></span> <span class='ocrx_word' id='word_1_91' title='bbox 678 1267 938 1340; x_wconf 88' lang='lat' dir='ltr'><strong>mathematica</strong></span> <span class='ocrx_word' id='word_1_92' title='bbox 968 1276 1004 1338; x_wconf 87' lang='lat' dir='ltr'><strong>et</strong></span> <span class='ocrx_word' id='word_1_93' title='bbox 1035 1265 1199 1362; x_wconf 82' lang='lat' dir='ltr'><strong>philoso-</strong></span> 
     </span>
     <span class='ocr_line' id='line_1_12' title="bbox 27 1365 1198 1460; baseline 0.004 -26"><span class='ocrx_word' id='word_1_94' title='bbox 27 1366 100 1457; x_wconf 84' lang='lat' dir='ltr'><strong>phica</strong></span> <span class='ocrx_word' id='word_1_95' title='bbox 127 1369 180 1442; x_wconf 90' lang='lat' dir='ltr'><strong>vel</strong></span> <span class='ocrx_word' id='word_1_96' title='bbox 213 1369 406 1459; x_wconf 89' lang='lat' dir='ltr'><strong>rhetorica,</strong></span> <span class='ocrx_word' id='word_1_97' title='bbox 431 1367 518 1440; x_wconf 87' lang='lat' dir='ltr'><strong>lieet</strong></span> <span class='ocrx_word' id='word_1_98' title='bbox 541 1370 580 1437; x_wconf 94' lang='lat' dir='ltr'><strong>in</strong></span> <span class='ocrx_word' id='word_1_99' title='bbox 607 1367 666 1438; x_wconf 89' lang='lat' dir='ltr'><strong>his</strong></span> <span class='ocrx_word' id='word_1_100' title='bbox 693 1366 798 1438; x_wconf 90' lang='lat' dir='ltr'><strong>doote</strong></span> <span class='ocrx_word' id='word_1_101' title='bbox 823 1376 859 1438; x_wconf 89' lang='lat' dir='ltr'><strong>et</strong></span> <span class='ocrx_word' id='word_1_102' title='bbox 882 1367 1071 1460; x_wconf 77' lang='lat' dir='ltr'><strong>ingeniose</strong></span> <span class='ocrx_word' id='word_1_103' title='bbox 1106 1365 1198 1439; x_wconf 88' lang='lat' dir='ltr'><strong>luci-</strong></span> 
     </span>
     <span class='ocr_line' id='line_1_13' title="bbox 26 1465 1199 1562; baseline 0.005 -28"><span class='ocrx_word' id='word_1_104' title='bbox 26 1465 109 1560; x_wconf 86' lang='lat' dir='ltr'><strong>doque</strong></span> <span class='ocrx_word' id='word_1_105' title='bbox 138 1470 260 1540; x_wconf 87' lang='lat' dir='ltr'><strong>ordine</strong></span> <span class='ocrx_word' id='word_1_106' title='bbox 294 1468 407 1540; x_wconf 89' lang='lat' dir='ltr'><strong>dubia</strong></span> <span class='ocrx_word' id='word_1_107' title='bbox 436 1478 480 1550; x_wconf 87' lang='lat' dir='ltr'><strong>et</strong></span> <span class='ocrx_word' id='word_1_108' title='bbox 505 1469 660 1538; x_wconf 86' lang='lat' dir='ltr'><strong>obscura</strong></span> <span class='ocrx_word' id='word_1_109' title='bbox 695 1477 731 1537; x_wconf 87' lang='lat' dir='ltr'><strong>et</strong></span> <span class='ocrx_word' id='word_1_110' title='bbox 764 1469 945 1538; x_wconf 83' lang='lat' dir='ltr'><strong>contraria</strong></span> <span class='ocrx_word' id='word_1_111' title='bbox 970 1475 1199 1562; x_wconf 82' lang='lat' dir='ltr'><strong>exponantur</strong></span> 
     </span>
     <span class='ocr_line' id='line_1_14' title="bbox 27 1564 1199 1660; baseline 0.006 -27"><span class='ocrx_word' id='word_1_112' title='bbox 27 1577 48 1634; x_wconf 80' lang='lat' dir='ltr'><strong>et</strong></span> <span class='ocrx_word' id='word_1_113' title='bbox 64 1571 263 1660; x_wconf 73' lang='lat' dir='ltr'><strong>argumentis</strong></span> <span class='ocrx_word' id='word_1_114' title='bbox 288 1578 383 1639; x_wconf 86' lang='lat' dir='ltr'><strong>arcte</strong></span> <span class='ocrx_word' id='word_1_115' title='bbox 409 1569 582 1638; x_wconf 84' lang='lat' dir='ltr'><strong>connexis</strong></span> <span class='ocrx_word' id='word_1_116' title='bbox 614 1564 852 1660; x_wconf 84' lang='lat' dir='ltr'><strong>explicentur.</strong></span> <span class='ocrx_word' id='word_1_117' title='bbox 903 1565 1045 1638; x_wconf 87' lang='lat' dir='ltr'><strong>Eadem</strong></span> <span class='ocrx_word' id='word_1_118' title='bbox 1076 1575 1113 1636; x_wconf 87' lang='lat' dir='ltr'><strong>et</strong></span> <span class='ocrx_word' id='word_1_119' title='bbox 1136 1592 1199 1640; x_wconf 88' lang='lat' dir='ltr'><strong>au-</strong></span> 
     </span>
     <span class='ocr_line' id='line_1_15' title="bbox 26 1653 1200 1764; baseline 0.003 -30"><span class='ocrx_word' id='word_1_120' title='bbox 26 1676 122 1736; x_wconf 78' lang='lat' dir='ltr'><strong>ctorem</strong></span> <span class='ocrx_word' id='word_1_121' title='bbox 145 1669 280 1764; x_wconf 82' lang='lat' dir='ltr'><strong>scripti,</strong></span> <span class='ocrx_word' id='word_1_122' title='bbox 306 1668 371 1763; x_wconf 89' lang='lat' dir='ltr'><strong>qui</strong></span> <span class='ocrx_word' id='word_1_123' title='bbox 397 1689 501 1738; x_wconf 87' lang='lat' dir='ltr'><strong>suam</strong></span> <span class='ocrx_word' id='word_1_124' title='bbox 527 1665 719 1737; x_wconf 82' lang='lat' dir='ltr'><strong>abscondit</strong></span> <span class='ocrx_word' id='word_1_125' title='bbox 743 1653 972 1753; x_wconf 68' lang='lat' dir='ltr'><strong>sententiam}</strong></span> <span class='ocrx_word' id='word_1_126' title='bbox 997 1667 1042 1734; x_wconf 91' lang='lat' dir='ltr'><strong>ab</strong></span> <span class='ocrx_word' id='word_1_127' title='bbox 1059 1659 1200 1738; x_wconf 88' lang='lat' dir='ltr'><strong>invidia</strong></span> 
     </span>
     <span class='ocr_line' id='line_1_16' title="bbox 27 1763 1199 1860; baseline 0.005 -28"><span class='ocrx_word' id='word_1_128' title='bbox 27 1787 50 1832; x_wconf 79' lang='lat' dir='ltr'><strong>aa</strong></span> <span class='ocrx_word' id='word_1_129' title='bbox 67 1769 160 1860; x_wconf 79' lang='lat' dir='ltr'><strong>rigida</strong></span> <span class='ocrx_word' id='word_1_130' title='bbox 183 1791 336 1840; x_wconf 85' lang='lat' dir='ltr'><strong>censura</strong></span> <span class='ocrx_word' id='word_1_131' title='bbox 360 1769 535 1838; x_wconf 89' lang='lat' dir='ltr'><strong>tutiorem</strong></span> <span class='ocrx_word' id='word_1_132' title='bbox 559 1775 726 1859; x_wconf 79' lang='lat' dir='ltr'><strong>praestat,</strong></span> <span class='ocrx_word' id='word_1_133' title='bbox 761 1776 797 1838; x_wconf 91' lang='lat' dir='ltr'><strong>et</strong></span> <span class='ocrx_word' id='word_1_134' title='bbox 821 1765 966 1836; x_wconf 88' lang='lat' dir='ltr'><strong>animos</strong></span> <span class='ocrx_word' id='word_1_135' title='bbox 998 1763 1199 1858; x_wconf 89' lang='lat' dir='ltr'><strong>legentium</strong></span> 
     </span>
     <span class='ocr_line' id='line_1_17' title="bbox 27 1863 1199 1964; baseline 0.008 -35"><span class='ocrx_word' id='word_1_136' title='bbox 27 1865 122 1938; x_wconf 85' lang='lat' dir='ltr'><strong>rariore</strong></span> <span class='ocrx_word' id='word_1_137' title='bbox 143 1867 327 1964; x_wconf 83' lang='lat' dir='ltr'><strong>voluptate</strong></span> <span class='ocrx_word' id='word_1_138' title='bbox 351 1865 476 1938; x_wconf 85' lang='lat' dir='ltr'><strong>afficit.</strong></span> <span class='ocrx_word' id='word_1_139' title='bbox 527 1865 627 1937; x_wconf 88' lang='lat' dir='ltr'><strong>Hinc</strong></span> <span class='ocrx_word' id='word_1_140' title='bbox 652 1873 690 1936; x_wconf 90' lang='lat' dir='ltr'><strong>et</strong></span> <span class='ocrx_word' id='word_1_141' title='bbox 712 1863 777 1936; x_wconf 89' lang='lat' dir='ltr'><strong>illa</strong></span> <span class='ocrx_word' id='word_1_142' title='bbox 806 1864 913 1936; x_wconf 90' lang='lat' dir='ltr'><strong>valde</strong></span> <span class='ocrx_word' id='word_1_143' title='bbox 946 1865 1066 1935; x_wconf 85' lang='lat' dir='ltr'><strong>arrisit</strong></span> <span class='ocrx_word' id='word_1_144' title='bbox 1097 1889 1199 1960; x_wconf 85' lang='lat' dir='ltr'><strong>prae-</strong></span> 
     </span>
     <span class='ocr_line' id='line_1_18' title="bbox 27 1963 1200 2060; baseline 0.003 -28"><span class='ocrx_word' id='word_1_145' title='bbox 27 1967 208 2038; x_wconf 76' lang='lat' dir='ltr'><strong>stantissimis</strong></span> <span class='ocrx_word' id='word_1_146' title='bbox 244 1965 443 2039; x_wconf 88' lang='lat' dir='ltr'><strong>cultiorum</strong></span> <span class='ocrx_word' id='word_1_147' title='bbox 476 1963 700 2059; x_wconf 90' lang='lat' dir='ltr'><strong>populorum</strong></span> <span class='ocrx_word' id='word_1_148' title='bbox 735 1973 769 2034; x_wconf 91' lang='lat' dir='ltr'><strong>et</strong></span> <span class='ocrx_word' id='word_1_149' title='bbox 806 1975 882 2036; x_wconf 90' lang='lat' dir='ltr'><strong>tam</strong></span> <span class='ocrx_word' id='word_1_150' title='bbox 920 1965 1053 2036; x_wconf 85' lang='lat' dir='ltr'><strong>veteris</strong></span> <span class='ocrx_word' id='word_1_151' title='bbox 1087 1989 1200 2060; x_wconf 88' lang='lat' dir='ltr'><strong>quam</strong></span> 
     </span>
     <span class='ocr_line' id='line_1_19' title="bbox 26 2063 1200 2160; baseline 0.002 -26"><span class='ocrx_word' id='word_1_152' title='bbox 26 2068 188 2140; x_wconf 73' lang='lat' dir='ltr'><strong>cautioris</strong></span> <span class='ocrx_word' id='word_1_153' title='bbox 228 2068 308 2140; x_wconf 88' lang='lat' dir='ltr'><strong>aevi</strong></span> <span class='ocrx_word' id='word_1_154' title='bbox 341 2065 592 2160; x_wconf 59' lang='lat' dir='ltr'><strong>scriptoribus,</strong></span> <span class='ocrx_word' id='word_1_155' title='bbox 633 2064 699 2158; x_wconf 84' lang='lat' dir='ltr'><strong>qui</strong></span> <span class='ocrx_word' id='word_1_156' title='bbox 731 2065 886 2136; x_wconf 87' lang='lat' dir='ltr'><strong>eandem</strong></span> <span class='ocrx_word' id='word_1_157' title='bbox 920 2063 1019 2134; x_wconf 86' lang='lat' dir='ltr'><strong>viam</strong></span> <span class='ocrx_word' id='word_1_158' title='bbox 1044 2065 1200 2158; x_wconf 87' lang='lat' dir='ltr'><strong>ingressi</strong></span> 
     </span>
     <span class='ocr_line' id='line_1_20' title="bbox 29 2175 91 2235; baseline 0.081 -5"><span class='ocrx_word' id='word_1_159' title='bbox 29 2175 91 2235; x_wconf 75' lang='lat' dir='ltr'><strong>sant.</strong></span> 
     </span>
    </p>
   </div>
   <div class='ocr_carea' id='block_1_3' title="bbox 44 2331 1169 2548">
    <p class='ocr_par' dir='ltr' id='par_1_3' title="bbox 44 2331 1169 2548">
     <span class='ocr_line' id='line_1_21' title="bbox 44 2331 1169 2458; baseline 0.009 -41"><span class='ocrx_word' id='word_1_160' title='bbox 44 2331 66 2416; x_wconf 89' lang='lat' dir='ltr'><strong>l</strong></span> <span class='ocrx_word' id='word_1_161' title='bbox 70 2335 103 2418; x_wconf 82' lang='lat' dir='ltr'><strong>V.</strong></span> <span class='ocrx_word' id='word_1_162' title='bbox 139 2337 330 2458; x_wconf 74' lang='lat' dir='ltr'><strong>Dialoqi</strong></span> <span class='ocrx_word' id='word_1_163' title='bbox 356 2340 531 2428; x_wconf 78' lang='lat' dir='ltr'><strong>indoles</strong></span> <span class='ocrx_word' id='word_1_164' title='bbox 559 2337 816 2455; x_wconf 73' lang='lat' dir='ltr'><strong>singulatim</strong></span> <span class='ocrx_word' id='word_1_165' title='bbox 846 2351 888 2426; x_wconf 86' lang='lat' dir='ltr'><strong>et</strong></span> <span class='ocrx_word' id='word_1_166' title='bbox 916 2347 1169 2428; x_wconf 76' lang='lat' dir='ltr'><strong>accuratius</strong></span> 
     </span>
     <span class='ocr_line' id='line_1_22' title="bbox 463 2461 719 2548; baseline 0.02 -7"><span class='ocrx_word' id='word_1_167' title='bbox 463 2461 719 2548; x_wconf 68' lang='lat' dir='ltr'><strong>examinata.</strong></span> 
     </span>
    </p>
   </div>
   <div class='ocr_carea' id='block_1_4' title="bbox 92 2619 1100 2722">
    <p class='ocr_par' dir='ltr' id='par_1_4' title="bbox 92 2619 1100 2722">
     <span class='ocr_line' id='line_1_23' title="bbox 92 2619 1100 2722; baseline 0.003 -30"><span class='ocrx_word' id='word_1_168' title='bbox 92 2621 121 2696; x_wconf 81' lang='lat'><strong>1.</strong></span> <span class='ocrx_word' id='word_1_169' title='bbox 152 2621 270 2700; x_wconf 78' lang='lat' dir='ltr'><strong>Viri</strong></span> <span class='ocrx_word' id='word_1_170' title='bbox 294 2621 425 2698; x_wconf 83' lang='lat' dir='ltr'><strong>docti</strong></span> <span class='ocrx_word' id='word_1_171' title='bbox 458 2623 504 2698; x_wconf 84' lang='lat' dir='ltr'><strong>io</strong></span> <span class='ocrx_word' id='word_1_172' title='bbox 530 2620 730 2722; x_wconf 82' lang='lat' dir='ltr'><strong>dialogo</strong></span> <span class='ocrx_word' id='word_1_173' title='bbox 763 2619 1100 2720; x_wconf 79' lang='lat' dir='ltr'><strong>colloquentes.</strong></span> 
     </span>
    </p>
   </div>
   <div class='ocr_carea' id='block_1_5' title="bbox 24 2757 1236 3852">
    <p class='ocr_par' dir='ltr' id='par_1_5' title="bbox 24 2757 1236 3053">
     <span class='ocr_line' id='line_1_24' title="bbox 88 2757 1236 2852; baseline 0.002 -20"><span class='ocrx_word' id='word_1_174' title='bbox 88 2757 118 2851; x_wconf 66' lang='grc' dir='ltr'><strong>ἓ.</strong></span> <span class='ocrx_word' id='word_1_175' title='bbox 141 2761 245 2834; x_wconf 86' lang='lat' dir='ltr'>XXI.</span> <span class='ocrx_word' id='word_1_176' title='bbox 299 2761 464 2841; x_wconf 77' lang='lat' dir='ltr'><strong>Quattuor</strong></span> <span class='ocrx_word' id='word_1_177' title='bbox 490 2769 575 2838; x_wconf 88' lang='lat' dir='ltr'><strong>sunt</strong></span> <span class='ocrx_word' id='word_1_178' title='bbox 612 2769 649 2830; x_wconf 87' lang='lat' dir='ltr'><strong>et</strong></span> <span class='ocrx_word' id='word_1_179' title='bbox 673 2759 784 2830; x_wconf 87' lang='lat' dir='ltr'><strong>amici</strong></span> <span class='ocrx_word' id='word_1_180' title='bbox 808 2769 845 2829; x_wconf 90' lang='lat' dir='ltr'><strong>et</strong></span> <span class='ocrx_word' id='word_1_181' title='bbox 877 2759 1134 2852; x_wconf 84' lang='lat' dir='ltr'><strong>disertissimi,</strong></span> <span class='ocrx_word' id='word_1_182' title='bbox 1161 2772 1202 2834; x_wconf 91' lang='lat' dir='ltr'><strong>ut</strong></span> <span class='ocrx_word' id='word_1_183' title='bbox 1231 2835 1236 2846; x_wconf 75' lang='grc'><em>,</em></span> 
     </span>
     <span class='ocr_line' id='line_1_25' title="bbox 24 2850 1200 2956; baseline 0.003 -27"><span class='ocrx_word' id='word_1_184' title='bbox 24 2850 72 2922; x_wconf 74' lang='lat' dir='ltr'><strong>illis</strong></span> <span class='ocrx_word' id='word_1_185' title='bbox 90 2861 321 2956; x_wconf 87' lang='lat' dir='ltr'><strong>temporibus,</strong></span> <span class='ocrx_word' id='word_1_186' title='bbox 347 2859 532 2950; x_wconf 87' lang='lat' dir='ltr'><strong>homines,</strong></span> <span class='ocrx_word' id='word_1_187' title='bbox 558 2860 623 2954; x_wconf 89' lang='lat' dir='ltr'><strong>qui</strong></span> <span class='ocrx_word' id='word_1_188' title='bbox 648 2859 689 2930; x_wconf 86' lang='lat' dir='ltr'><strong>in</strong></span> <span class='ocrx_word' id='word_1_189' title='bbox 712 2858 784 2930; x_wconf 87' lang='lat' dir='ltr'><strong>hoc</strong></span> <span class='ocrx_word' id='word_1_190' title='bbox 808 2857 936 2930; x_wconf 88' lang='lat' dir='ltr'><strong>libello</strong></span> <span class='ocrx_word' id='word_1_191' title='bbox 962 2859 1009 2932; x_wconf 90' lang='lat' dir='ltr'><strong>de</strong></span> <span class='ocrx_word' id='word_1_192' title='bbox 1027 2859 1200 2956; x_wconf 88' lang='lat' dir='ltr'><strong>eloquen-</strong></span> 
     </span>
     <span class='ocr_line' id='line_1_26' title="bbox 25 2951 542 3053; baseline 0.004 -27"><span class='ocrx_word' id='word_1_193' title='bbox 25 2951 55 3020; x_wconf 76' lang='lat' dir='ltr'><strong>lia</strong></span> <span class='ocrx_word' id='word_1_194' title='bbox 73 2956 283 3053; x_wconf 84' lang='lat' dir='ltr'><strong>disputantes</strong></span> <span class='ocrx_word' id='word_1_195' title='bbox 307 2961 542 3032; x_wconf 89' lang='lat' dir='ltr'><strong>inducuntur.</strong></span> 
     </span>
    </p>

    <p class='ocr_par' dir='ltr' id='par_1_6' title="bbox 24 3055 1206 3852">
     <span class='ocr_line' id='line_1_27' title="bbox 90 3055 1201 3160; baseline 0.005 -34"><span class='ocrx_word' id='word_1_196' title='bbox 90 3057 230 3130; x_wconf 91' lang='lat' dir='ltr'><strong>Primus</strong></span> <span class='ocrx_word' id='word_1_197' title='bbox 262 3069 317 3132; x_wconf 88' lang='lat' dir='ltr'><strong>est</strong></span> <span class='ocrx_word' id='word_1_198' title='bbox 341 3055 398 3132; x_wconf 89' lang='lat' dir='ltr'><strong>M.</strong></span> <span class='ocrx_word' id='word_1_199' title='bbox 425 3059 548 3160; x_wconf 82' lang='lat' dir='ltr'><strong>Aper,</strong></span> <span class='ocrx_word' id='word_1_200' title='bbox 581 3059 728 3132; x_wconf 88' lang='lat' dir='ltr'><strong>natione</strong></span> <span class='ocrx_word' id='word_1_201' title='bbox 760 3055 899 3146; x_wconf 83' lang='lat' dir='ltr'><strong>Gallus,</strong></span> <span class='ocrx_word' id='word_1_202' title='bbox 941 3067 983 3130; x_wconf 91' lang='lat' dir='ltr'><strong>ut</strong></span> <span class='ocrx_word' id='word_1_203' title='bbox 1015 3059 1201 3132; x_wconf 85' lang='lat' dir='ltr'><strong>Maternus</strong></span> 
     </span>
     <span class='ocr_line' id='line_1_28' title="bbox 24 3151 1203 3256; baseline 0.001 -27"><span class='ocrx_word' id='word_1_204' title='bbox 24 3159 45 3220; x_wconf 76' lang='lat' dir='ltr'><strong>tl</strong></span> <span class='ocrx_word' id='word_1_205' title='bbox 61 3151 248 3250; x_wconf 76' lang='lat' dir='ltr'><strong>Secundus,</strong></span> <span class='ocrx_word' id='word_1_206' title='bbox 273 3183 349 3232; x_wconf 88' lang='lat' dir='ltr'><strong>non</strong></span> <span class='ocrx_word' id='word_1_207' title='bbox 373 3157 582 3248; x_wconf 88' lang='lat' dir='ltr'><strong>Britannus,</strong></span> <span class='ocrx_word' id='word_1_208' title='bbox 608 3159 677 3230; x_wconf 90' lang='lat' dir='ltr'><strong>etsi</strong></span> <span class='ocrx_word' id='word_1_209' title='bbox 702 3159 739 3232; x_wconf 91' lang='lat' dir='ltr'><strong>in</strong></span> <span class='ocrx_word' id='word_1_210' title='bbox 760 3157 951 3230; x_wconf 84' lang='lat' dir='ltr'><strong>Britannia</strong></span> <span class='ocrx_word' id='word_1_211' title='bbox 974 3155 1203 3256; x_wconf 78' lang='lat' dir='ltr'><strong>aliquamdiu</strong></span> 
     </span>
     <span class='ocr_line' id='line_1_29' title="bbox 24 3256 1202 3354; baseline 0.01 -34"><span class='ocrx_word' id='word_1_212' title='bbox 24 3267 241 3348; x_wconf 79' lang='lat' dir='ltr'><strong>commoratus,</strong></span> <span class='ocrx_word' id='word_1_213' title='bbox 267 3259 318 3348; x_wconf 89' lang='lat' dir='ltr'><strong>(v.</strong></span> <span class='ocrx_word' id='word_1_214' title='bbox 345 3259 392 3330; x_wconf 92' lang='lat' dir='ltr'><strong>ad</strong></span> <span class='ocrx_word' id='word_1_215' title='bbox 417 3281 493 3352; x_wconf 87' lang='lat' dir='ltr'><strong>cap.</strong></span> <span class='ocrx_word' id='word_1_216' title='bbox 522 3257 555 3332; x_wconf 89' lang='lat'><strong>7.</strong></span> <span class='ocrx_word' id='word_1_217' title='bbox 584 3283 622 3331; x_wconf 94' lang='lat' dir='ltr'><strong>n.</strong></span> <span class='ocrx_word' id='word_1_218' title='bbox 652 3256 699 3342; x_wconf 90' lang='lat' dir='ltr'><strong>l.)</strong></span> <span class='ocrx_word' id='word_1_219' title='bbox 739 3257 853 3330; x_wconf 89' lang='lat' dir='ltr'><strong>homo</strong></span> <span class='ocrx_word' id='word_1_220' title='bbox 878 3279 1009 3347; x_wconf 70' lang='lat' dir='ltr'><strong>novuS,</strong></span> <span class='ocrx_word' id='word_1_221' title='bbox 1043 3260 1107 3354; x_wconf 92' lang='lat' dir='ltr'><strong>qui</strong></span> <span class='ocrx_word' id='word_1_222' title='bbox 1130 3260 1202 3337; x_wconf 87' lang='lat' dir='ltr'><strong>Ro·</strong></span> 
     </span>
     <span class='ocr_line' id='line_1_30' title="bbox 24 3358 1203 3453; baseline 0.008 -31"><span class='ocrx_word' id='word_1_223' title='bbox 24 3369 77 3422; x_wconf 80' lang='lat' dir='ltr'><strong>mae</strong></span> <span class='ocrx_word' id='word_1_224' title='bbox 102 3358 245 3451; x_wconf 83' lang='lat' dir='ltr'><strong>ingenio</strong></span> <span class='ocrx_word' id='word_1_225' title='bbox 280 3360 405 3453; x_wconf 81' lang='lat' dir='ltr'><strong>potius</strong></span> <span class='ocrx_word' id='word_1_226' title='bbox 438 3367 475 3428; x_wconf 91' lang='lat' dir='ltr'><strong>et</strong></span> <span class='ocrx_word' id='word_1_227' title='bbox 507 3359 546 3428; x_wconf 86' lang='lat' dir='ltr'><strong>vi</strong></span> <span class='ocrx_word' id='word_1_228' title='bbox 578 3367 726 3430; x_wconf 86' lang='lat' dir='ltr'><strong>naturae</strong></span> <span class='ocrx_word' id='word_1_229' title='bbox 761 3381 873 3452; x_wconf 89' lang='lat' dir='ltr'><strong>quam</strong></span> <span class='ocrx_word' id='word_1_230' title='bbox 904 3358 1134 3432; x_wconf 84' lang='lat' dir='ltr'><strong>institutione</strong></span> <span class='ocrx_word' id='word_1_231' title='bbox 1166 3369 1203 3432; x_wconf 91' lang='lat' dir='ltr'><strong>et</strong></span> 
     </span>
     <span class='ocr_line' id='line_1_31' title="bbox 24 3445 1202 3555; baseline 0.008 -35"><span class='ocrx_word' id='word_1_232' title='bbox 24 3445 103 3522; x_wconf 85' lang='lat' dir='ltr'><strong>literis</strong></span> <span class='ocrx_word' id='word_1_233' title='bbox 125 3457 259 3528; x_wconf 82' lang='lat' dir='ltr'><strong>lernam</strong></span> <span class='ocrx_word' id='word_1_234' title='bbox 285 3457 516 3555; x_wconf 84' lang='lat' dir='ltr'><strong>eloquentiae</strong></span> <span class='ocrx_word' id='word_1_235' title='bbox 542 3466 755 3528; x_wconf 86' lang='lat' dir='ltr'><strong>consecutus</strong></span> <span class='ocrx_word' id='word_1_236' title='bbox 782 3458 874 3550; x_wconf 82' lang='lat' dir='ltr'><strong>(oap&#39;.</strong></span> <span class='ocrx_word' id='word_1_237' title='bbox 897 3457 947 3540; x_wconf 79' lang='lat'><strong>2.)</strong></span> <span class='ocrx_word' id='word_1_238' title='bbox 983 3457 1104 3530; x_wconf 87' lang='lat' dir='ltr'><strong>aditus</strong></span> <span class='ocrx_word' id='word_1_239' title='bbox 1130 3460 1202 3530; x_wconf 91' lang='lat' dir='ltr'><strong>sibi</strong></span> 
     </span>
     <span class='ocr_line' id='line_1_32' title="bbox 24 3547 1206 3651; baseline 0.005 -27"><span class='ocrx_word' id='word_1_240' title='bbox 24 3547 280 3628; x_wconf 67' lang='lat' dir='ltr'><strong>alsenatoriam</strong></span> <span class='ocrx_word' id='word_1_241' title='bbox 312 3558 541 3651; x_wconf 87' lang='lat' dir='ltr'><strong>dignitatern,</strong></span> <span class='ocrx_word' id='word_1_242' title='bbox 584 3557 630 3628; x_wconf 88' lang='lat' dir='ltr'><strong>ad</strong></span> <span class='ocrx_word' id='word_1_243' title='bbox 673 3567 923 3651; x_wconf 86' lang='lat' dir='ltr'><strong>quaesturam,</strong></span> <span class='ocrx_word' id='word_1_244' title='bbox 974 3559 1206 3634; x_wconf 75' lang='lat' dir='ltr'><strong>tribunatum</strong></span> 
     </span>
     <span class='ocr_line' id='line_1_33' title="bbox 25 3645 1202 3752; baseline 0.008 -31"><span class='ocrx_word' id='word_1_245' title='bbox 25 3645 167 3734; x_wconf 72' lang='lat' dir='ltr'><strong>datast</strong></span> <span class='ocrx_word' id='word_1_246' title='bbox 191 3669 398 3750; x_wconf 88' lang='lat' dir='ltr'><strong>praeturam</strong></span> <span class='ocrx_word' id='word_1_247' title='bbox 423 3665 704 3752; x_wconf 82' lang='lat' dir='ltr'><strong>comparaverat,</strong></span> <span class='ocrx_word' id='word_1_248' title='bbox 731 3657 823 3752; x_wconf 88' lang='lat' dir='ltr'><strong>(cap.</strong></span> <span class='ocrx_word' id='word_1_249' title='bbox 840 3655 891 3741; x_wconf 83' lang='lat'><strong>7.)</strong></span> <span class='ocrx_word' id='word_1_250' title='bbox 927 3657 993 3728; x_wconf 82' lang='lat' dir='ltr'><strong>sed</strong></span> <span class='ocrx_word' id='word_1_251' title='bbox 1017 3681 1109 3748; x_wconf 88' lang='lat' dir='ltr'><strong>acer,</strong></span> <span class='ocrx_word' id='word_1_252' title='bbox 1141 3683 1202 3730; x_wconf 89' lang='lat' dir='ltr'><strong>ve-</strong></span> 
     </span>
     <span class='ocr_line' id='line_1_34' title="bbox 24 3741 1202 3852; baseline 0.007 -30"><span class='ocrx_word' id='word_1_253' title='bbox 24 3741 150 3845; x_wconf 76' lang='lat' dir='ltr'><strong>lenens,</strong></span> <span class='ocrx_word' id='word_1_254' title='bbox 190 3759 434 3830; x_wconf 89' lang='lat' dir='ltr'><strong>contentiosus</strong></span> <span class='ocrx_word' id='word_1_255' title='bbox 459 3757 496 3828; x_wconf 79' lang='lat' dir='ltr'><strong>e&#39;t</strong></span> <span class='ocrx_word' id='word_1_256' title='bbox 519 3757 690 3852; x_wconf 86' lang='lat' dir='ltr'><strong>pervicax</strong></span> <span class='ocrx_word' id='word_1_257' title='bbox 714 3779 781 3828; x_wconf 90' lang='lat' dir='ltr'><strong>nec</strong></span> <span class='ocrx_word' id='word_1_258' title='bbox 806 3757 890 3828; x_wconf 88' lang='lat' dir='ltr'><strong>nisi·</strong></span> <span class='ocrx_word' id='word_1_259' title='bbox 905 3759 1095 3834; x_wconf 86' lang='lat' dir='ltr'><strong>communi</strong></span> <span class='ocrx_word' id='word_1_260' title='bbox 1122 3781 1202 3830; x_wconf 86' lang='lat' dir='ltr'><strong>eru-</strong></span> 
     </span>
    </p>
   </div>
   <div class='ocr_carea' id='block_1_6' title="bbox 28 3901 245 3924">
    <p class='ocr_par' dir='ltr' id='par_1_7' title="bbox 28 3901 245 3924">
     <span class='ocr_line' id='line_1_35' title="bbox 28 3901 245 3924; baseline 0 0"><span class='ocrx_word' id='word_1_261' title='bbox 28 3901 245 3924; x_wconf 48' lang='grc' dir='ltr'>Ἠ</span> 
     </span>
    </p>
   </div>
   <div class='ocr_carea' id='block_1_7' title="bbox 28 3985 1203 4348">
    <p class='ocr_par' dir='ltr' id='par_1_8' title="bbox 28 3985 1203 4348">
     <span class='ocr_line' id='line_1_36' title="bbox 69 3985 1202 4072; baseline 0.001 -22"><span class='ocrx_word' id='word_1_262' title='bbox 69 3985 99 4050; x_wconf 78' lang='lat'><strong>³¹)</strong></span> <span class='ocrx_word' id='word_1_263' title='bbox 116 3991 160 4049; x_wconf 73' lang='lat' dir='ltr'><strong>Gi.</strong></span> <span class='ocrx_word' id='word_1_264' title='bbox 178 3991 363 4048; x_wconf 86' lang='lat' dir='ltr'><strong>Woltmann.</strong></span> <span class='ocrx_word' id='word_1_265' title='bbox 384 3995 404 4048; x_wconf 92' lang='lat' dir='ltr'><strong>l.</strong></span> <span class='ocrx_word' id='word_1_266' title='bbox 418 3995 438 4051; x_wconf 91' lang='lat' dir='ltr'><strong>l.</strong></span> <span class='ocrx_word' id='word_1_267' title='bbox 458 3992 601 4072; x_wconf 80' lang='lat' dir='ltr'><strong>Goering.</strong></span> <span class='ocrx_word' id='word_1_268' title='bbox 621 3993 689 4051; x_wconf 82' lang='lat' dir='ltr'><strong>dias.</strong></span> <span class='ocrx_word' id='word_1_269' title='bbox 707 4013 737 4066; x_wconf 86' lang='lat' dir='ltr'><strong>p.</strong></span> <span class='ocrx_word' id='word_1_270' title='bbox 754 3999 780 4052; x_wconf 80' lang='grc'><strong>7.</strong></span> <span class='ocrx_word' id='word_1_271' title='bbox 800 4001 830 4050; x_wconf 80' lang='lat' dir='ltr'><strong>et</strong></span> <span class='ocrx_word' id='word_1_272' title='bbox 849 3997 922 4050; x_wconf 83' lang='lat' dir='ltr'><strong>ltt-</strong></span> <span class='ocrx_word' id='word_1_273' title='bbox 934 3999 976 4053; x_wconf 73' lang='lat' dir='ltr'><strong>ll.</strong></span> <span class='ocrx_word' id='word_1_274' title='bbox 1000 3995 1202 4050; x_wconf 73' lang='lat' dir='ltr'><strong>Additamento</strong></span> 
     </span>
     <span class='ocr_line' id='line_1_37' title="bbox 28 4057 1203 4138; baseline 0.004 -21"><span class='ocrx_word' id='word_1_275' title='bbox 28 4057 155 4138; x_wconf 12' lang='lat' dir='ltr'><strong>*intonari</strong></span> <span class='ocrx_word' id='word_1_276' title='bbox 173 4063 330 4120; x_wconf 85' lang='lat' dir='ltr'><strong>&#39;l&#39;lreoriam</strong></span> <span class='ocrx_word' id='word_1_277' title='bbox 347 4065 486 4120; x_wconf 83' lang='lat' dir='ltr'><strong>bonarum</strong></span> <span class='ocrx_word' id='word_1_278' title='bbox 504 4067 613 4120; x_wconf 83' lang='lat' dir='ltr'><strong>artium</strong></span> <span class='ocrx_word' id='word_1_279' title='bbox 630 4067 678 4120; x_wconf 86' lang='lat' dir='ltr'><strong>in:</strong></span> <span class='ocrx_word' id='word_1_280' title='bbox 703 4067 803 4122; x_wconf 86' lang='lat' dir='ltr'><strong>Neuer·</strong></span> <span class='ocrx_word' id='word_1_281' title='bbox 819 4066 989 4122; x_wconf 83' lang='lat' dir='ltr'><strong>Bibliothek</strong></span> <span class='ocrx_word' id='word_1_282' title='bbox 1006 4069 1057 4122; x_wconf 90' lang='lat' dir='ltr'><strong>der</strong></span> <span class='ocrx_word' id='word_1_283' title='bbox 1075 4067 1203 4124; x_wconf 83' lang='lat' dir='ltr'><strong>schiinen</strong></span> 
     </span>
     <span class='ocr_line' id='line_1_38' title="bbox 30 4123 1202 4222; baseline 0.007 -36"><span class='ocrx_word' id='word_1_284' title='bbox 30 4123 166 4208; x_wconf 64' lang='lat' dir='ltr'><strong>lt&#39;sseasch.</strong></span> <span class='ocrx_word' id='word_1_285' title='bbox 186 4133 222 4187; x_wconf 87' lang='lat' dir='ltr'><strong>T.</strong></span> <span class='ocrx_word' id='word_1_286' title='bbox 240 4137 310 4192; x_wconf 85' lang='lat' dir='ltr'><strong>XVI.</strong></span> <span class='ocrx_word' id='word_1_287' title='bbox 330 4155 360 4222; x_wconf 88' lang='lat' dir='ltr'><strong>p.</strong></span> <span class='ocrx_word' id='word_1_288' title='bbox 381 4140 430 4191; x_wconf 79' lang='lat'><strong>177</strong></span> <span class='ocrx_word' id='word_1_289' title='bbox 451 4155 493 4208; x_wconf 83' lang='lat' dir='ltr'><strong>sq.</strong></span> <span class='ocrx_word' id='word_1_290' title='bbox 518 4137 723 4216; x_wconf 78' lang='lat' dir='ltr'><strong>Eselaenburg:</strong></span> <span class='ocrx_word' id='word_1_291' title='bbox 753 4139 895 4194; x_wconf 77' lang='lat' dir='ltr'><strong>Entwurl</strong></span> <span class='ocrx_word' id='word_1_292' title='bbox 915 4141 999 4194; x_wconf 88' lang='lat' dir='ltr'><strong>einer</strong></span> <span class='ocrx_word' id='word_1_293' title='bbox 1022 4139 1149 4194; x_wconf 85' lang='lat' dir='ltr'><strong>Theorie</strong></span> <span class='ocrx_word' id='word_1_294' title='bbox 1173 4161 1202 4194; x_wconf 90' lang='lat' dir='ltr'><strong>u.</strong></span> 
     </span>
     <span class='ocr_line' id='line_1_39' title="bbox 29 4195 1203 4282; baseline 0.019 -38"><span class='ocrx_word' id='word_1_295' title='bbox 29 4195 61 4248; x_wconf 79' lang='lat' dir='ltr'><strong>lt.</strong></span> <span class='ocrx_word' id='word_1_296' title='bbox 81 4203 127 4258; x_wconf 87' lang='lat' dir='ltr'><strong>der</strong></span> <span class='ocrx_word' id='word_1_297' title='bbox 144 4207 272 4262; x_wconf 80' lang='lat' dir='ltr'><strong>achb&#39;nen</strong></span> <span class='ocrx_word' id='word_1_298' title='bbox 293 4199 476 4266; x_wconf 81' lang='lat' dir='ltr'><strong>Wasssnseh.</strong></span> <span class='ocrx_word' id='word_1_299' title='bbox 501 4209 566 4267; x_wconf 83' lang='lat' dir='ltr'><strong>Ber.</strong></span> <span class='ocrx_word' id='word_1_300' title='bbox 587 4211 664 4269; x_wconf 82' lang='lat'><strong>178³.</strong></span> <span class='ocrx_word' id='word_1_301' title='bbox 683 4228 714 4281; x_wconf 81' lang='lat' dir='ltr'><strong>p·</strong></span> <span class='ocrx_word' id='word_1_302' title='bbox 733 4212 786 4267; x_wconf 72' lang='lat'><strong>24³</strong></span> <span class='ocrx_word' id='word_1_303' title='bbox 805 4227 847 4282; x_wconf 77' lang='lat' dir='ltr'><strong>sq.</strong></span> <span class='ocrx_word' id='word_1_304' title='bbox 877 4210 998 4266; x_wconf 66' lang='lat' dir='ltr'><strong>Euenit</strong></span> <span class='ocrx_word' id='word_1_305' title='bbox 1021 4221 1050 4265; x_wconf 84' lang='lat' dir='ltr'><strong>et</strong></span> <span class='ocrx_word' id='word_1_306' title='bbox 1075 4213 1203 4266; x_wconf 84' lang='lat' dir='ltr'><strong>Gruberi</strong></span> 
     </span>
     <span class='ocr_line' id='line_1_40' title="bbox 29 4265 848 4348; baseline 0.01 -20"><span class='ocrx_word' id='word_1_307' title='bbox 29 4265 147 4348; x_wconf 64' lang='lat' dir='ltr'><strong>hqdap.</strong></span> <span class='ocrx_word' id='word_1_308' title='bbox 166 4280 280 4336; x_wconf 76' lang='lat' dir='ltr'><strong>acientt.</strong></span> <span class='ocrx_word' id='word_1_309' title='bbox 299 4295 362 4334; x_wconf 78' lang='lat' dir='ltr'><strong>roc.</strong></span> <span class='ocrx_word' id='word_1_310' title='bbox 380 4279 497 4345; x_wconf 66' lang='lat' dir='ltr'><strong>mator.</strong></span> <span class='ocrx_word' id='word_1_311' title='bbox 844 4327 848 4336; x_wconf 95' lang='lat'><strong>.</strong></span> 
     </span>
    </p>
   </div>
   <div class='ocr_carea' id='block_1_8' title="bbox 0 0 1392 4784">
    <p class='ocr_par' dir='ltr' id='par_1_9' title="bbox 0 0 1392 4784">
     <span class='ocr_line' id='line_1_41' title="bbox 0 0 1392 4784; baseline 0 1"><span class='ocrx_word' id='word_1_312' title='bbox 0 0 1392 4784; x_wconf 95' lang='lat' dir='ltr'><strong> </strong></span> 
     </span>
    </p>
   </div>
  </div>
 </body>
</html>
