2774 4784
187 169 284 224 lm
361 201 364 208 ⁴
681 168 906 235 DIALOGUS

188 341 300 416 huius
337 337 426 412 belli
458 339 519 412 vel
552 349 766 436 temporum
805 365 959 414 suorum
991 341 1137 438 scripsit
1167 341 1267 431 (Tac.
1295 343 1346 415 H.

187 443 248 519 25.
274 441 351 528 28.)
379 449 415 511 et
437 465 468 510 a.
494 439 541 514 U.
567 465 597 511 c.
623 429 708 518 823.
733 467 770 538 p.
797 439 886 516 Chr.
914 443 976 517 70.
1003 465 1174 537 magnam
1204 443 1351 536 pietatis
1379 476 1386 507 ι

192 543 419 638 eloquentiae
444 541 580 612 lamam
606 541 759 637 adeptus
785 552 852 633 est,
876 543 1045 614 nondum
1079 543 1258 614 senatoria
1295 554 1385 614 aetat

194 667 305 717 ausus
345 665 412 738 pro
452 640 560 712 fratre
598 640 750 736 Aquilio
782 641 934 736 Regulo,
982 642 1123 714 famoso
1173 639 1337 714 delatore
1381 674 1386 707 ι

91 755 92 759 ’
189 743 364 814 omnibus
389 741 521 830 inviso,
548 740 609 829 (de
635 764 709 836 quo
735 765 769 812 v.
794 741 889 813 Plin.
914 765 973 836 ep.
1004 741 1035 832 1,
1058 742 1093 816 5.
1114 741 1150 833 2,
1171 742 1230 814 20.
1257 742 1293 834 4,
1321 743 1356 816 2.

189 842 225 934 6,
249 841 302 928 2.)
327 841 522 936 deprecari.
550 865 584 910 v.
612 838 658 912 Ο.
689 841 745 916 15.
773 851 809 913 et
833 842 931 914 Ann.
957 841 999 932 4,
1025 839 1083 914 42.
1144 841 1243 914 Eum
1276 843 1381 914 dein

189 941 376 1014 consulem
403 941 518 1011 luisse
543 941 612 1010 sub
639 940 797 1012 Traiano
833 965 863 1012 a.
891 939 936 1014 U.
963 964 993 1012 c.
1020 939 1104 1016 868.
1139 965 1177 1036 p.
1204 940 1296 1016 Chr.
1332 945 1372 1016 ll

187 1043 351 1137 Ryclrius
377 1041 438 1128 (ad
464 1040 550 1112 Tac.
577 1039 627 1110 Η.
653 1039 690 1129 5,
715 1039 766 1126 9.)
791 1051 914 1135 patere
939 1041 1083 1136 putavit
1107 1065 1151 1112 ex
1176 1043 1339 1138 antiquis
1363 1041 1386 1112 l.

188 1142 338 1239 pidibus
370 1139 468 1235 apud
503 1137 703 1212 Gnrterum
737 1150 774 1212 et
805 1141 1030 1214 Reinesinm.
1090 1141 1136 1213 ln
1168 1141 1227 1212 his
1259 1141 1386 1238 quide

187 1240 289 1314 illius
324 1241 411 1311 anni
443 1239 611 1312 consules
645 1250 822 1312 vocantur
855 1237 900 1314 L.
934 1237 1145 1356 unroocs
1176 1237 1354 1314 Messala
1384 1294 1386 1305 .

187 1339 245 1416 M.
271 1337 372 1414 Pedo
406 1336 667 1430 Vergilianus,
693 1341 823 1412 sedin
849 1340 989 1414 Petavir
1014 1341 1142 1412 ration.
1169 1351 1283 1436 temp.
1319 1342 1381 1412 alii

212 1465 260 1512 ue
294 1440 534 1512 monimentis
567 1435 623 1511 M.
666 1437 843 1514 Valerius
877 1436 1049 1514 Messala
1085 1453 1123 1511 et
1159 1436 1203 1515 G.
1239 1439 1374 1543 Popili

188 1465 316 1617 borae
340 1535 464 1622 Pedo,·
490 1549 527 1610 et
552 1537 614 1610 ille
639 1535 683 1612 L.
718 1537 929 1642 Vipstanus
961 1537 1145 1630 Messala,
1175 1540 1208 1612 si
1237 1565 1328 1612 vera
1364 1568 1383 1612 e

62 1666 63 1670 ’
187 1641 351 1713 neminis
386 1640 581 1734 scriptura,
620 1637 720 1710 filius
753 1641 876 1734 potius
918 1640 1035 1712 nostri
1073 1639 1248 1712 Messalae
1287 1642 1372 1714 eius

186 1749 361 1836 cognatus
387 1763 499 1834 quam
522 1739 624 1810 idem
650 1738 762 1810 luisse
787 1740 946 1813 videtur.
1084 1780 1088 1792 ·

288 1841 409 1920 Quam
441 1840 535 1910 bene
570 1837 726 1934 quilibet
759 1839 895 1910 hortun
921 1839 1190 1935 disputantium
1221 1841 1268 1912 ab
1303 1842 1363 1914 ini

188 1937 365 2034 colloquii
389 1939 433 2010 ad
459 1938 573 2010 finem
599 1939 814 2010 sustinuerit
846 1949 966 2034 partes
999 1939 1072 2010 sibi
1106 1938 1241 2012 delatas
1272 1965 1379 2014 mor·

187 2063 260 2136 que
291 2061 378 2110 suos
413 2039 620 2127 servaverit,
659 2063 704 2109 ex
728 2039 763 2133 ἓ.
790 2039 930 2111 XXIV.
966 2048 1014 2110 et*
1033 2063 1135 2134 seqq.
1162 2055 1363 2134 cognoscet

186 2139 357 2231 „Auctor
382 2138 518 2232 dialogi
543 2140 681 2210 anticos
706 2148 897 2232 corruptae
930 2135 1161 2233 eloquentiae
1191 2163 1320 2212 causas
1368 2144 1376 2159 '

186 2241 406 2334 vestigantes
431 2263 507 2310 non
532 2237 654 2309 solum
680 2237 726 2308 de
751 2239 958 2310 minoribus
985 2238 1207 2333 quibusdam
1232 2243 1362 2334 partib

187 2364 278 2436 quae
303 2337 361 2410 illi
386 2339 580 2432 primariae
604 2335 783 2410 finitimae
809 2348 905 2427 sunt,
931 2333 1186 2410 dissentientes
1204 2338 1326 2430 finxit,
1357 2369 1377 2414 s

186 2440 297 2510 etiarn
332 2437 534 2520 admodum
567 2437 721 2508 diversis
751 2437 908 2531 ingeniis
942 2439 1182 2533 moribusque
1217 2441 1352 2514 induit

187 2563 294 2610 suam
319 2561 505 2633 quemque
530 2539 646 2607 animi
676 2539 888 2632 ingeniique
914 2537 1086 2610 lormam
1123 2538 1263 2634 ubique
1291 2553 1335 2614 et
1364 2567 1383 2612 s

150 2660 152 2667 ’
187 2639 384 2710 atinentem
410 2648 446 2708 et
470 2637 685 2708 reddentem
711 2637 851 2730 optime
878 2647 914 2708 ct
939 2639 1210 2710 accuratissime
1233 2639 1358 2735 depin

187 2736 260 2826 (Cf.
288 2759 365 2832 cap.
391 2733 442 2818 1.)
494 2733 645 2807 Similes
678 2736 830 2831 quidem
863 2736 902 2806 in
929 2759 972 2808 eo
1003 2748 1102 2826 ‘sunt
1144 2739 1244 2833 quod
1278 2765 1351 2812 ma

186 2837 370 2908 doctrinae
394 2845 433 2906 et
455 2835 672 2906 eruditionis
688 2833 812 2930 glorie
843 2835 1037 2925 excellunt,
1078 2836 1291 2910 vehementi
1333 2867 1386 2914 cr

186 2937 357 3008 omnium
382 2934 573 3006 literarum
597 2945 679 3006 tum
705 2935 933 3030 eloquentiae
958 2959 1084 3008 amore
1107 2938 1371 3027 incenduntur

185 3035 533 3108 iurisconsultorum
557 3037 636 3126 arti,
664 3060 775 3132 quam
800 3035 841 3106 in
867 3034 945 3107 foro
970 3035 1028 3106 vel
1045 3047 1214 3108 exercent
1231 3039 1293 3110 vel
1319 3066 1375 3112 ex

187 3146 350 3228 cuerant,
377 3137 532 3208 eximiae
557 3135 787 3230 eloquentiae
812 3134 961 3208 laudem
987 3136 1140 3226 addunt,
1166 3138 1297 3209 sedin
1329 3167 1382 3212 n·

185 3235 298 3308 nullis
329 3259 467 3325 rerum,
505 3259 596 3332 quas
628 3237 783 3330 quisque
815 3235 990 3326 defendit,
1031 3237 1195 3331 partibus
1229 3247 1267 3310 et
1293 3265 1380 3312 mu

185 3336 303 3429 magis
336 3337 377 3406 in
410 3335 582 3430 pluribus
607 3335 747 3427 ingenii
780 3333 1024 3424 lacultatibus,
1066 3337 1182 3406 animi
1214 3339 1380 3412 virtuti

186 3445 225 3506 et
250 3435 397 3520 dicendi
421 3437 616 3529 generibus
641 3433 747 3506 valde
773 3435 991 3530 discrepant,
1017 3445 1053 3506 et
1078 3435 1168 3508 haec
1204 3437 1384 3536 discrep.

185 3536 236 3606 tia
264 3559 330 3630 per
356 3545 474 3606 toturn
498 3533 669 3607 libellum
695 3535 835 3628 optime
860 3535 1041 3630 descripta
1067 3547 1122 3608 est
1154 3545 1191 3608 et
1223 3539 1265 3608 in
1294 3543 1385 3635 sing

185 3635 233 3706 lis
258 3635 464 3730 quibusque
495 3636 617 3706 verbis
651 3644 814 3706 accurate
848 3635 1010 3725 reddita,
1051 3635 1150 3708 unde
1184 3633 1384 3712 admirab'

186 3735 364 3830 quaedam
402 3734 556 3806 varietas
597 3735 773 3806 exoritur.
796 3745 848 3806 et.
869 3735 1136 3806 iucundissima
1177 3737 1382 3812 diversitas

186 3837 243 3908 lta
267 3833 442 3928 Goering.
469 3859 505 3928 p.
537 3833 591 3908 16.
623 3835 678 3907 17.
727 3831 785 3907 Cf.
813 3844 899 3906 nota
923 3833 983 3908 40.
1034 3837 1116 3906 Non
1149 3834 1304 3908 deluere
1345 3867 1378 3936 q

186 3937 284 4027 dem,
316 3935 381 4030 qui
414 3935 526 4005 verba
559 3934 715 4006 Materni
748 3955 825 4027 cap.
862 3933 921 4007 40.
956 3945 992 4005 et
1023 3933 1081 4008 41.
1126 3933 1208 4006 aliis
1247 3940 1372 4013 eiusd

187 4060 266 4132 cap.
293 4033 327 4108 3.
354 4058 428 4106 non
455 4057 653 4128 congruere
679 4034 931 4106 existimarent
952 4027 1011 4119 ³²).
1064 4033 1139 4108 Sed
1165 4034 1206 4106 bi
1232 4037 1361 4112 insci

193 4195 387 4206 ...ψ-κιμ-
397 4199 404 4202 .
421 4195 439 4204 .-

257 4253 298 4325 Μ)
317 4255 478 4310 Gntmanni
496 4254 583 4308 verba
603 4255 633 4308 in
645 4254 718 4309 diss.
738 4251 1022 4310 incertallrsllianae
1041 4253 1164 4312 editioni
1182 4257 1297 4335 dialogi
1319 4277 1359 4331 p.
