2868 4792
702 133 717 170 f

218 233 361 300 cerer
382 235 507 302 exus.
530 237 656 318 nutv,
685 235 738 316 (ι.
761 235 803 306 ιι.
822 235 894 304 m.
917 237 956 302 ι.
978 235 1015 300 c.
1033 236 1103 316 es.)
1172 221 1173 224 ‘
1209 237 1269 306 ees

42 403 108 464 os‘nu
129 403 208 474 qnod
225 403 289 456 turn
306 406 338 458 in
356 402 458 456 multis
475 403 664 528 probatisprue
682 403 759 458 MSS.
781 405 895 480 tumlin
914 403 978 463 edd.
993 410 1052 458 vet.
1072 401 1270 460 tetulissem.

40 476 166 551 legitor.
203 475 307 546 ltaque
325 475 404 529 Suet.
424 492 483 528 non
501 477 601 542 tradit,
640 476 765 530 ibes-ium
776 476 929 530 abolevisse
944 477 1007 546 ipse
1025 482 1057 528 et
1074 474 1173 528 omnia
1189 472 1271 542 asyla

41 561 203 616 eorumque
220 547 276 612 ius,
304 547 355 600 sed
372 563 473 600 eorum
492 547 549 600 eim
566 549 694 618 priscam
713 555 743 602 et
760 563 883 618 pravum
901 563 1007 598 omrem
1026 547 1100 600 iuris
1119 561 1221 598 eorum
1238 545 1272 599 iu

40 618 147 686 quavis
170 619 257 670 etiam
282 617 430 671 levissima
461 634 492 674 re
515 619 687 688 usurpandi,
716 621 757 672 ita
780 618 908 674 cuercito
934 617 991 670 hoc
1015 619 1080 672 iure
1105 624 1135 668 et
1160 615 1198 671 ad
1224 632 1271 676 res

40 706 149 758 peuces
169 688 316 755 restricto,
336 690 371 742 iis
391 688 516 758 denique
535 689 750 742 conditionibus
768 689 920 754 adstricto,
938 695 971 740 ut
989 704 1076 742 neruo
1100 688 1163 740 iere
1176 687 1271 742 aude·

40 769 90 812 ret
106 760 171 812 iure
182 759 237 812 illo
250 760 295 812 uti
315 760 344 812 id
365 775 401 812 ue
412 759 482 814 adso
493 759 650 814 haberetur
666 777 722 830 pre
740 761 858 826 abolito,
877 760 907 812 oi
926 761 1068 826 adempto,
1086 767 1119 812 ut
1138 758 1271 828 loquitur

40 831 105 882 Lis.
128 834 153 892 Ι,
175 832 216 884 17.
236 829 352 882 imsim'
372 831 378 843 “
399 847 442 894 re,
469 831 531 884 sive
571 848 604 898 re
623 832 751 898 imagine
774 832 837 884 eine
853 847 895 896 re,
923 839 957 883 ut
974 831 1051 883 Vell.
1076 832 1104 894 2,
1128 833 1171 886 30.
1198 827 1271 892 dicit

41 902 79 954 de
98 899 256 954 tribunatu
268 901 375 970 plebis,
394 918 480 970 quem
499 849 644 956 rubiatum
663 903 779 971 quidem
805 903 907 956 dimne
933 903 1092 972 scriptores
1114 908 1230 958 veteres
1254 916 1270 951 a

41 971 346 1035 summasunmna
360 972 507 1043 Pompeio,
520 972 601 1026 Sulla
613 989 684 1028 vero
696 990 755 1028 non
765 973 853 1044 plane
872 973 1002 1036 sustulit,
1023 973 1072 1027 sed
1089 973 1130 1027 ite
1150 971 1271 1034 restrin-
1288 985 1292 994 ·

40 1043 89 1094 xit
107 1041 144 1096 ad
183 1057 266 1095 aucas
284 1060 341 1106 res,
364 1051 397 1096 ut
414 1061 527 1098 menum
545 1061 651 1106 nornen
671 1053 747 1098 esset
765 1053 795 1097 et
811 1045 864 1096 vix
882 1044 1021 1098 auderent
1039 1043 1152 1098 tribuni
1176 1041 1270 1112 plebis

39 1061 225 1168 intercedere
243 1115 274 1166 ia
294 1113 355 1168 ulle
374 1132 416 1178 re,
436 1131 473 1168 ne
492 1115 523 1168 id
540 1123 642 1168 contra
661 1113 756 1191 legem
767 1115 934 1169 Corneliam
953 1121 1003 1168 eut
1020 1131 1075 1184 per
1092 1113 1270 1178 calumniam

39 1187 181 1238 fecisses
242 1193 372 1250 erratur,
391 1193 425 1238 ut
444 1187 583 1255 Opimius,
609 1186 644 1240 de
663 1203 722 1255 quo
740 1205 767 1238 v.
788 1186 850 1238 Cic.
876 1187 959 1242 verr.
980 1191 995 1240 l
1015 1193 1089 1238 extr.
1128 1185 1171 1238 lta
1195 1183 1268 1236 Ern.

43 1259 76 1308 in
94 1253 167 1310 Ere.
228 1255 269 1308 11.
287 1255 324 1310 ad
342 1253 422 1310 suet.
443 1258 491 1310 cui
514 1257 730 1328 adstipulantur
748 1256 874 1312 Oudend.
904 1264 934 1312 et
950 1256 1046 1312 Wolf.
1073 1289 1107 1300 -·
1125 1255 1270 1324 aereque

40 1327 116 1395 ipsis
135 1327 167 1380 ἀι
185 1327 306 1394 templis,
326 1326 362 1380 sd
380 1343 480 1382 eorum
499 1330 633 1398 parietes,
658 1331 746 1395 figere
764 1343 845 1392 uera,
869 1327 943 1382 haec
961 1327 1036 1382 scu
1053 1328 1085 1380 iu
1102 1344 1149 1380 aas
1168 1325 1269 1380 incisa.

41 1417 71 1452 v.
90 1397 126 1450 ad
144 1402 171 1462 3,
191 1400 236 1461 57,
255 1399 280 1454 t.
299 1399 388 1466 ligere
405 1413 474 1452 uero
490 1399 561 1454 edd.
581 1417 640 1452 rec.
663 1417 699 1454 ex
718 1398 829 1454 emend.
849 1397 928 1452 Piclr.
948 1400 1015 1463 fiere
1030 1396 1270 1462 assuefacere

42 1483 112 1520 oros
131 1468 194 1522 edd.
212 1478 271 1524 vet.
288 1501 320 1512 -
350 1471 521 1524 sumundum
539 1471 578 1522 od
594 1470 773 1524 mesariam.-
801 1485 934 1535 ,semare
951 1469 1001 1524 hic
1018 1485 1078 1522 non
1097 1477 1141 1522 est
1159 1483 1269 1522 sacrem

41 1541 139 1594 secere
157 1557 231 1605 rem,
249 1557 323 1609 quse
341 1547 409 1592 ante
427 1540 559 1615 vulgaris
575 1542 645 1606 ruis,
674 1542 723 1596 sed
741 1541 930 1604 constituere,
956 1540 1112 1592 instituere
1136 1556 1200 1592 rem
1225 1555 1270 1592 su·

41 1625 133 1673 cram,
152 1617 186 1662 ut
204 1616 230 1672 l,
241 1614 284 1666 2³.
304 1610 386 1662 ludu
403 1611 529 1664 auwuvt't
548 1619 604 1664 est:
624 1612 755 1664 instituit
771 1610 865 1676 ludos,
884 1627 947 1663 rem
966 1625 1085 1664 sacram.
1111 1610 1156 1664 Ne
1175 1611 1270 1685 igitur

42 1680 248 1750 interpreteris
269 1697 324 1733 nm
352 1680 414 1734 das
437 1680 635 1736 Andenken
662 1699 704 1734 au
727 1681 915 1757 heiligen,
941 1681 991 1736 sed
1015 1699 1080 1734 aur
1098 1681 1270 1756 Stiltung

40 1750 820 1878 e:eseur{successeur
834 1751 1294 1878 :essemus

42 1893 176 1957 reddere,
189 1839 298 1948 ¹(ierim.
311 1861 551 1970 'verewigem
570 1903 604 1946 ut
622 1913 666 2017 Ἣ.
685 1861 814 1961 bisiae,
834 1841 986 1960 dd·p(biot't
1004 1894 1164 1964 eloquentia
1183 1893 1268 1948 Cato·

42 1963 89 2016 esis
107 1971 223 2016 samum
241 1964 359 2032 seriptis
376 1965 468 2019 omnis
485 1965 612 2033 geom)
658 1975 731 2021 orat.
751 1966 798 2020 od.
818 1971 845 2030 l,
864 1968 909 2030 to,
930 1971 971 2021 ll.
996 1965 1077 2020 Ouid.
1097 1965 1174 2020 Fast-
1194 1968 1221 2030 4,
1240 1967 1267 2032 8,

40 2037 86 2091 64.
105 2037 188 2111 virg.
208 2035 279 2088 Aen.
301 2040 345 2100 lt,
366 2039 426 2091 ltl.
465 2037 541 2090 ilinc
560 2045 590 2088 et
609 2053 696 2108 supro
715 2041 743 2102 l,
761 2041 804 2092 ts.
823 2052 939 2090 eoorore
958 2035 1088 2090 leodosio
1104 2037 1272 2090 messoriam

41 2107 166 2160 osicvive
185 2105 225 2160 id.
236 2106 283 2176 qd.
304 2108 336 2160 in
354 2105 499 2161 bonorem
516 2107 640 2160 alicuius
658 2115 688 2162 et
705 2109 737 2176 in
754 2115 928 2178 perpetuum
947 2107 1102 2160 instituere
1121 2105 1215 2172 ludos,
1234 2113 1269 2160 ut

42 2177 185 2232 memoria
212 2179 440 2243 eius'sscretur,
470 2177 498 2231 h.
519 2195 542 2232 e.
569 2181 602 2232 in
629 2187 782 2235 aeternum
804 2186 1002 2234 conservetur.
1028 2209 1061 2220 -
1098 2193 1152 2232 nau
1177 2175 1268 2244 specie

41 2249 208 2317 religiosis,
228 2247 280 2300 sub
297 2256 452 2318 praetextu
469 2252 541 2314 eius,
561 2251 592 2302 in
610 2239 810 2316 isnbitionem,
830 2251 1076 2303 concertationem
1100 2249 1137 2304 de
1161 2247 1268 2304 maiori

41 2320 210 2390 minorique
227 2320 376 2390 stylorum
394 2322 558 2384 sanctitate,
575 2339 611 2374 ex
629 2337 768 2392 perverso
789 2319 908 2374 honoris
930 2319 1025 2372 studio
1044 2328 1138 2375 ortam
1157 2318 1270 2372 letale:

41 2399 153 2456 meur,
173 2410 201 2444 v.
221 2392 257 2446 ed
274 2393 302 2456 2,
321 2393 366 2457 38,
384 2395 410 2449 5.
431 2399 461 2448 et
479 2392 515 2444 H.
535 2392 559 2456 1,
580 2399 605 2457 l,
624 2397 666 2448 b..
690 2391 883 2458 „Germanice
910 2408 963 2444 neu
987 2391 1112 2452 reddunt
1137 2389 1267 2454 demit,
1381 2450 1382 2454 Ἰ

42 2473 75 2516 ut
93 2465 136 2516 its
154 2481 219 2518 esra
231 2462 267 2518 ad
280 2458 446 2517 redundam
463 2465 634 2520 memoriam
651 2464 709 2517 fixe
721 2479 783 2518 esse
802 2463 947 2528 dicantur,
965 2478 1002 2516 ns
1022 2463 1119 2531 specie
1138 2489 1171 2499 -
1190 2459 1267 2514 dela-

42 2537 193 2590 hermeus.
231 2533 311 2600 Quod
330 2543 496 2590 contortum
515 2543 567 2590 est.
604 2535 698 2589 Immo
717 2536 774 2588 duo
793 2536 891 2588 Patres
910 2535 1059 2586 iussersmt
1082 2531 1130 2586 vel
1148 2547 1267 2585 monue-

43 2615 123 2672 runt,
142 2607 273 2676 ιιτίιιιιιιιι
290 2613 325 2657 ut
342 2624 408 2662 aera
426 2607 446 2660 ii
470 2614 599 2674 crentur,
619 2605 744 2660 alterum
762 2623 799 2662 ne
853 2607 915 2659 ecie
932 2632 965 2643 -
980 2603 1192 2664 debueramus.
1220 2603 1266 2658 Ad

43 2675 169 2730 alterum
186 2673 350 2732 membrum
369 2695 384 2732 e
401 2627 490 2734 serio
509 2677 581 2732 ioasi
600 2671 743 2747 ἀναλόγως
761 2677 857 2733 intel.
875 2673 1007 2730 moniti.“
1034 2675 1142 2729 Woltb.
1168 2675 1267 2730 Petras

42 2765 108 2802 aare
125 2749 227 2817 potius
321 2748 357 2802 da
374 2765 522 2816 censuere,
541 2758 574 2804 ut
592 2757 757 2806 sacraretur
775 2749 917 2806 memorie
942 2749 997 2814 rei,
1023 2755 1053 2804 at
1077 2763 1140 2814 neu,
1167 2754 1198 2804 et
1220 2763 1267 2812 ne,

44 2819 146 2889 specie
162 2848 196 2864 -
214 2820 250 2874 ds
314 2827 425 2876 untur.

471 2963 666 3021 CAPUT
718 2965 843 3022 LXIV.

127 3067 197 3134 Sub
219 3067 307 3151 idem
330 3080 460 3156 tempus
486 3071 592 3134 iuliae
614 3073 786 3158 Augustae
814 3069 971 3135 valetudo
1001 3077 1099 3132 atrox
1127 3073 1266 3132 necessi·
1320 3073 1322 3078 '

44 3151 198 3232 tardiorem
209 3152 359 3236 Principi
382 3159 462 3218 fecit
482 3157 630 3218 festinati
653 3158 687 3216 in
700 3153 824 3218 Urbem
846 3153 987 3230 reditus,
1009 3155 1138 3216 sincere
1161 3151 1269 3216 adhuc

45 3238 136 3300 iuter
157 3243 299 3300 matrem
322 3235 500 3322 liliumque
528 3239 708 3302 concordie
737 3242 810 3300 sive
843 3239 984 3299 occultis
1011 3235 1107 3298 odiis.
1151 3233 1269 3318 Neque

45 3321 134 3380 enim
156 3320 262 3380 multo
282 3329 371 3398 ente,
392 3343 494 3404 quum
523 3321 612 3382 haud
641 3323 760 3404 procul
788 3321 921 3383 theatro
943 3317 1100 3380 Marcelli
1128 3318 1269 3406 effigiem

46 3399 125 3464 divo
148 3403 301 3488 Augusto
331 3401 429 3465 Iulia·
443 3404 581 3482 diceret,
603 3403 735 3468 Tiberii
764 3423 885 3468 nomen
907 3423 968 3466 sne
994 3403 1268 3484 postscripserats
1334 3455 1337 3460 .

43 3483 145 3568 idque
166 3485 224 3545 ille
245 3485 445 3548 credebatur
472 3495 512 3548 ut
544 3489 685 3549 interius
717 3489 890 3566 maiestate
913 3487 1079 3567 Principis
1103 3487 1205 3570 ¹gravi
1235 3493 1292 3548 et.

43 3567 253 3630 dissimulate
276 3571 457 3631 offensione
479 3569 654 3633 abdidisse.
688 3569 755 3634 Sed
778 3581 849 3632 tum
872 3570 1035 3650 supplicia
1047 3567 1111 3630 diis
1133 3567 1268 3651 ludique

43 3651 158 3736 magni
188 3651 229 3710 eb
256 3661 371 3712 senatu
401 3647 640 3731 decernuntur,
677 3675 757 3736 quos
784 3653 961 3722 Pontifices
997 3659 1033 3712 et
1056 3671 1199 3736 augures
1236 3657 1270 3712 et

44 3730 304 3815 quindecimviri
346 3737 560 3822 septemviris
603 3737 703 3798 simul
744 3745 777 3796 et
818 3733 987 3796 sodalibus
1030 3733 1270 3820 Augustalibus

45 3815 195 3878 ederent.
239 3815 424 3880 censuerat
445 3818 486 3882 L,
508 3817 692 3899 Apronius,
721 3827 761 3880 ut
781 3819 921 3884 Fetiales
952 3835 1081 3900 qnoque
1109 3819 1152 3878 iis
1182 3815 1270 3878 ludis

43 3897 286 3982 praesiderent.
331 3899 544 3962 contradixit
565 3900 701 3980 Cacsar,
722 3901 880 3962 distincto
902 3897 1167 3962 sacerdotiorum
1195 3901 1269 3960 iure

43 3993 77 4044 et
99 3983 255 4065 repetitis
278 3985 451 4065 exemplis:
473 4005 580 4066 neque
602 3987 690 4046 enim
710 4005 854 4066 unquam
878 3982 1057 4044 Fetialibus
1078 3981 1142 4046 hoc
1170 3982 1269 4044 meie—
1384 4034 1387 4041 .

43 4068 140 4128 stetis
164 4065 274 4127 ruisse.
320 4065 399 4127 Ideo
421 4067 620 4153 Augustales
642 4067 801 4144 adiectos,
823 4068 900 4146 quie
921 4065 1097 4147 proprium
1119 4067 1190 4126 eius
1213 4063 1270 4126 do·

44 4169 121 4211 mus
145 4145 371 4210 secerdotium
393 4159 492 4228 essct,
514 4166 577 4232 pro
600 4169 664 4232 qus
686 4159 765 4212 vota
786 4149 1073 4231 persolverentur.

118 4251 143 4304 1.
165 4247 258 4300 lutiae
277 4249 436 4317 Augustae,
456 4250 565 4303 Liviae.
591 4269 620 4306 v.
645 4249 682 4304 ed
706 4255 732 4315 l,
758 4253 785 4316 8,
812 4252 839 4305 2
864 4278 905 4291 -·
932 4247 965 4302 ιἰι
992 4246 1093 4304 umen
1119 4245 1271 4302 reditus«

44 4319 214 4390 cmpnie
252 4319 297 4374 Gi.
316 4337 342 4377 c.
361 4324 408 4377 dl.
429 4330 458 4376 vt
476 4323 522 4379 69.
543 4351 576 4364 -
612 4321 724 4376 essm
742 4353 776 4366 -
795 4319 946 4376 concordia
964 4319 1023 4374 aior
1046 4318 1164 4372 occultis
1185 4317 1281 4396 odiis„
