2828 4794
150 143 222 260 ‘ss
585 183 831 252 auummu
860 133 946 252 um
965 183 992 251 1.

179 375 255 422 cum
274 353 481 440 primoribus
508 355 657 420 civitatis
684 353 872 438 duabusque
892 351 1073 436 praetoriis
1094 351 1285 414 cohortibus
1314 351 1385 413 mit-u

177 447 277 518 teret,
305 439 405 501 nullis
436 439 517 502 satis
538 439 640 500 cortis
660 437 836 515 mandatis,
869 456 908 499 ex
928 455 967 498 re
988 434 1229 498 consulturum.
1271 433 1311 494 Et
1335 435 1385 494 col

141 541 144 552 ⁴
177 522 295 586 hortea
322 521 450 585 delecto
477 522 584 584 milite
609 540 712 603 supra
740 521 879 582 solitum
906 517 1069 584 firmatae.
1113 516 1258 580 Additur
1277 535 1385 600 magna

41 665 44 676 ,
137 629 142 644 ι
177 625 257 688 pars
277 606 485 688 praetoriani
507 606 627 688 equitis
656 612 691 666 et
715 603 840 665 robora
869 599 1124 680 Germanorum,
1153 603 1209 684 'qui
1237 608 1309 662 tum
1336 605 1385 686 ιιι-ι

178 687 290 752 stodes
312 689 512 771 Imperatori
539 686 687 751 aderant.
729 686 838 748 Simul
865 685 1028 766 praetorii
1062 687 1248 766 praefectus
1282 682 1385 760 Aelius

178 771 331 852 Seianus,
363 771 492 857 collega
513 769 670 833 Straboni
698 771 789 852 patri
815 788 875 832 suo
904 765 1011 850 datus,
1039 787 1157 853 magna
1183 763 1271 850 apud
1289 765 1385 830 Tibe*

177 857 268 918 rium
289 855 503 932 auctoritato,
524 862 640 916 rector
659 853 774 916 iuveni
795 859 830 913 et
850 853 971 913 ceteris
992 852 1220 933 periculorum
1233 843 1385 932 praemisi

177 957 320 1020 rumque
347 945 543 1000 ostentator.
594 936 706 999 Druso
733 935 983 1019 propinquanti,
1016 936 1110 1016 quasi
1142 953 1202 1016 per
1236 933 1385 1006 officium

76 1062 79 1076 ·
179 1021 299 1084 obviae
320 1023 415 1084 lucre
438 1021 596 1122 legiones,
618 1037 686 1080 non
705 1019 824 1096 laetae,
852 1025 891 1078 ut
916 1014 1050 1100 *assolet
1080 1035 1184 1099 neque
1201 1011 1385 1101 insignibus]

177 1103 354 1205 fulgentes,
386 1101 445 1166 sed
474 1104 593 1168 alluvie
620 1102 762 1164 deformi
791 1113 825 1164 et
845 1101 955 1179 vultu,
987 1119 1172 1184 quanquam
1200 1099 1385 1162 maestitiam

178 1187 405 1264 imitarentur,
427 1187 652 1250 contumaciae
673 1186 861 1268 propiores.
915 1205 919 1220 ·
1384 1199 1385 1236 l

251 1309 276 1360 1.
296 1303 444 1358 obsimus
462 1310 488 1357 et
506 1302 664 1357 tristissima
682 1317 798 1372 quaeum
814 1279 1128 1366 mmtme'ocmuoum,
1147 1307 1199 1370 „ct
1214 1299 1331 1354 merito.
1350 1297 1385 1372 Oli

180 1373 289 1439 inimo,
308 1379 334 1431 1.
353 1378 399 1441 23,
417 1379 443 1434 5.
471 1375 551 1428 Caes.
563 1379 590 1440 7,
609 1377 682 1432 'lif‘
709 1375 790 1429 Grec.
815 1373 963 1426 obstrusum
987 1373 1033 1435 (ut
1053 1371 1089 1426 al.
1113 1379 1199 1427 tectus
1220 1379 1251 1427 et
1271 1372 1385 1438 occultus,

163 1455 313 1504 .nostrnm
338 1447 562 1512 versteckt),
577 1439 721 1511 Tiberium,
740 1445 791 1514 qui
815 1461 915 1498 seusus
933 1460 998 1497 suos
1019 1445 1135 1514 penitus
1155 1443 1262 1498 abdere
1282 1441 1385 1510 solebat}

178 1537 208 1574 v.
224 1535 286 1590 cap.
299 1523 342 1576 ll.
362 1552 396 1564 -
414 1519 498 1574 nullis
515 1517 585 1572 aulis
602 1519 685 1572 certia
701 1511 845 1580 mandatis,
869 1518 907 1569 cf.
925 1515 985 1572 lnd.
1004 1517 1058 1570 lll.
1078 1533 1106 1570 v.
1120 1517 1343 1572 Homoeoteleutu.
1360 1519 1385 1556 α’

179 1607 214 1645 er
231 1607 262 1647 re
280 1591 471 1657 consulturumq
489 1589 714 1648 Woltmannus:
747 1586 842 1641 uach
866 1587 933 1642 den
957 1589 1187 1654 Umst'a'nden
1212 1589 1337 1643 sollte
1357 1599 1385 1640 en

178 1661 354 1716 handeln.
375 1662 419 1716 Cf.
435 1660 501 1718 lnd.
517 1663 558 1718 11.
576 1680 604 1714 v.
619 1679 654 1714 ea
668 1660 746 1715 etad
760 1659 795 1714 G.
811 1663 836 1716 7.
856 1677 884 1714 ιι.
900 1665 926 1717 l.

251 1737 279 1792 2.
305 1748 406 1800 magna
431 1749 500 1804 pora
522 1734 694 1804 praetoriani
716 1735 816 1802 equitis
836 1733 993 1801 (equitum,
1012 1750 1039 1786 r.
1056 1731 1119 1786 lnd.
1136 1732 1192 1790 111.
1220 1751 1250 1786 v.
1271 1733 1385 1846 Numenq

139 1839 143 1848 ·
177 1807 254 1874 ring.
271 1823 321 1876 pro
338 1805 422 1873 plur.)
442 1814 469 1860 et
481 1809 579 1860 robora
598 1806 784 1859 Germanorum
803 1811 858 1857 cet.
877 1823 906 1859 v.
926 1803 961 1858 ad
972 1808 1015 1871 13,
1036 1807 1078 1862 18.
1105 1837 1138 1847 —
1163 1805 1385 1876 praetoriique

178 1863 1385 1948 mmhmmfflmmmMffilmmhLa-mmmmd

179 1950 254 2016 adl,
274 1951 302 2020 3,
321 1953 347 2006 l.
368 1957 396 2003 et
408 1952 444 2003 cf.
460 1950 497 2004 ad
513 1953 539 2016 3,
559 1951 601 2007 48.
621 1983 654 1992 -
673 1955 821 2004 ostentator
834 1949 1019 2016 periculorum,
1038 1956 1138 2003 rector
1152 1966 1315 2020 poenarum
1334 1911 1385 2018 peri

155 2021 337 2086 'minacibus
366 2023 541 2090 praeminum
566 2021 603 2074 ad
630 2019 783 2074 meliorem
816 2037 931 2074 sensum
957 2020 1111 2073 redituris:
1141 2039 1201 2076 non
1227 2022 1314 2091 quasi
1338 2011 1385 2156 ipsp

178 2094 330 2164 utriusque
348 2095 482 2148 furtunae
501 2093 660 2164 exemplar,
679 2101 713 2145 ut
730 2093 836 2145 volunt
850 2091 1002 2158 nonnulli;
1022 2093 1110 2158 Wolf.
1131 2101 1299 2162 seleucim
1325 2111 1373 2144 ua

177 2167 214 2222 H.
230 2169 256 2228 2,
274 2169 319 2234 80,
338 2167 366 2223 6.
385 2199 418 2210 -
438 2167 518 2237 menei
532 2183 584 2234 per
601 2165 721 2232 officium
740 2167 875 2235 (propter
890 2165 939 2219 off.
953 2165 1000 2218 vel
1019 2165 1082 2218 aius
1105 2183 1198 2232 causa,
1222 2183 1253 2220 r.
1268 2165 1331 2218 ind.
1348 2159 1385 2244 lli

178 2240 274 2294 obuiae
290 2238 368 2306 fuere
385 2237 518 2305 legiones,
547 2256 574 2290 v.
595 2237 630 2290 ad
652 2240 679 2300 2,
706 2241 794 2297 421.
820 2271 853 2282 -
879 2255 931 2290 uon
948 2237 1047 2302 luetur,
1074 2243 1103 2290 ut
1121 2239 1221 2292 assolet
1240 2255 1282 2292 sc.
1298 2237 1385 2306 fieris

178 2307 1345 2378 mmmfflbfflssdfflsthmffldismmmmmfflzffime

177 2387 224 2441 14.
242 2386 287 2446 36,
306 2385 349 2440 23.
369 2385 413 2443 lt,
433 2387 475 2440 14.
502 2415 533 2425 -
560 2397 643 2452 neque
666 2381 805 2446 fulgentes
829 2381 993 2446 insignibus,
1019 2381 1127 2450 aquilis
1140 2381 1301 2458 signisque,
1330 2399 1379 2451 qna

177 2455 262 2508 rebus
276 2455 359 2508 laetis
373 2455 513 2523 scitisque
527 2452 628 2507 diebus
644 2453 735 2506 nitida
753 2463 844 2520 erant,
862 2460 1019 2524 praetersa,
1039 2453 1197 2528 fulgentia,
1214 2455 1303 2508 lauro
1323 2454 1382 2506 flor'

177 2526 289 2596 busque
310 2531 410 2580 ornata
428 2537 458 2581 et
479 2528 640 2600 unguentis
662 2525 798 2588 delibuta,
827 2525 957 2579 tristibus
976 2541 1047 2578 vero
1069 2527 1210 2594 squalida,
1245 2530 1360 2596 incomp

179 2597 333 2662 inhonora,
353 2599 403 2652 rel
421 2599 546 2655 inversa.
566 2615 595 2650 v.
617 2595 655 2651 ad
671 2602 698 2659 3,
716 2597 742 2654 2.
762 2601 805 2659 1⁵,
823 2603 866 2656 29.
895 2599 971 2668 Lips.
992 2613 1053 2650 exc.
1070 2597 1118 2652 lli.
1139 2600 1174 2652 ad
1197 2599 1268 2653 Tac.
1288 2603 1361 2652 Ann.

153 2685 157 2698 ·
176 2671 326 2736 „iusignia
345 2675 411 2722 sunt
425 2676 596 2724 ornamenta
609 2677 639 2724 et
657 2669 776 2733 indicia,
796 2687 831 2726 ex
847 2669 949 2740 quibus
963 2671 1151 2746 cognoscitur
1163 2671 1291 2725 alicuius
1308 2671 1383 2746 dign'

177 2748 230 2804 tas,
249 2741 330 2804 crdo,
349 2741 456 2814 gradus
478 2743 527 2796 vel
548 2742 651 2812 quibus
676 2741 710 2812 ab
734 2740 801 2794 aliis
828 2742 918 2796 distin
962 2743 1033 2806 itur,
1058 2750 1091 2794 ut
1111 2759 1216 2816 regum
1241 2761 1349 2799 corona
1384 2805 1385 2808 Ἴ

178 2821 302 2884 sceptra,
321 2813 474 2866 consulum
489 2815 590 2880 fasces,
609 2821 675 2888 toga
694 2821 853 2884 praetexta,
873 2815 913 2868 sel
930 2834 945 2868 a
965 2813 1086 2880 curulis,
1106 2815 1258 2891 legionum
1280 2817 1373 2886 aquila

139 2907 146 2940 ι
178 2885 310 2940 militum
335 2887 418 2961 galea
441 2891 469 2939 et
493 2887 661 2940 cassiacum
683 2886 788 2955 pennis
801 2895 830 2941 et
848 2887 930 2957 apice
944 2887 1086 2958 plumato,
1108 2898 1136 2941 et
1149 2886 1276 2944 chlamis
1291 2897 1321 2943 et
1341 2889 1385 2940 ci¹

178 2907 1382 3038 &Qmwmmffimmwmmffimfflmmbmefflss

177 3039 347 3084 ornamenta
362 3049 515 3101 annaque3
535 3032 611 3086 unde
628 3031 724 3084 illmrie
736 3032 861 3100 deformi,
880 3039 913 3084 ut
925 3031 958 3088 li
973 3034 1000 3092 4,
1018 3035 1062 3090 46.
1089 3033 1132 3086 cf.
1147 3033 1183 3086 li.
1197 3039 1224 3101 l,
1244 3037 1293 3094 38,
1314 3039 1356 3094 82.
1374 3029 1385 3118 q

66 3110 72 3132 l
177 3095 838 3168 Qffissfflfflmbffizfflssmst
1300 3111 1385 3126 '¹

613 3255 807 3314 CAPUT
855 3257 978 3324 XXV.¹

258 3364 435 3449 Postquam
456 3367 582 3430 vallum
603 3367 748 3447 introiit,
780 3377 894 3451 portas
914 3367 1115 3432 stationibus
1136 3369 1292 3452 firmant,
1335 3367 1385 3456 gul

176 3447 236 3509 bos
267 3457 475 3512 armatorum
506 3452 608 3512 certis
633 3458 822 3514 castrorum
852 3451 933 3514 locis
960 3471 979 3514 ο
1004 3454 1111 3534 periri
1132 3454 1265 3517 iubent:
1301 3433 1385 3528 cetei,

175 3531 324 3593 tribuual
344 3534 472 3619 ingenti
494 3535 624 3620 agmine
650 3535 930 3600 circumveniunt.
972 3471 1088 3600 itabat
1116 3536 1248 3600 Drusus
1274 3535 1385 3684 silentq

175 3633 233 3674 um
254 3635 354 3677 manu
375 3635 525 3698 poscens.
570 3615 633 3695 Illi,
656 3619 810 3698 quotiens
838 3619 952 3680 oculos
974 3617 1016 3682 ad
1037 3617 1291 3682 multitudinem
1314 3629 1366 3682 ret
1384 3687 1385 3708 ,

175 3696 297 3777 lerant,
319 3700 459 3762 vocibus
481 3701 678 3762 truculentis
699 3697 869 3783 {strepere
898 3722 1036 3764 rursum
1063 3703 1137 3766 viso
1159 3701 1304 3766 Caesare
1336 3713 1385 3774 tra

175 3777 303 3862 pidare.
346 3779 506 3844 Murmur
527 3785 710 3856 incertum3
732 3781 831 3846 atrox
852 3783 980 3846 clamor
1001 3794 1036 3847 et
1057 3794 1195 3868 repente
1217 3789 1332 3870 quies:
1355 3785 1385 3848 di

174 3865 283 3926 versis
306 3867 497 3928 aninrorum
517 3867 670 3928 motibus.
685 3867 852 3948 pavebant
871 3869 1121 3951 terrebantque.
1164 3869 1331 3948 Tandem,
1353 3872 1385 3932 in

173 3953 330 4030 terrupto
346 3950 513 4025 tumultu,
527 3949 640 4011 literas
658 3952 763 4030 patris
780 3953 911 4029 recitat,
932 3953 968 4012 in
983 3953 1056 4034 quis
1068 3955 1294 4036 perscriptum
1312 3949 1385 4026 erat]

170 4033 373 4110 praecipuam
389 4035 455 4111 ipsi
474 4031 722 4111 fortissimarum
744 4032 902 4116 legionum
924 4053 1039 4113 curum,
1061 4027 1245 4117 quibuscum
1261 4033 1385 4119 plurimi

174 4111 258 4176 bellu
291 4114 501 4180 toleravisset.
548 4115 611 4180 Ubi
635 4118 768 4196 primum
788 4137 810 4176 u
830 4115 919 4178 luctu
950 4121 1124 4200 requiesset
1145 4123 1278 4198 unimus,
1310 4129 1385 4188 netu

175 4215 242 4258 rum
261 4197 351 4278 opud
369 4195 486 4264 Patres
511 4199 748 4280 depostulans
768 4219 882 4262 eorum.
924 4201 1059 4264 Misisse
1079 4205 1206 4266 iuterim
1217 4202 1344 4283 filium,
1365 4217 1385 4272 u

175 4281 245 4342 siue
273 4276 476 4346 cunctationi
504 4284 699 4360 concederet,
726 4302 808 4364 quae
832 4286 943 4348 stetim
971 4285 1075 4350 tridui
1096 4300 1256 4366 possent·
1281 4283 1385 4364 Ceteri
