2762 4788
269 196 331 260 ns
354 195 469 260 anm
490 177 726 262 omroms.
770 197 799 282 a.
822 195 934 262 xxv.
1152 196 1217 254 xor

26 366 146 438 eiectis
184 365 509 438 accommodatum
552 367 709 440 videtur.
769 370 871 464 Aper
892 366 1056 440 ‘omnino
1098 377 1218 462 partes

26 491 81 536 suas
107 467 252 560 egregie
284 467 358 560 egit
394 476 431 537 et
470 467 766 559 prudentissime.
817 469 919 540 Bene
951 466 1218 557 animadvertit,

25 711 102 758 nsoter
116 703 326 778 deciperetur,
357 703 515 773 sedidem,
534 705 593 760 nisi
613 707 713 774 fallor,
741 707 776 762 ab
795 707 839 762 ele
861 707 957 762 antiae
975 716 1005 763 et
1021 703 1218 778 pulchritudi·

23 779 51 828 nis
64 778 164 832 ntione
183 777 347 832 aberraret.
384 777 448 832 Neo
464 778 531 832 fieri
571 785 676 845 oter-at,
694 787 729 833 ut
746 779 1007 845 dissimilitudinis,
1038 795 1112 848 quae
1139 779 1219 830 inter

24 850 140 920 utriusque
159 850 266 903 aetatis
286 856 415 904 oratores
434 849 547 904 interce
569 850 601 916 't,
621 851 755 926 singulae
772 859 870 922 partes
889 851 1057 904 minutatim
1081 857 1111 904 et
1128 866 1219 902 mern·

23 919 95 972 lratiru
110 929 348 974 recenserentur.
386 919 459 974 Sunt
478 922 557 974 enim
576 921 607 974 in
627 921 768 976 eiusmodi
786 939 819 976 re
836 921 993 994 permulta,
1013 938 1086 992 quac
1101 919 1219 998 elegan-

22 993 58 1042 tiae
72 993 162 1044 sensui
180 999 212 1046 et
231 989 352 1058 iudicio,
380 1010 453 1063 quae
472 993 503 1046 in
522 992 646 1046 diversis
664 991 833 1048 bominibus
851 993 1051 1048 diversissima
1069 999 1146 1054 sunt,
1170 1007 1219 1044 re-

24 1062 142 1130 linquenda
168 1063 344 1130 rideantur,
372 1073 524 1136 praeterea
553 1072 702 1120 oratorum
728 1065 803 1120 alius
826 1065 884 1119 alia
907 1065 1021 1118 virtute
1044 1063 1166 1118 excellit
1189 1069 1219 1116 et

23 1133 213 1188 inlustriores
231 1133 311 1187 baud
329 1135 414 1206 pauci
431 1135 580 1208 prioribus
598 1135 672 1202 illis,
693 1136 719 1188 si
738 1153 797 1190 non
816 1137 949 1191 omnibus
968 1135 1101 1190 laudibus
1119 1135 1219 1188 dieen-

22 1203 79 1274 liqoe
99 1205 272 1292 generibus,
301 1213 398 1260 tamen
423 1207 525 1260 multis
551 1208 646 1276 iisque
669 1207 862 1262 dissimilibus
879 1207 1080 1279 aequiparant.
1115 1205 1219 1276 Neque

23 1275 131 1331 ilrolut
150 1286 265 1342 auctor,
290 1285 326 1330 ut
343 1279 394 1348 qni
413 1287 505 1334 aetate
524 1280 703 1348 posteriores
723 1287 819 1334 essent
837 1286 1106 1344 contemnerentur,
1135 1293 1219 1346 aupe-

21 1347 83 1400 riores
99 1349 302 1416 laudarentur,
322 1349 372 1402 sed
388 1359 422 1404 ut
441 1367 553 1416 causae,
581 1366 635 1403 cur
658 1349 762 1407 abbis
788 1351 837 1404 illi
856 1353 1040 1412 recesserint,
1060 1349 1168 1404 investi
1206 1377 1219 1388 -

21 1426 100 1475 rentur.
138 1420 234 1486 Quam
254 1419 290 1473 ob
308 1437 372 1474 rem
390 1421 478 1492 Aper,
498 1421 546 1474 cui
565 1419 621 1474 boo
638 1439 753 1488 munus,
772 1431 806 1475 ut
824 1423 967 1508 quomodo
986 1429 1092 1475 aetates
1118 1421 1146 1473 d'
1173 1437 1221 1474 er·

20 1499 65 1541 rm
78 1492 255 1562 exquireret,
277 1493 426 1547 commodo
444 1493 616 1564 impositum
635 1501 707 1580 erat,
727 1494 893 1548 rectissime
913 1511 980 1578 rem
999 1494 1040 1546 ita
1058 1493 1160 1558 vertit,
1186 1499 1220 1542 ut

21 1562 826 1706 tttttuftttlttttttt’ttttlfftttttt
845 1562 1220 1700 illisii‘i'illtalil.

20 1705 129 1759 ostendat.
167 1705 279 1760 'l'otum
298 1707 483 1778 eloquentiae
510 1705 644 1759 habiturn
667 1713 697 1760 et
715 1707 831 1760 vultum
850 1708 947 1760 animo
967 1704 1220 1776 complectendum

20 1773 282 1828 nomismatum
301 1793 362 1830 esse
381 1775 511 1830 affirmat
527 1785 614 1847 atque
632 1777 839 1846 quaerendum,
859 1780 924 1832 isne
941 1785 1069 1832 mutatus
1089 1778 1147 1829 sit?
1165 1791 1221 1830 uec

22 1841 65 1896 ieri
79 1862 167 1915 posse,
186 1853 223 1898 nt
238 1843 311 1899 baec
328 1847 462 1911 mutatio,
481 1849 507 1900 si
526 1847 639 1918 quando
657 1866 721 1902 rem
740 1849 931 1914 converterit,
960 1849 994 1904 ab
1018 1864 1077 1902 uno
1100 1845 1221 1902 bomine

21 1922 38 1964 rt
52 1934 113 1969 anno
130 1919 266 1986 prolecta
285 1917 409 1970 dicatur.
447 1917 595 1994 intelligit
613 1918 708 1994 igitur
726 1917 762 1974 de
775 1919 959 1992 eloquentiae
970 1919 1057 1973 vultu
1075 1917 1221 1972 disserens

20 1993 88 2040 tetum
103 1987 221 2041 dicendi
240 2004 342 2063 pune,
374 1989 559 2060 eloquentiae
583 1990 666 2059 quasi
690 1989 820 2044 colorem
839 1991 1041 2060 diversamque
1060 1987 1221 2044 disserendi

20 2061 119 2124 »pectem
137 2067 167 2112 et
184 2059 328 2136 effigiem.
365 2061 452 2114 Hunc
469 2069 567 2131 autern
585 2061 714 2114 colorem
733 2063 854 2116 omnino
871 2069 1017 2116 mutatum
1036 2079 1099 2116 esse
1118 2076 1221 2114 conoe-

20 2127 61 2191 dn
76 2129 121 2184 sed
138 2130 336 2200 quamplura
355 2131 415 2184 sint
434 2131 619 2202 eloquentiae
659 2149 755 2199 enera,
780 2151 854 2204 quae
881 2149 948 2186 cum
966 2143 1133 2204 temporum
1152 2147 1221 2184 oon·

21 2197 104 2255 ditione
133 2211 163 2256 et
186 2201 392 2256 vicissitudine
418 2211 580 2268 mutentur,
615 2203 696 2256 arud
719 2204 772 2256 alii
796 2203 976 2275 simpliciter
993 2202 1221 2275 praeferendum

18 2286 62 2326 sue
76 2281 172 2349 neg-at.
210 2273 318 2328 Pendet
336 2275 416 2328 emm
429 2273 643 2329 baec-mutatio
657 2281 745 2343 atque
761 2276 826 2345 ipse
843 2274 949 2344 bonor,
969 2276 1022 2346 qui
1035 2273 1221 2346 eloquentiae

18 2347 95 2416 generi
112 2345 204 2399 alicui
221 2343 355 2410 babetur,
375 2363 391 2400 e
409 2347 558 2400 communi
577 2353 607 2400 et
619 2347 760 2400 universa
782 2347 1010 2417 uniuscuiusque
1035 2347 1138 2400 aetatis
1158 2343 1222 2398 cul·

19 2419 66 2466 tua
86 2425 114 2470 et
139 2433 174 2469 ex
199 2415 315 2470 diverso
340 2413 495 2470 hominurn
519 2435 615 2483 sensu,
648 2418 822 2488 quibuscum
840 2418 925 2471 rebus
951 2417 1119 2488 eloquentia
1138 2417 1222 2470 debet

16 2501 156 2570 congruere
173 2495 204 2540 et
222 2505 238 2542 e
257 2487 538 2559 quitus-secundum
557 2506 658 2544 earnm
676 2489 877 2544 diversitatem
896 2490 959 2562 ipsa
978 2489 1146 2559 eloquentia
1163 2487 1221 2540 dis-
1242 2527 1249 2541 ,

17 2557 123 2614 titulus
140 2557 234 2612 trehit
252 2560 393 2614 colorem.
429 2561 492 2614 Nec
509 2559 579 2614 adeo
599 2561 728 2614 ieiunam
746 2569 776 2614 et
793 2577 951 2632 pauperem
962 2569 1065 2614 natura
1083 2559 1222 2630 eloquen-

19 2627 71 2680 tiam
86 2632 168 2696 tecit,
186 2637 221 2682 nt
239 2647 297 2683 una
314 2630 350 2684 de
368 2649 401 2685 re
419 2631 563 2686 benedici
582 2633 640 2685 nisi
658 2646 717 2684 uno
737 2650 844 2708 genere
863 2649 922 2687 non
940 2633 1045 2705 possit,
1064 2647 1121 2702 quo
1138 2647 1221 2702 prae·

16 2697 78 2752 clusa
93 2701 175 2755 nobis
193 2721 210 2754 a
227 2702 375 2772 prioribus
393 2704 441 2757 via
460 2704 508 2757 sit.
529 2737 562 2747 -
600 2703 655 2770 Qui
674 2703 756 2756 locus
782 2721 819 2757 ne
841 2705 892 2758 vel
918 2721 1019 2760 rerum
1046 2703 1222 2756 obscuritate

16 2769 94 2840 eliqua
122 2773 171 2827 rel
195 2773 337 2826 untionis
362 2773 495 2829 exilitate
521 2775 643 2840 laboret,
667 2774 772 2828 multis
790 2777 938 2847 exemplis
962 2777 1004 2829 ita
1028 2775 1222 2849 distinguitur

15 2849 37 2891 tt
51 2843 220 2910 illustratur,
249 2851 332 2898 utet
359 2845 588 2916 praeclarissimi
606 2847 717 2916 prioris
742 2847 884 2918 temporis
903 2855 1032 2904 oratores
1051 2863 1230 2900 recenseam.

16 2923 59 2976 ter,
77 2924 104 2968 et
122 2915 244 2986 quaein
263 2917 300 2968 iis
319 2916 508 2988 vituperanda
527 2917 587 2970 sint
605 2926 797 2990 exponantur.
835 2918 895 2986 Quo
914 2919 959 2986 lit,
984 2913 1026 2984 ut,
1052 2917 1121 2970 dum
1140 2925 1222 2970 vete·
1329 2971 1330 2974 ,

16 2987 112 3040 resilii
130 2993 346 3054 enumerentur,
377 2988 466 3040 simul
491 2989 624 3066 singulae
646 2997 745 3060 partes
769 2989 971 3056 nominentur,
995 2991 1027 3042 in
1046 2987 1150 3058 quibus
1169 3003 1222 3057 po-
1310 3003 1317 3018 ¹

15 3059 138 3112 steriores
160 3078 177 3114 a
201 3058 403 3129 superioribus
431 3059 555 3113 maxime
579 3063 771 3127 recesserint,¹
793 3071 881 3134 atque
906 3060 1054 3116 uberrima
1072 3076 1173 3114 rerum
1192 3065 1223 3112 ot

15 3130 198 3200 txerrrplorum
216 3131 300 3200 eopia
317 3129 400 3184 nobis
417 3138 608 3202 proponatur.
644 3131 719 3186 Nam
739 3135 789 3204 qui
808 3149 973 3190 sermonem
991 3130 1025 3186 ab
1043 3129 1124 3202 Apro
1140 3129 1223 3184 babi-

16 3205 66 3251 tun
82 3201 237 3279 diligenter
253 3201 426 3278 perlegerit,
453 3219 484 3255 ea
503 3201 575 3273 ipsa,
600 3203 632 3254 in
650 3203 752 3273 quibus
770 3207 944 3274 posterioris
963 3204 1064 3258 aetatis
1083 3203 1222 3274 eloquen-

15 3272 47 3320 tia
63 3287 76 3322 a
92 3275 241 3344 superiore
260 3273 440 3338 discesserit,
460 3273 591 3345 exposita
609 3291 671 3329 esse
691 3275 851 3352 intelliget.
882 3277 1012 3331 Postulat
1030 3275 1110 3330 enim
1128 3277 1223 3330 serior

15 3350 79 3394 aetas
94 3345 266 3418 ampliorem
284 3344 448 3398 doctrinam
466 3353 496 3398 et
514 3345 719 3412 eruditionem,
739 3346 922 3402 subtiliorem
941 3357 1045 3414 artem,
1065 3365 1138 3418 quae
1157 3363 1222 3401 ora·

17 3411 92 3467 tiene
108 3416 142 3470 ad
159 3416 339 3488 disciplinae
356 3417 501 3470 rationem
521 3423 640 3471 revocat
668 3435 703 3471 ex
722 3434 811 3488 eaque
834 3417 996 3489 componit,
1024 3419 1117 3494 magis
1136 3435 1222 3473 orna-

16 3492 66 3535 tam
86 3495 111 3539 et
132 3487 267 3542 limatam
284 3487 492 3554 elocutionem,
518 3505 565 3541 ma
587 3489 612 3541 is
632 3489 817 3560 splendidum
838 3497 867 3544 et
886 3490 970 3562 quasi
987 3489 1104 3561 poetico
1122 3489 1222 3544 colore

19 3555 122 3612 *heman
147 3559 384 3630 descriptionum
409 3560 548 3627 nitorem,
609 3561 742 3636 rgiorern
769 3563 981 3616 sententiarum
1008 3559 1172 3614 ubertatem
1192 3567 1222 3615 ot

18 3629 109 3695 upon
130 3640 160 3685 et
185 3632 328 3684 maiorem
344 3631 470 3686 dicendi
493 3631 665 3686 brevitatem
688 3631 724 3687 ad
750 3633 939 3708 gravissimas
962 3635 1101 3705 cuiusque
1120 3649 1222 3687 causae

19 3707 94 3762 partes
110 3701 302 3756 illumandas
320 3702 517 3758 sufficientem
535 3719 624 3756 neca
642 3719 684 3770 ro,
710 3719 784 3774 quae
809 3707 840 3758 in
864 3707 1063 3759 controversia
1082 3713 1136 3770 ost,
1166 3703 1222 3758 ali·

21 3781 94 3822 mnu
114 3775 312 3829 aherrantena
358 3774 422 3828 lloc
445 3774 531 3828 modo
553 3773 634 3843 Aper
658 3776 777 3828 omnino
801 3785 831 3830 et
853 3795 917 3830 suas
941 3785 1038 3848 partes
1058 3783 1088 3830 et
1112 3775 1222 3852 dialogi

21 3855 115 3900 mera
132 3847 310 3898 sustinuisse
328 3845 489 3900 censendus
509 3853 569 3912 est,
588 3845 754 3917 quidquod
772 3847 814 3901 ita
832 3847 868 3900 iis
888 3849 1040 3915 satisfacit,
1067 3855 1102 3900 ut
1119 3865 1221 3901 rerum

22 3913 106 3978 “edun
128 3917 325 3983 admiremur,
352 3917 555 3988 exemplorum
579 3916 772 3970 multitudine
797 3927 827 3972 et
850 3917 1028 3972 iudiciorum
1052 3919 1089 3972 de
1112 3919 1222 3990 priscis

26 3988 156 4040 muribus
178 3989 308 4042 latorum
327 3989 488 4044 subtilitate
506 3988 686 4043 delectemur
695 4005 752 4042 nec
770 3989 802 4042 in
821 3997 901 4044 tanta
920 3999 949 4044 et
963 4007 1063 4043 rerum
1082 3997 1113 4044 et
1125 3996 1222 4043 estern-

25 4049 111 4132 ἤτω
126 4060 276 4113 varietate
301 4060 364 4112 ullo
382 4062 478 4115 taedio
499 4059 671 4127 afficiamur.
708 4061 810 4131 Neque
838 4061 1031 4116 omittendum
1049 4070 1103 4128 est,
1133 4059 1222 4120 buius

26 4131 54 4170 ἢ
163 4131 255 4184 endas
279 4147 385 4183 munus
410 4132 468 4202 ipsi
491 4133 572 4202 Apro
593 4149 651 4186 nec
674 4131 728 4186 alii
752 4133 889 4203 cuiquam
914 4133 1025 4203 optime
1051 4131 1221 4186 mandatum

26 4203 70 4248 'fit
192 4203 199 4216 “
226 4202 308 4254 enim
332 4202 420 4255 asnici
437 4201 515 4256 baud
538 4203 671 4280 ambigue
694 4223 711 4257 a
728 4210 853 4258 veteram
871 4211 1020 4256 oratorum
1038 4203 1171 4274 partibus
1190 4219 1222 4256 se

28 4269 76 4319 ἢ
92 4273 345 4350 significaverant.
382 4271 455 4327 Erat
472 4275 576 4350 igitur,
603 4292 692 4344 quum
710 4289 769 4332 non
792 4275 824 4330 id
840 4283 990 4351 ageretur,
1009 4281 1042 4328 ut
1059 4274 1156 4328 utrium
1174 4289 1222 4328 ae·
