2868 4792
158 189 222 258 oso
553 181 798 250 annuarum
825 183 909 249 nn.
932 183 991 248 111.

161 354 262 456 bigas
284 363 374 434 sunt,
396 352 475 416 dum
495 353 556 415 alii
576 369 707 436 quoquo
728 349 828 414 mado
849 349 1036 434 nuditapro
1050 348 1232 432 compertis
1244 346 1381 448 babent,

160 439 222 502 alsi
242 458 324 502 vera
345 441 381 500 in
402 438 611 510 contrarium
624 442 781 508 variants
804 441 838 496 st
856 435 967 534 gliscit
979 442 1159 516 utrumque
1171 439 1380 514 posteritate.

161 521 208 586 nt
228 521 371 599 Drusus,
399 519 492 584 Urbe
519 539 673 604 egressus
694 515 883 598 repetendis
905 519 1077 604 auspiciis,
1109 535 1186 598 mon
1207 535 1309 578 ovans
1331 518 1383 575 in-

161 597 278 679 t'roiit3
306 607 494 686 paucosque
515 611 591 686 post
616 601 686 664 dies
713 599 874 684 Vipsania
901 609 1008 664 mater
1039 602 1110 663 eins
1142 600 1293 676 excessit,
1313 619 1383 660 nna

161 689 310 750 omnium
330 687 499 776 Agrippae
527 687 712 748 liberorum
737 685 812 745 miti
838 685 950 745 obitu:
985 703 1061 744 nam
1089 691 1218 745 ceteros
1245 685 1383 744 manife-

162 777 250 832 stum
279 773 372 836 ferro
400 771 455 834 vel
481 767 647 832 creditum
674 775 725 830 est
750 786 878 828 venena
899 774 959 828 aut
980 769 1065 829 fame
1086 767 1276 830 exstinctos.

234 893 260 945 1.
280 887 436 942 sacerdotia
454 886 606 952 tribuenda,
689 885 795 940 erarii
809 885 927 960 generh
940 892 1032 939 erant.
1053 915 1085 928 -
1123 883 1247 938 Fulcinio
1265 891 1322 937 cet.
1341 885 1381 938 os.

162 975 223 1030 cap.
247 962 288 1020 13.
308 993 338 1003 -
378 959 407 1016 is
423 958 488 1026 pinis
505 958 559 1024 fuit
578 902 740 1024 (4144414,
758 956 797 1024 4.)
820 955 979 1010 ulciscenda
998 955 1150 1010 Germanici
1168 962 1259 1018 morte,
1276 963 1311 1008 ut
1330 971 1382 1007 es-

160 1032 259 1100 ptenda
277 1029 449 1115 simulatione
467 1031 511 1096 14,
530 1033 556 1086 4.
576 1027 666 1083 Sede
689 1067 695 1082 .
715 1027 779 1084 niv.
792 1030 819 1094 3,
831 1031 874 1086 36.
895 1027 921 1080 is
938 1027 1002 1094 pinis
1019 1027 1108 1094 Appio
1126 1025 1234 1080 atienae
1248 1041 1384 1100 personae

160 1104 300 1166 gerendae
317 1102 381 1168 fuit.
417 1101 496 1154 Hinc
512 1099 682 1158 ulciscendae
700 1099 859 1153 martiensi
878 1100 957 1151 marti
974 1099 1048 1153 coni.
1069 1097 1207 1153 Giinther
1224 1100 1256 1154 in
1274 1097 1381 1154 Athen.

162 1173 201 1240 11,
220 1177 245 1232 2.
264 1191 294 1246 p.
316 1176 378 1232 373.
415 1173 480 1227 Hoc
502 1189 574 1228 vern
598 1172 753 1249 significat,
778 1187 826 1225 eos
843 1169 986 1224 ultionem
1010 1187 1068 1224 non
1086 1171 1167 1224 ultra
1186 1189 1246 1225 esse
1264 1189 1383 1224 exsecu-

163 1253 219 1312 tos,
248 1259 338 1316 quum
361 1247 541 1317 potuissent;
573 1252 604 1300 et
622 1244 776 1298 ulciscenda
793 1249 887 1308 marte,
906 1244 1003 1316 (qnod
1023 1253 1138 1315 tempus
1163 1241 1289 1310 indicat)
1315 1258 1382 1297 eum

161 1320 253 1372 inisse
271 1319 362 1373 tinem
380 1326 453 1384 tum,
487 1335 578 1388 quum
595 1315 671 1371 hanc
688 1327 814 1372 martem
831 1315 1058 1385 ‘ulcisoerentnn
1092 1317 1140 1371 rel
1165 1319 1208 1370 ita
1231 1315 1267 1371 ad
1293 1317 1382 1370 tinum

161 1389 332 1461 perductam
359 1408 422 1446 esse
447 1391 591 1444 actionem
615 1389 651 1444 de
674 1390 839 1444 ulciscenda
859 1389 895 1446 G.
916 1397 1026 1458 merte3
1048 1389 1154 1445 Want.
1180 1389 1225 1446 Cf.
1245 1390 1308 1444 lad.
1327 1391 1382 1448 111.
1426 1451 1427 1456 ἵ

161 1462 337 1517 v.Ab1atiui
357 1459 505 1529 pendentes
528 1477 563 1514 en
588 1463 688 1515 onisco
709 1478 800 1531 praep.
826 1464 858 1516 in
878 1470 908 1518 et
928 1462 1050 1516 Genitiai
1067 1478 1101 1516 er
1124 1462 1328 1530 rependentes,
1354 1471 1382 1524 et

48 1564 51 1568 ·
161 1531 332 1590 Rarnsborn.
359 1534 458 1590 Gran.
482 1550 511 1604 p.
537 1536 597 1590 444Ι
616 1535 678 1590 446.
698 1567 731 1577 -
767 1550 819 1588 non
841 1535 916 1588 moda
935 1567 968 1577 -
988 1533 1039 1590 aed
1060 1533 1150 1600 etiam,
1175 1554 1203 1590 r.
1229 1533 1266 1590 ad
1291 1541 1318 1602 1,
1336 1539 1383 1601 6⁰,

162 1610 188 1662 l.
209 1633 244 1662 ,-
279 1605 326 1674 qui
343 1611 396 1658 tun
413 1605 543 1672 agebant,
565 1622 594 1658 r.
613 1604 693 1673 adl,
711 1606 756 1672 68,
775 1610 800 1662 1.
820 1637 853 1650 -
889 1607 1006 1674 iactata,
1032 1624 1060 1664 v.
1085 1606 1121 1660 ad
1139 1611 1183 1674 11,
1200 1609 1227 1674 3,
1246 1610 1273 1664 3.

232 1696 259 1750 3.
279 1693 357 1751 Adeo
374 1693 489 1746 nonina
507 1709 623 1763 quaeque
640 1694 769 1762 ambigna
786 1701 863 1749 sunt:
882 1695 987 1750 similis
1005 1695 1123 1767 querela
1140 1695 1271 1768 mund.
1292 1701 1319 1764 1,
1337 1700 1382 1756 33.

162 1781 218 1821 nec
235 1764 366 1832 dubium,
386 1767 458 1842 quin
476 1765 512 1818 ad
531 1783 597 1820 sum
616 1765 715 1820 locum
733 1769 899 1852 respexerit
916 1769 1038 1834 Noster;
1061 1770 1136 1836 Lipe.
1157 1803 1191 1813 -
1210 1767 1265 1823 otii
1279 1773 1382 1837 'meua

161 1837 357 1909 (quocunque)
382 1838 458 1890 nodo
483 1837 578 1892 audita
599 1853 650 1906 pro
668 1847 810 1906 conpertis
832 1839 940 1904 nabent,
964 1859 992 1897 r.
1011 1841 1048 1894 ad
1067 1845 1092 1908 1,
1111 1844 1137 1906 3,
1157 1842 1182 1896 s.
1208 1841 1306 1894 ondita
1325 1839 1380 1898 MS.

161 1928 180 1964 a
199 1927 237 1966 m.
257 1927 312 1966 sec.
342 1907 404 1964 edd.
433 1905 547 1979 Gryph.
573 1916 602 1963 et
625 1927 686 1966 rec.
712 1911 809 1964 audire
832 1910 890 1968 MS.
909 1929 926 1964 a
943 1929 982 1968 m.
1007 1929 1053 1982 pr.
1078 1919 1108 1966 et
1131 1913 1195 1967 edd.
1219 1921 1280 1970 vet
1299 1913 1380 1984 prob.

161 1980 185 2036 t.
206 1981 297 2036 Gran.
318 1981 391 2050 quia,
405 1980 516 2036 infinit.
535 1995 589 2051 pro
608 1979 756 2038 substant.
777 1992 828 2037 aut
846 1983 952 2036 Partis.
972 1991 1139 2054 usurpetur.
1177 1985 1289 2037 audiere
1306 1987 1380 2042 coni.

162 2052 278 2108 Herrm.
300 2051 378 2122 quad
394 2051 556 2118 ferendum,
576 2054 601 2106 si
620 2061 686 2108 ante
705 2070 804 2122 empna
823 2053 930 2110 excidit
948 2070 1022 2123 puae.
1044 2087 1077 2098 -
1113 2053 1210 2122 gliscit
1234 2055 1279 2122 (v.
1301 2057 1338 2112 ad
1355 2062 1379 2122 1,

163 2131 189 2191 1,
209 2123 247 2190 3,)
265 2129 399 2190 utrunprn
415 2123 586 2190 posteritate,
603 2141 658 2194 per
675 2133 818 2196 posteros,
845 2126 903 2192 rel,
921 2133 955 2178 ut
971 2133 1037 2182 ante
1055 2125 1176 2194 dictum,
1202 2127 1304 2182 secutis
1319 2136 1380 2182 ten-

158 2195 273 2266 poribus
294 2194 373 2265 naria
396 2211 497 2248 rumare
521 2195 658 2252 iactatum.

232 2287 258 2340 3.
279 2281 318 2336 tu
337 2283 442 2336 Drusus
459 2285 534 2339 Urbe
552 2299 678 2349 egressus
695 2285 850 2354 repetendis
867 2287 1008 2356 auspiciis,
1027 2295 1060 2341 ut
1077 2296 1225 2358 repeteret
1241 2290 1381 2360 auspicia,

161 2353 191 2412 h.
212 2373 235 2412 e.
257 2357 406 2426 reciperet
424 2357 593 2426 imperium,
612 2359 689 2426 quod
706 2356 816 2412 Urbem
834 2359 982 2436 ingressus
1001 2359 1146 2416 amiserat.
1177 2360 1221 2416 Gi.
1244 2360 1307 2414 lad
1328 2362 1382 2418 111.

161 2447 189 2484 v.
211 2428 349 2481 Gerundia
366 2429 397 2481 in
415 2427 524 2484 Datiao.
562 2429 666 2492 „More
684 2431 782 2500 prisco
801 2429 938 2496 obtinuit,
961 2437 1004 2496 ut,
1029 2433 1080 2502 qui
1099 2448 1115 2484 e
1154 2433 1295 2486 revinciis
1314 2450 1382 2486 cnm

160 2501 287 2570 imperio
305 2500 445 2565 redirent,
464 2499 539 2553 illud
556 2501 652 2623 ipsum
664 2502 843 2566 amitterent,
862 2501 951 2555 simul
964 2502 1124 2556 intrassent
1162 2503 1254 2570 rbem,
1273 2506 1382 2575 quique
1426 2515 1427 2518 ’

160 2569 346 2640 triumphans
374 2587 500 2626 ornasse
524 2571 568 2624 Ur
587 2589 633 2625 em
653 2572 872 2650 ingrederetur,
907 2590 974 2626 cum
1005 2573 1131 2644 imperio
1159 2574 1189 2628 id
1211 2577 1327 2630 iaceret
1351 2578 1382 2628 in

60 2649 89 2689 '1
161 2642 250 2695 illum
269 2641 355 2696 diem.
392 2641 503 2695 Drusus
522 2649 619 2696 autem
641 2644 799 2714 imperium
823 2645 959 2698 amiserat
981 2645 1129 2720 ingressus
1142 2645 1250 2700 Urbem
1268 2646 1304 2700 ob
1323 2650 1383 2702 ira·
1426 2663 1427 2668 ’

160 2715 216 2768 tris
235 2715 280 2766 sui
298 2709 431 2767 mortem.
451 2730 479 2767 v.
500 2729 562 2782 cap.
583 2718 614 2768 ll
633 2733 679 2784 pr.
703 2713 811 2769 Debuit
835 2731 905 2792 ergo
930 2724 1063 2786 repetere
1089 2719 1218 2788 auspicia
1242 2726 1271 2772 et
1289 2721 1383 2788 impe-

159 2785 251 2850 rium,
270 2792 304 2838 ut
321 2791 423 2836 ovaret.
461 2781 673 2849 111ηοῦ1053,
692 2789 735 2842 33.
754 2786 855 2850 tradit,
874 2787 899 2839 A
961 2795 1006 2840 sto
1031 2787 1182 2842 decretum
1205 2799 1383 2860 perpetuum

159 2855 368 2927 proconsulare
386 2855 556 2926 imperium,
575 2856 667 2908 itaut
685 2874 748 2944 nee,
768 2859 793 2910 si
808 2857 887 2912 intns
929 2858 1012 2912 rbem
1029 2861 1165 2922 venisset,
1185 2862 1382 2926 minueretur,

121 2957 123 2960 ·
159 2945 236 2983 nere
253 2945 403 2981 necessum
422 2935 497 2980 esset
514 2923 703 2980 ἀνανεοῦσθαι
720 2945 770 2993 την
786 2925 884 2999 ἀρχήν.
905 2929 949 2981 Oi.
969 2937 999 2983 et
1017 2930 1080 2986 Liv.
1100 2933 1145 2994 ta,
1164 2935 1190 2987 9.
1209 2932 1252 2988 21.
1272 2935 1319 2999 46,
1338 2936 1382 2990 35.

160 2997 221 3056 cic.
241 2999 277 3052 ad
295 2999 355 3054 Att.
377 3001 404 3064 7,
424 3005 449 3054 li
469 3005 499 3052 et
518 3002 543 3056 t,
563 2997 643 3056 Ouel.
662 2999 698 3052 ad
716 2998 777 3055 cic.
798 3017 842 3070 ep.
862 3002 888 3056 a.
915 3000 1032 3070 Ulpian.
1052 3001 1072 3053 l.
1100 3001 1153 3055 ult.
1174 3002 1210 3056 de
1228 3003 1278 3060 aii.
1299 3021 1381 3075 proc.

158 3071 309 3126 Proconsut
332 3076 436 3136 portam
464 3071 565 3123 Ranae
588 3071 729 3135 ingressus
754 3071 862 3137 deponit
886 3072 1055 3138 inperiun.“
1080 3073 1154 3139 Lips.
1179 3091 1208 3140 v,
1234 3083 1264 3128 et
1283 3076 1382 3128 Ouiae.

158 3141 232 3198 obss.
250 3144 297 3210 12,
318 3145 361 3198 13.
388 3140 499 3194 Gruch.
527 3143 615 3198 refut.
635 3149 742 3212 poster.
761 3142 833 3213 disp.
854 3140 954 3220 Sigon.
981 3161 1007 3196 c.
1027 3147 1054 3201 t.
1080 3145 1264 3218 Magistratus
1283 3155 1381 3202 autern

157 3211 265 3268 Romae
292 3214 366 3266 iniri
401 3213 531 3272 solebant
560 3215 694 3280 auspiciis
723 3214 781 3268 rite
811 3217 910 3286 captis.
960 3214 1037 3268 Hinc
1065 3215 1130 3270 Lis.
1163 3219 1208 3282 22,
1237 3223 1261 3274 1.
1287 3218 1324 3272 de
1350 3219 1382 3271 G.

158 3285 316 3350 Flaminio,
345 3285 396 3354 qui
423 3293 490 3338 ants
517 3285 626 3338 initum
650 3283 835 3339 consulatum
861 3285 896 3340 ab
918 3283 1168 3356 Urbeprafectus
1193 3296 1267 3344 erat:
1308 3291 1384 3346 Quod

157 3357 227 3410 enim
253 3356 300 3408 ilii
325 3357 423 3408 iaciunt
449 3355 593 3426 imperior,
621 3357 691 3424 quod
717 3359 865 3424 auspicium
888 3355 966 3410 esaei
993 3357 1183 3422 Magistratus
1206 3359 1237 3412 id
1260 3375 1279 3412 a
1297 3363 1382 3427 doaso,

155 3428 274 3496 publicis
299 3426 467 3494 priuatisque
489 3428 641 3496 penatibus,
669 3428 779 3482 Latinis
796 3428 877 3494 [eriis
895 3429 991 3496 actis„
1005 3429 1142 3496 seruicia
1166 3430 1195 3482 in
1218 3437 1306 3483 monte
1321 3449 1382 3499 per-

158 3500 241 3564 fecto,
260 3497 332 3550 uotis
349 3497 403 3550 rite
420 3498 449 3550 in
468 3498 606 3566 Capitolio
624 3501 792 3566 nuncupatis,
822 3515 908 3552 secana
926 3499 1010 3568 ferre,
1035 3510 1084 3552 nee'
1108 3500 1241 3567 privatum
1259 3505 1383 3570 auspicia

141 3571 241 3639 sequi,
270 3584 318 3621 nec
346 3569 407 3620 siae
430 3571 564 3639 auspiciis
587 3571 734 3636 proiectura
761 3571 918 3623 iresterna
945 3587 978 3622 ea
1001 3572 1059 3623 solo
1082 3587 1151 3626 nova
1173 3579 1253 3640 atque
1269 3573 1383 3640 integra

157 3641 300 3708 concipere
317 3649 403 3706 passe.
424 3638 468 3693 Cf.
488 3643 543 3698 inii·
561 3645 589 3708 3,
607 3643 652 3708 59,
668 3643 695 3697 3.
722 3639 859 3694 Ceterum
877 3641 1001 3708 auspicia
1019 3643 1106 3695 etiam
1124 3635 1269 3710 repentina
1287 3655 1381 3712 erant,

157 3715 184 3768 si
202 3729 262 3766 non
279 3711 337 3764 rite
356 3719 439 3782 capta
458 3721 487 3766 et
505 3713 643 3783 quaedam
662 3713 739 3777 uitio,
773 3711 803 3766 h.
823 3729 846 3767 e.
875 3722 977 3766 contra
1001 3715 1130 3784 auspicis
1155 3733 1177 3772 s.
1200 3715 1381 3787 inauspicato
1426 3763 1427 3788 ,

157 3791 188 3840 et
207 3799 266 3840 non
284 3783 432 3852 auspicato
449 3787 527 3837 facta
545 3793 650 3838 essent.
687 3781 764 3836 Tum
787 3784 847 3837 dies
864 3784 912 3838 rel
937 3783 1046 3838 canitia
1064 3785 1158 3838 dirimi
1181 3805 1202 3840 s.
1221 3787 1335 3854 'diffindi
1354 3797 1381 3844 et

156 3853 292 3922 auspiciis
308 3853 434 3920 repetitis
452 3874 473 3908 s.
492 3856 631 3910 renouatio
648 3857 718 3910 nari
737 3857 924 3931 magistratus
942 3857 1037 3910 creari
1056 3857 1222 3928 iterumque
1240 3857 1291 3912 lex
1308 3861 1380 3914 ferri

157 3935 188 3980 et
205 3943 253 3980 res
270 3925 336 4002 geri
353 3923 492 3981 solebant.
526 3927 571 3986 Gi.
598 3927 686 3980 adtt.
707 3929 841 3994 l‚18‚l.
866 3927 931 3980 Liv.
958 3931 985 3991 t,
1002 3931 1048 3988 17.
1068 3931 1094 3993 6,
1113 3931 1156 3984 37.
1175 3933 1204 3995 8,
1223 3931 1269 3986 23.
1289 3934 1334 3986 33.
1353 3935 1379 3997 3,

155 3999 200 4055 38-
220 4000 264 4052 33.
286 4000 329 4062 10,
348 3999 374 4051 3.
393 3998 438 4062 33,
458 4001 500 4053 13.
520 4003 566 4065 33,
584 4001 629 4054 33.
666 3997 757 4070 Saepe
776 4006 873 4052 autem
890 3999 986 4053 Patres
1004 3999 1198 4052 mentiebantur
1215 4019 1238 4052 s.
1259 4003 1379 4054 essentie·
1426 4051 1427 4056 ,

156 4071 255 4122 bantur
272 4067 405 4134 auspicia.
425 4087 452 4124 r.
471 4069 536 4126 iiis.
558 4074 601 4136 13,
619 4069 663 4124 44.
683 4072 728 4134 st,
748 4073 793 4128 63·
821 4070 947 4136 repetitis
964 4069 1096 4137 atttriti&
1113 4071 1191 4124 coni·
1211 4073 1285 4125 Mur·
1305 4073 1380 4144 quod

104 4173 107 4180 ·
156 4139 276 4210 quidem
300 4145 401 4208 aptum
426 4140 524 4194 rideri
547 4147 653 4211 potest,
685 4140 737 4194 sed
760 4139 869 4194 melior
892 4141 983 4194 lectio
1005 4141 1133 4217 vulgata.
1170 4143 1278 4196 Druna
1303 4163 1380 4198 nunc
1426 4211 1427 4214 Ἴ

141 4223 143 4228 ’
159 4209 232 4264 Urbe
252 4223 381 4273 egressus
399 4207 443 4264 eit
468 4210 621 4275 repetendis
638 4211 784 4276 auspiesin
809 4229 878 4264 nam
895 4211 1021 4278 numida
1044 4213 1093 4266 vel
1116 4212 1225 4268 urbana
1249 4225 1336 4270 erant
1351 4224 1380 4270 et

158 4283 190 4338 in
209 4277 342 4336 omnibus
360 4279 447 4334 Urbis
465 4281 589 4336 collibus
608 4289 729 4351 excepto
748 4281 893 4336 Aventino
916 4281 1017 4338 baberi
1040 4291 1176 4355 poterant
1198 4286 1233 4340 ab
1257 4305 1378 4364 augure,
