2904 4798
160 213 224 280 416
449 223 457 232 ’
548 207 794 276 ANNALIUM
829 209 914 276 me.
937 209 997 274 lv.

161 379 281 464 procul
302 377 422 465 Apulis
449 377 617 443 litoribus.
670 378 741 468 Illic
765 377 888 522 afflicti
916 379 1010 440 annis
1038 376 1192 477 spritium
1221 373 1384 438 toleravit

160 463 330 550 Augustae
357 479 422 544 ope
449 467 644 542 sustentata,
677 481 771 544 qaae,
831 469 964 524 orentes
992 477 1167 547 privignos
1196 477 1298 540 quum
1321 477 1383 541 per

161 547 330 692 gppptltum
352 546 583 624 subvertisset,
604 543 869 608 misericordiam
891 564 972 632 erga
994 543 1132 621 afflictos
1147 543 1255 623 palam
1270 549 1383 604 osteu-

233 735 258 786 1.
278 729 320 788 m·
335 727 408 782 miii
425 727 598 784 metiucnm
620 733 695 798 soret
720 761 750 774 -
777 730 876 783 aeeon
900 727 1089 782 animasset.
1118 725 1164 782 Gt.
1189 725 1251 780 ind.
1271 723 1327 780 111.
1353 741 1383 780 v.

165 803 321 858 Verborum
338 801 424 856 Medi
442 803 467 870 1,
486 807 511 859 1.
540 835 571 846 -
599 819 679 856 auum
698 817 769 872 pune
788 817 821 854 ue
839 801 871 855 in
889 815 994 854 annum
1016 799 1137 865 referre,
1165 799 1197 852 in
1221 795 1384 851 Annalibus

160 876 235 930 meis
253 873 355 929 ordine
373 890 536 928 memorare
558 891 607 928 res
632 875 664 926 in
729 874 770 926 oli
790 881 819 926 et
843 887 919 926 anno
947 877 1052 948 gestas.
1079 901 1111 914 -
1138 870 1260 934 antn're,
1284 869 1382 937 prius,

160 954 230 1002 ante
247 953 363 1018 tempus
381 947 502 1000 reterre.
528 945 624 998 antire
642 943 690 998 113
713 983 720 998 .
741 953 771 998 et
790 943 851 1000 edd.
871 952 929 998 ret.
950 950 1018 997 anta
1036 941 1115 1026 laips.
1135 941 1212 1012 quod
1229 940 1383 994 revocarit

160 1017 252 1076 Bekk.
271 1020 399 1082 uicti,
419 1019 462 1073 111.
489 1049 523 1060 -
547 1016 651 1082 eritne,
675 1035 704 1070 v.
724 1015 760 1070 sd
778 1019 805 1082 1,
830 1021 921 1082 11,1.
948 1047 981 1058 -
1007 1013 1144 1066 tutantes
1172 1019 1256 1084 atque
1276 1009 1384 1080 Opsius

160 1089 302 1159 ceterique
320 1087 431 1158 flagitii
448 1087 509 1141 eius
526 1095 696 1157 repertores,
715 1105 743 1144 r.
764 1105 825 1158 esp.
845 1089 890 1144 68.
917 1119 950 1130 -
969 1085 1002 1140 0.
1021 1085 1141 1148 caesar,
1162 1083 1308 1158 Caligula,
1338 1099 1383 1134 re-

159 1177 225 1214 rum
239 1160 420 1229 potitueeat,
438 1177 467 1212 v.
486 1159 522 1212 sd
540 1163 567 1224 3,
586 1162 631 1226 36,
653 1164 677 1215 1.
707 1191 737 1201 -
768 1158 923 1212 nonmodo
943 1185 974 1196 -
994 1157 1157 1211 sedetiam.
1183 1175 1213 1210 v.
1233 1153 1270 1208 ad
1289 1159 1318 1221 1,
1336 1155 1383 1218 id,

160 1237 187 1288 1.
207 1263 242 1276 ·-
257 1231 432 1300 pierumque,
451 1249 478 1286 v.
498 1229 535 1285 ad
551 1233 580 1295 ³,
599 1233 644 1298 38,
663 1235 688 1288 4.
717 1257 750 1270 -··
768 1236 876 1284 ueteres
894 1237 922 1283 et
938 1243 1126 1299 praegraves,
1150 1223 1197 1280 sissi
1220 1220 1307 1295 κόρου
1333 1241 1383 1296 ys-

159 1298 283 1375 viperea,
301 1309 455 1374 postquam
471 1319 648 1378 praegraves
667 1301 720 1356 sibi
739 1304 811 1356 tacti
830 1309 929 1367 arante
961 1298 1070 1354 Wattb.
1109 1297 1217 1371 Gopnis
1236 1296 1302 1349 1ι.1.
1329 1311 1384 1369 pro

154 1377 219 1442 ¹sed,
239 1373 289 1428 rel
308 1373 469 1442 ἐξηγητικοῖς
486 1373 572 1430 dicta.
593 1373 637 1430 01.
659 1375 694 1431 sd
712 1380 738 1440 1,
758 1378 801 1441 13,
820 1377 847 1430 1.
867 1373 902 1427 ad
921 1372 958 1426 G.
980 1375 1023 1428 17.
1043 1389 1073 1424 n.
1092 1373 1120 1428 ὅ.
1147 1379 1178 1425 et
1195 1369 1323 1426 lnd.'ll.
1354 1387 1382 1420 v.

159 1447 206 1500 Bt.
228 1473 261 1486 -·
279 1445 310 1499 in
329 1451 453 1514 tempore
470 1445 625 1512 trademus,
652 1463 680 1499 v.
706 1447 744 1500 ad
769 1451 794 1510 l,
822 1447 892 1512 1,1.
918 1442 962 1498 De
980 1442 1096 1497 Latinio
1113 1459 1143 1495 v.
1162 1443 1190 1510 a,
1208 1444 1235 1499 4.
1273 1440 1384 1495 Poenas

160 1517 251 1590 Opsii,
271 1516 389 1570 Catonis
408 1525 438 1572 et
456 1516 558 1570 Potitii
575 1517 698 1570 tradidit
716 1519 747 1572 in
767 1517 852 1570 libris
871 1515 1041 1586 deperditis.

229 1609 255 1663 ².
284 1605 405 1663 Asinius
428 1607 537 1672 Gallus,
570 1607 651 1659 cuius
669 1607 823 1660 iiberomem
840 1604 1007 1676 Agrippina
1025 1609 1181 1657 matertera
1199 1607 1277 1656 erat:
1318 1618 1384 1655 nam

159 1679 306 1749 Vipsania,
325 1693 401 1730 uxor
418 1677 523 1743 Asinii,
549 1680 761 1754 consanguinea
785 1677 967 1762 Agrippinae
992 1693 1075 1730 soror
1096 1677 1165 1738 fuit,
1189 1675 1210 1727 i.
1224 1693 1249 1728 e.
1281 1674 1383 1728 eodem

158 1757 243 1822 patre
261 1747 412 1822 Vipsania,
431 1748 547 1801 diversa
565 1757 658 1804 matre
677 1758 760 1816 nata,
779 1749 860 1818 Lupe.
897 1747 1014 1802 Asinius
1033 1747 1136 1802 Gallus
1154 1761 1275 1801 uxorem
1295 1746 1385 1800 duxe-

160 1829 207 1874 rat
228 1821 395 1892 Vipsanium
418 1819 621 1894 Agrippinam,
649 1817 771 1876 Tiberio
795 1822 926 1894 primum
950 1825 1080 1890 nuptam,
1112 1819 1149 1870 u.
1175 1817 1330 1904 Agrippae
1357 1825 1385 1871 et

159 1893 335 1960 Pomponiae
366 1889 473 1956 tiliam,
511 1905 641 1944 sororem
674 1909 711 1945 ex
741 1901 825 1963 patre
856 1891 1036 1970 Agrippinae
1070 1887 1238 1944 Germanici
1271 1891 1383 1954 uxoris,

64 2019 67 2024 ,
159 1977 233 2032 quae
252 1977 288 2013 ex
306 1963 343 2014 Μ.
428 1960 494 2036 'ppa
514 1967 543 2013 et
562 1962 649 2027 lulis,
668 1962 791 2040 Augusti
809 1963 881 2028 fllia,
902 1971 964 2016 erat
982 1962 1097 2040 genitam
1124 1962 1207 2015 Brut.
1234 1957 1282 2013 cf.
1303 1960 1340 2014 ad
1360 1965 1383 2024 1,

160 2035 205 2098 lt,
224 2035 251 2088 1.
270 2035 346 2098 eti,
366 2035 380 2086 1
403 2035 454 2097 ,3.
485 2061 517 2072 -
540 2033 705 2101 petendum:
733 2037 764 2088 in
789 2033 833 2090 ed.
854 2032 918 2088 Ala
944 2049 960 2085 r
995 2033 1132 2086 ciendum.
1162 2065 1194 2074 -
1215 2037 1246 2085 ut
1266 2033 1383 2085 rebatur

159 2103 196 2158 ad
215 2119 293 2176 seqq.
314 2119 349 2158 er
367 2101 522 2156 uirmtitus
540 2103 602 2158 ruis
619 2107 713 2160 refer:
731 2121 886 2177 perperam
904 2111 974 2187 puta
994 2111 1023 2158 st
1043 2103 1306 2158 dissimulationem
1324 2121 1383 2158 esse

158 2173 422 2262 vir-tutemplips.
457 2173 502 2227 Gt.
528 2175 555 2240 6,
581 2179 616 2232 51
639 2193 687 2248 pr.
718 2205 751 2216 -
777 2177 828 2231 sed
844 2177 991 2259 mitigavit
1015 2175 1138 2230 Seianus
1163 2191 1202 2228 sc.
1227 2173 1381 2260 'lfiberium

159 2243 1382 2404 sturiga}existimatumetatitussttsttAttiu‘t

157 2395 218 2446 vet.
237 2387 311 2456 (nisi
329 2387 408 2462 quod
425 2387 457 2440 in
475 2389 512 2442 iis
532 2397 576 2444 est
594 2390 784 2460 cantationes)
803 2391 885 2464 prob.
905 2391 985 2445 Pich.
1012 2387 1148 2446 Freinsh.
1173 2387 1255 2442 Brot.
1275 2388 1379 2442 Kiessl.

157 2459 215 2513 hoc
234 2479 332 2514 sensu:
351 2467 384 2512 ut
403 2460 595 2517 cunctationes
613 2460 642 2518 h.
661 2479 683 2515 e.
705 2461 917 2529 meditationes,
946 2463 1001 2530 (sie
1019 2463 1046 2528 5,
1065 2465 1082 2517 4
1100 2459 1160 2532 pr.)
1179 2461 1381 2536 cogitationes,

61 2563 64 2575 ·
158 2529 252 2601 (quod
269 2535 380 2586 frustra
399 2533 474 2584 coni.
494 2531 623 2604 lipsius)
642 2534 765 2587 consilia
784 2535 897 2588 secuta
916 2542 945 2588 et
963 2533 1014 2588 diu
1031 2535 1138 2610 agitata
1150 2531 1300 2600 Principis
1317 2547 1383 2600 cpe-

158 2603 298 2668 rirentur,
318 2603 524 2678 detegerentur
541 2603 657 2658 tandem
677 2613 706 2658 et
722 2611 949 2675 prorumperent,
969 2613 1167 2676 erumperent,
1195 2609 1228 2658 ut
1253 2603 1308 2657 ille
1327 2603 1383 2655 tri-

158 2675 250 2728 stibus
269 2673 400 2727 consiliis
419 2681 449 2727 et
468 2675 557 2727 dictis
575 2677 687 2729 atrocia
704 2677 783 2742 facta
802 2678 995 2746 coniungeret.
1023 2675 1067 2734 Cf.
1087 2675 1123 2729 ad
1141 2679 1168 2742 4,
1186 2677 1233 2740 il,
1252 2679 1278 2730 l.
1306 2683 1337 2727 et
1354 2677 1382 2740 4,

157 2747 202 2812 41,
224 2751 248 2802 l.
277 2744 457 2812 operirentur
480 2745 625 2800 malebant
647 2747 726 2818 lips.
753 2747 828 2802 etii
851 2747 897 2802 ck.
917 2747 946 2802 lu
963 2765 988 2804 e.
1018 2755 1051 2800 ut
1076 2747 1175 2800 odium
1200 2747 1233 2799 in
1261 2745 1383 2800 Gallum

156 2819 249 2870 maius
267 2831 349 2869 mora
367 2818 574 2888 conciperetur
591 2827 810 2894 tegeretur-que,
829 2767 922 2876 donec
940 2819 1036 2872 omnia
1061 2818 1097 2872 ad
1121 2834 1186 2871 euin
1213 2817 1384 2888 opprimen-

157 2887 226 2942 dum
245 2894 345 2959 parata
363 2885 492 2941 haberet.
531 2889 679 2960 Plerisque
697 2905 768 2945 vero
795 2893 897 2945 arrisit
914 2891 1083 2944 coniectura
1101 2889 1208 2942 Mureti
1236 2888 1383 2958 opperire-

79 3008 82 3021 ,
158 2967 208 3012 tur
226 2975 264 3014 sc.
285 2957 416 3024 Seianus,
436 2959 536 3014 eodem
553 2963 618 3016 fere
637 2978 738 3014 sensu:
764 2970 798 3014 ut
821 2963 917 3032 specie
942 2961 1132 3016 clementiam
1157 2959 1305 3014 suadentis
1331 2957 1383 3012 Ti·

157 3029 237 3086 bario
265 3031 348 3084 daret
376 3033 556 3086 occasionem
588 3031 744 3088 mactandi
777 3032 990 3104 differendiqm
1023 3031 1145 3087 Gallam
1175 3033 1208 3086 in
1237 3034 1382 3086 matarius

158 3103 268 3168 odium,
294 3101 385 3156 donec
411 3103 506 3156 maior
529 3103 652 3158 offensio
679 3120 737 3156 uno
756 3105 869 3175 impetu
887 3121 954 3159 eum
976 3110 1186 3176 prosterneret.
1223 3103 1270 3158 lta
1289 3103 1382 3158 Gran.

158 3206 189 3217 -
211 3174 316 3228 lentum
335 3173 366 3226 in
384 3173 558 3244 mussando,
578 3177 617 3232 cf.
637 3173 673 3228 ad
690 3179 717 3239 3,
737 3179 781 3242 711,
801 3180 827 3230 1.

227 3265 254 3320 3.
274 3261 353 3316 iulio
371 3269 488 3318 mortem
506 3261 578 3320 obiit
598 3292 630 3300 —
650 3265 745 3334 neptis
762 3264 889 3334 Augusti
908 3265 1036 3322 tonaicta
1054 3263 1193 3320 adulterii
1210 3271 1267 3317 cet.
1288 3267 1328 3318 cf.
1348 3263 1382 3318 ad

155 3335 183 3398 3,
204 3337 247 3399 19,
265 3337 291 3390 3-
311 3335 337 3400 3,
356 3335 402 3399 24,
417 3335 443 3389 2.
463 3333 543 3388 Suet.
564 3335 608 3388 Au
632 3375 637 3388 .
659 3337 704 3398 65.
725 3361 758 3374 ·-
777 3337 991 3406 proieceratque
1010 3335 1041 3394 iu
1065 3336 1190 3390 insulam
1210 3333 1381 3401 Trimerum,

154 3421 184 3456 v.
204 3405 239 3456 ad
258 3409 283 3470 1,
303 3407 330 3469 3,
351 3405 377 3460 6.
414 3403 577 3461 Trimerum
626 3405 653 3461 S.
678 3415 708 3460 et
732 3407 796 3462 edd.
821 3415 879 3464 vet.
905 3415 972 3461 ante
996 3405 1131 3464 Freinsh.
1168 3404 1212 3460 Ab
1230 3405 1288 3462 hoc
1307 3407 1382 3460 scri-

155 3483 240 3598 ptum
262 3475 429 3541 Tremetum,
454 3476 487 3530 sb
506 3477 572 3534 eliis
593 3477 757 3545 Primatum,
786 3479 855 3550 quia
879 3497 895 3533 a
919 3479 980 3533 Geo
1023 3517 1029 3531 .
1054 3478 1162 3532 lieven.
1185 3477 1326 3532 Tremetie
1354 3485 1382 3532 et

179 3547 223 3602 od.
246 3545 368 3598 Tremiti
387 3547 560 3666 appellatur.
589 3577 621 3588 —
646 3551 789 3617 florentes,
811 3567 841 3607 v.
870 3548 906 3606 ad
924 3555 951 3616 1,
970 3555 987 3606 4
1006 3586 1014 3615 ,
1034 3555 1059 3606 1.
1081 3583 1114 3593 -
1132 3551 1295 3618 priuignos,
1323 3549 1381 3604 Au·

156 3619 236 3694 gusti
254 3625 383 3688 nepotes,
414 3619 516 3684 iaiusn,
542 3619 674 3687 Lucium,
699 3623 868 3676 Postumum
894 3619 968 3697 Agri
989 3639 1056 3693 pam
1082 3623 1237 3693 ipsumque
1257 3621 1381 3676 Genna-

156 3691 270 3756 uicum,
289 3689 371 3742 Brut.
394 3721 423 3730 -
443 3706 495 3758 per
512 3691 659 3758 occuitum,
679 3693 805 3760 occulto,
823 3693 943 3760 iraude3
986 3709 1030 3746 rn.
1057 3691 1103 3750 Cf.
1123 3693 1185 3748 ind.
1204 3693 1246 3746 11.
1267 3712 1296 3748 v.
1318 3692 1379 3748 Per.

574 3845 767 3903 CAPUT
815 3847 956 3904 uxxtl.

237 3951 361 4015 Eodem
390 3971 478 4014 anno
499 3954 601 4014 Frisii
629 3953 893 4016 transrhenanus
922 3955 1066 4038 populus
1098 3971 1211 4036 pacem
1245 3975 1378 4034 exuere,

156 4043 272 4096 nostra
307 4037 413 4120 magis
447 4037 591 4098 avaritia
624 4057 723 4118 qnam
745 4037 898 4112 obsequii
920 4040 1140 4120 impatientes.
1194 4039 1378 4101 Tributum

156 4119 198 4177 iis
220 4117 353 4179 Drusus
375 4119 520 4180 iusserat
541 4118 709 4182 modicum
732 4139 795 4202 pro
823 4121 976 4209 angentia
1004 4141 1132 4200 rerum,
1164 4129 1204 4184 ut
1231 4121 1269 4184 in
1303 4143 1379 4186 usus

155 4199 318 4260 militares
340 4203 434 4263 curia
456 4201 556 4264 boum
579 4201 775 4283 penderent,
807 4223 875 4266 non
906 4205 1034 4266 intenta
1061 4206 1257 4288 cuiusquam
1286 4225 1378 4282 cara,

156 4299 238 4360 quae
254 4281 441 4360 firmitudo,
462 4303 546 4366 quae
562 4305 729 4366 mensura,
752 4283 857 4350 donec
875 4286 1037 4351 Olennius
1058 4307 1078 4350 e
1099 4289 1377 4373 primipilaribus,
