2868 4792
166 201 232 272 786
566 201 808 268 ANNALIUM
828 203 912 270 LIB.
935 201 996 270 ΠΙ.

171 385 197 429 ο.
215 369 259 425 it.
279 399 312 412 ·-
331 367 461 422 etonem
479 384 518 424 so.
537 369 676 440 Pompeii,
695 371 731 426 ds
749 385 806 444 qnso
825 389 853 425 v.
872 371 907 426 ad
925 374 953 436 3,
972 371 1016 428 tt.
1035 377 1065 424 et
1084 369 1128 438 14,
1146 369 1194 427 ”-
1222 395 1257 408 -
1281 383 1314 424 es
1331 383 1387 422 sso-

169 442 296 503 nimenta,
314 441 393 494 Plur.
411 457 466 512 pro
485 439 566 518 Sing.
585 441 630 507 (ut
647 445 674 509 3,
692 445 736 498 67.
756 447 798 498 tt.
818 447 845 510 4,
865 447 890 496 7.
910 441 970 496 cic.
993 460 1022 514 p.
1042 435 1102 495 Mil.
1124 442 1166 509 7.)
1191 455 1231 495 so.
1257 439 1390 494 theatrum

170 511 255 578 iliud,
274 521 307 564 nt
325 516 351 578 4,
371 515 396 568 7.
433 512 508 565 Nam
526 515 704 566 monimentum
722 513 833 568 dicitnr
856 513 1012 578 theatrum,
1037 513 1191 584 templum,
1216 519 1319 578 statne,
1338 513 1388 566 via

170 583 288 638 aliudve
306 599 378 656 opus
397 591 427 638 et
444 583 610 638 aedificium
627 585 788 658 publicum,
808 585 839 638 in
857 587 982 640 alicuius
999 585 1141 640 honorem
1167 593 1198 639 et
1215 588 1389 638 memoriam

171 653 262 722 (unde
279 657 465 721 monimentum,
493 657 648 710 anoniten
675 658 718 710 sic
737 657 857 723 dictum,
884 666 919 710 ut
937 657 989 710 Gr.
1008 673 1064 728 μνη
1088 656 1166 722 sior)
1190 655 1239 709 vel
1258 657 1321 710 eius
1339 655 1389 710 rel

191 727 298 781 nblicis
315 727 476 798 sumptibus
488 736 538 781 eut
556 745 626 782 cura
642 737 829 782 exstructum.
857 729 1013 782 monimenta
1025 731 1052 781 M
1076 727 1160 784 ,eda
1178 735 1236 782 vet.
1254 735 1284 781 et
1300 744 1389 796 qnae-

169 744 237 852 iam
256 815 313 852 rec.
334 802 457 864 utem.
468 803 511 856 77.
522 803 548 866 4,
559 805 583 856 7.
596 808 624 854 et
635 801 672 852 al.
691 809 851 852 monumenta
864 802 912 866 (nt
924 801 1087 863 documenta)
1102 798 1241 871 quaedum
1254 797 1318 852 edd.
1329 815 1388 852 sec.

172 869 217 927 Gt.
231 871 266 924 ad
275 869 311 924 G.
321 873 346 926 3.
365 889 394 923 n.
406 874 431 924 7.
452 899 484 910 -
503 877 603 923 tantun
620 873 826 926 misericordiae
842 870 981 942 permovit,
999 889 1028 929 v.
1049 871 1084 924 ad
1097 877 1123 938 1,
1134 874 1180 938 71,
1192 873 1218 925 7.
1236 869 1390 923 misericor-

171 943 220 995 dia
238 941 296 1014 MS.
316 949 345 996 et
364 941 426 995 edd.
444 949 503 996 vet.
522 951 589 998 ante
606 942 685 1014 lips.
707 941 738 980 ’-
758 943 838 1009 effusi
854 943 884 994 in
902 946 1040 1007 tacrinae,
1068 961 1107 999 sc.
1127 944 1160 1008 ii,
1188 957 1316 1014 qnorum
1333 943 1390 995 mi-

171 1013 360 1068 sericordiam
377 1023 572 1086 permoverat,
596 1013 740 1082 homines,
765 1014 922 1068 multitudo
941 1015 1133 1080 aimatosa,
1153 1011 1259 1068 Waat.
1289 1045 1323 1056 -
1344 1031 1389 1067 οι-

169 1085 215 1138 iae
232 1092 354 1138 senectae
370 1093 450 1154 atque
467 1087 581 1140 orbitati
598 1119 631 1128 -
651 1085 799 1148 dederetur,
817 1103 844 1139 r.
864 1087 899 1139 sd
918 1091 944 1152 l,
963 1089 989 1150 7,
1009 1089 1034 1142 6.
1053 1088 1081 1148 3,
1100 1087 1145 1150 75,
1165 1089 1189 1140 1.
1210 1093 1240 1138 et
1267 1087 1305 1137 οἳ.
1326 1103 1386 1156 cap.

170 1159 214 1214 43.
236 1183 268 1196 -·
284 1157 427 1220 ,destinata
445 1158 571 1226 quondan
589 1173 657 1210 neor
674 1159 706 1212 Ι..
728 1157 852 1222 Caesari,
871 1157 944 1233 Agri
965 1175 1018 1228 pas
1044 1156 1119 1222 filio,
1143 1172 1178 1208 oc
1204 1157 1239 1208 D.
1260 1157 1390 1221 Angusto

170 1244 269 1292 aaran
303 1246 387 1295 „nem
405 1229 552 1306 Augustus
581 1229 703 1282 Lucium
722 1228 915 1298 adoptaverat.
941 1177 984 1282 87.
1003 1231 1031 1296 1,
1050 1232 1077 1284 3.
1098 1235 1127 1282 et
1145 1226 1223 1282 Suet.
1243 1227 1305 1281 oce.
1325 1227 1388 1284 iifl

173 1299 279 1366 Wotti.
317 1300 412 1376 Vulgo
430 1316 511 1354 naras
527 1317 582 1370 pro
598 1315 731 1368 pronam
749 1300 893 1370 accipitur
911 1297 955 1366 (v.
974 1299 1010 1354 ad
1028 1303 1054 1364 7,
1074 1302 1118 1366 77,
1136 1300 1179 1365 7.)
1204 1307 1234 1352 et
1252 1300 1388 1354 laudatar

172 1371 260 1427 inscr.
285 1389 329 1444 ap.
355 1372 440 1426 Grnt.
466 1389 494 1443 p.
518 1375 579 1428 663.
616 1371 721 1426 Pedere
747 1371 790 1424 M.
816 1371 917 1438 Lepidi
940 1373 959 1428 t.
987 1373 1187 1436 gramaticae.
1222 1369 1388 1424 Procurator

55 1453 60 1464 ¹
171 1458 244 1495 nan
267 1443 389 1510 Lepidae
413 1459 543 1510 naresque
570 1443 703 1508 regebam.
748 1443 816 1494 Dan
840 1443 908 1507 nini,
936 1445 1034 1495 nonsit
1059 1442 1190 1496 Caesarie
1214 1442 1268 1496 ilia
1296 1459 1387 1496 nene.

171 1514 282 1566 Atteias
303 1514 463 1582 philologus
488 1513 642 1580 dissipatae.
690 1515 750 1580 „Ea
775 1521 908 1584 suspecta
926 1523 971 1568 est
988 1513 1111 1583 Ryokio,
1137 1515 1205 1584 quia
1228 1531 1289 1567 non
1307 1531 1387 1566 was

173 1585 304 1639 Caesarie
320 1586 380 1638 fuit
397 1587 436 1638 Le
458 1585 515 1650 ida,
536 1585 585 1638 sed
601 1593 714 1639 tantum
733 1585 883 1650 destinata,
904 1593 933 1640 et
950 1593 1035 1655 peter
1059 1586 1120 1639 sius
1143 1601 1202 1638 non
1220 1587 1257 1639 ln.
1287 1585 1339 1640 sed
1357 1585 1386 1652 Q.

170 1673 347 1728 praenomen
365 1655 473 1711 hebuit.
512 1657 671 1711 Referenda
687 1659 786 1727 potius
806 1665 849 1712 est
866 1657 901 1710 ad
925 1657 1012 1710 sliam
1031 1657 1180 1728 Lepidam,
1205 1655 1296 1710 Drusi
1321 1674 1389 1710 oon·

172 1729 272 1803 iugem
291 1737 321 1782 et
338 1729 377 1780 Μ.
393 1727 497 1800 Lepidi
514 1723 617 1793 filiam,
636 1727 799 1804 damnatam
812 1737 1015 1800 postmortem
1029 1731 1129 1798 petris.
1149 1745 1178 1780 v.
1195 1731 1225 1794 4,
1242 1731 1288 1790 77.
1297 1732 1387 1793 Δ6,46.

171 1791 502 1928 ξοεοὴνίἓὲξοωιὲ.ῃᾱο
525 1799 638 1854 faenilia
663 1798 816 1852 Caesarum
840 1799 961 1876 Aug-nst.
987 1796 1014 1866 §.
1033 1802 1077 1857 tt.
1102 1808 1133 1854 et
1149 1801 1246 1856 Noa-is
1270 1799 1308 1854 ad
1326 1818 1389 1854 cen.

194 1889 228 1924 78·
269 1913 276 1928 .
366 1889 379 1924 Β
402 1911 406 1922 ι
458 1887 510 1923 em
804 1885 807 1892 ¹

241 1887 268 1998 ip.
301 1889 543 1999 Deinqtorneatis
578 1957 711 1996 servorun
737 1951 795 1997 cet.
827 1944 863 1996 ci.
888 1941 951 1996 lad.
976 1943 1014 1996 11.
1053 1969 1086 1984 -
1116 1943 1231 2009 flagitia
1252 1943 1390 2015 lepidae.

172 2011 216 2066 ct.
235 2013 324 2067 verbe
343 2023 416 2068 extr.
435 2013 521 2068 huius
540 2031 600 2086 cap.
615 2022 651 2069 'et
669 2013 748 2069 Suet.
767 2014 831 2068 Tib.
850 2019 894 2074 49.
923 2047 956 2058 -
974 2016 1087 2083 danaes
1104 2015 1134 2067 in
1156 2016 1315 2068 sententian
1334 2018 1391 2070 ita-

172 2084 250 2138 oetn't
266 2085 386 2152 Bennoi,
405 2087 511 2158 dequo
529 2103 557 2141 r.
572 2085 634 2138 ind.
654 2086 677 2138 1.
697 2093 727 2140 et
744 2087 780 2139 sd
799 2091 842 2154 13,
863 2091 904 2143 13.
926 2086 1059 2152 „Consul
1077 2086 1215 2140 suffectus
1233 2088 1294 2140 tuit
1310 2090 1391 2142 circa

172 2175 197 2210 a.
207 2155 244 2210 [J.
254 2173 278 2209 ο.
291 2159 350 2212 776.
369 2175 399 2211 v.
413 2157 471 2228 lap.
491 2163 547 2210 vet.
563 2159 594 2211 in
613 2159 754 2210 Muratori
768 2157 855 2221 Thes.
875 2143 970 2210 inseri
982 2155 1016 2209 Τ.
1032 2157 1055 2213 7.
1074 2176 1102 2229 p.
1113 2158 1195 2214 367.“
1212 2157 1293 2211 Brut.
1312 2161 1392 2213 ilino

172 2227 324 2280 consalaris
342 2229 452 2282 dicitur
463 2232 490 2286 3.
509 2231 552 2285 61.
570 2229 619 2282 ubi
632 2228 761 2300 Ryckius
775 2230 906 2294 eundern,
926 2229 1098 2300 sedLipsius
1113 2227 1201 2282 huius
1213 2239 1329 2301 patrem
1342 2232 1392 2285 de·

171 2301 202 2426 c
217 2299 1392 2427 succurreremus

322 2407 461 2426 ....
505 2409 512 2422 .
563 2389 655 2426 conr·
704 2387 994 2426 rsen.ennsneene
1026 2387 1094 2428 san:
1135 2389 1393 2430 mormacus·

172 2444 236 2500 sule
253 2459 287 2496 ro
310 2446 350 2496 ati
368 2453 418 2498 aut
436 2459 516 2510 voce,
535 2409 708 2511 (sententias
727 2443 861 2508 dicendo)
879 2452 929 2498 aut
947 2445 1041 2521 signo,
1061 2444 1226 2514 etquidem
1240 2448 1321 2500 nana
1334 2463 1392 2500 ssa·

172 2461 323 2640 nimbiv-
343 2515 378 2570 ad
395 2515 431 2568 77.
439 2519 478 2640 dt,
497 2519 524 2580 4,
542 2515 581 2600 n.)
610 2516 803 2639 autipgdibss,
831 2515 901 2601 quid
919 2523 1078 2582 censerent,
1097 2517 1282 2604 indicabant-3·
1312 2537 1391 2604 naen,

171 2595 753 2725 tt..tt..t22.ttt:¹titt..t,t
767 2588 1393 2735 {itimt‘ttgttt‘ttttitanti

172 2727 301 2797 reliquos
320 2736 465 2782 senatores
483 2728 629 2784 discedere
647 2729 683 2783 ad
700 2733 771 2784 enni
785 2731 884 2783 cudae
901 2729 1010 2796 locem,
1037 2745 1095 2801 quo
1113 2731 1208 2785 iverat
1228 2735 1392 2787 sententiae

172 2799 295 2854 alicuius
313 2801 518 2870 pronuntiatae
537 2807 648 2865 auctor,
667 2807 705 2870 ut
718 2803 769 2865 ita,
789 2803 948 2855 numeratis
967 2802 1118 2872 capitibus,
1135 2801 1393 2886 faciiecognosce·

173 2877 266 2936 retur,
286 2871 401 2925 cuinam
419 2873 579 2926 sententiae
604 2871 727 2943 plurimi
751 2874 899 2927 faverent:
927 2873 1004 2928 unde
1021 2872 1052 2925 h.
1067 2875 1087 2926 l.
1113 2875 1143 2927 in
1159 2883 1320 2928 sementem
1338 2877 1392 2930 ali·

173 2943 256 2996 cuius
274 2941 325 3006 ire,
343 2945 388 3010 14,
406 2945 451 3008 49,
469 2947 496 3000 7.
530 2943 643 3010 pedibas
660 2943 701 2996 ire
718 2944 931 3009 insanientium,
950 2947 994 3010 14,
1013 2949 1059 3008 45,
1077 2948 1103 3002 7.
1123 2947 1285 3012 contraire,
1307 2949 1391 3014 6,17,

173 3017 199 3070 4.
224 3012 321 3066 sctum
344 3029 394 3081 per
417 3015 606 3068 discessionem
629 3015 739 3079 soctan,
768 3023 797 3070 st
820 3016 861 3068 ire
886 3016 915 3067 in
941 3017 1002 3069 alia
1027 3017 1125 3080 onnia,
1159 3017 1191 3070 in
1216 3021 1391 3074 sententiam

172 3099 294 3156 prorsus
312 3083 408 3150 eliam,
428 3085 582 3153 diversam,
602 3088 788 3154 contrariam,
808 3087 856 3141 vel
876 3087 972 3160 simpl.
992 3087 1042 3150 ire,
1066 3089 1213 3151 discedere,
1241 3091 1390 3143 discessio-

114 3227 115 3239 *
172 3171 229 3279 {aene
254 3155 357 3282 geere,
381 3165 416 3242 ut
440 3161 467 3280 ῗ,
491 3161 533 3281 631
549 3165 644 3282 anub.
662 3159 1107 3288 '’ninia“fefgniommm
1131 3159 1205 3282 (77ξοὶ
1228 3159 1268 3227 (v.
1288 3164 1389 3288 ξὼὶηἰ.

174 3245 606 3366 ὶηΡᾸουῖ7ιξῐία77ιωι777οξἑοὲἑ7,
633 3247 710 3366 inierit
729 3266 861 3354 vixera't
886 3231 1389 3376 qnisqiiaiignoptiiigrffuiietnaptorug:

147 3397 151 3406 ·
174 3369 226 3438 qni
244 3383 302 3421 non
320 3369 474 3440 aliquando
493 3372 524 3424 id
541 3373 669 3439 fecisset)
689 3371 738 3427 sed
756 3373 807 3443 qui
826 3381 938 3426 tantum
956 3373 1077 3446 pedibus
1105 3375 1145 3428 ita
1171 3375 1251 3430 irent
1274 3385 1328 3430 aut
1346 3395 1391 3428 ra-

175 3439 291 3494 rissime
309 3440 406 3506 aliter,
426 3441 487 3495 sire
506 3443 563 3513 ipsi
581 3443 717 3497 fiduciam
737 3459 795 3496 non
813 3443 955 3498 heberent
978 3445 1105 3512 dicendi,
1131 3445 1192 3501 sive
1218 3463 1279 3502 non
1306 3463 1390 3524 roga-

174 3517 287 3576 rentur,
303 3519 339 3564 'ut
358 3513 409 3582 qni
429 3521 525 3567 essent
542 3513 670 3568 nondum
688 3523 739 3568 aut
758 3515 788 3568 in
813 3515 969 3586 postremis
994 3517 1132 3587 scripti.“
1161 3519 1244 3572 Gran.
1269 3513 1307 3572 sd
1331 3520 1388 3572 loc.

175 3579 256 3634 class.
277 3581 353 3635 Geli.
373 3587 400 3649 3,
422 3586 462 3640 18.
483 3585 564 3638 cuius
584 3584 656 3640 haec
672 3581 760 3640 verba
779 3595 862 3641 sunt:
898 3587 1053 3642 Pedarii
1070 3587 1149 3657 dicti,
1173 3591 1228 3658 qai,
1245 3592 1359 3644 nomn
1372 3608 1389 3642 a

175 3651 337 3705 censorious
354 3655 384 3704 in
402 3662 519 3708 renatam
537 3658 611 3722 tecti,
628 3665 767 3711 senatores
785 3659 885 3727 quiden
903 3675 955 3711 non
973 3667 1059 3726 nant,
1078 3661 1136 3722 sed,
1162 3663 1228 3730 quia
1245 3661 1392 3716 nonoribus

170 3723 329 3790 populiensi
347 3731 434 3791 nant,
452 3728 775 3782 incenatumuenieiant
801 3737 829 3782 et
847 3731 996 3784 sententiae
1019 3731 1063 3784 ius
1086 3731 1228 3790 iubebant.
1266 3734 1337 3786 Nan
1364 3739 1389 3784 et

173 3795 310 3848 curulibus
334 3797 541 3860 magistratione
567 3799 665 3864 functi,
692 3801 737 3868 qai
766 3801 878 3854 nondum
901 3818 919 3853 a
944 3801 1105 3856 Censorinus
1126 3805 1156 3857 in
1182 3811 1302 3858 sennan
1326 3805 1390 3856 tecti

174 3873 261 3931 erant,
279 3873 419 3920 senatores
436 3885 487 3922 non
506 3877 597 3936 nont,
617 3877 652 3937 et,
671 3872 734 3938 qnia
751 3873 780 3924 in
797 3873 936 3940 postremis
953 3875 1053 3940 scripti
1070 3881 1157 3942 erant,
1182 3891 1234 3942 non
1251 3877 1389 3942 regeban-

31 3923 36 3930 ’
99 4001 103 4008 Ι
173 3943 219 3990 tar
235 3939 391 4004 sententiae,
409 3941 466 4004 sed,
485 3957 550 4010 qaas
565 3943 702 4010 prinn'pes
720 3944 856 4008 dixerant,
883 3945 912 3997 in
934 3961 983 3998 eae
1000 3945 1180 3998 discedebant.
1217 3947 1279 4000 Hoc
1296 3947 1388 4013 signi·

172 4009 273 4074 fitdiat
290 4011 413 4076 edictam,
431 4027 481 4080 quo
499 4029 567 4065 nnec
585 4029 684 4082 quoqu
701 4017 832 4080 consules,
850 4031 923 4084 ᾳιιιοο
941 4023 1080 4069 senatores
1104 4019 1134 4070 in
1158 4017 1259 4072 corion
1286 4025 1388 4083 ocean,

172 4081 322 4135 sewardus
347 4084 548 4138 consuetudinis
570 4101 653 4138 cauea
677 4087 821 4140 tralaticio
845 4093 963 4145 utuntur.
1010 4089 1101 4144 Venia
1127 4089 1211 4142 edicti
1228 4089 1297 4143 iaec
1313 4097 1388 4144 sunt:

173 4149 318 4206 Senatores
341 4155 483 4224 monsque
506 4157 534 4209 in
551 4165 645 4211 senata
662 4159 819 4212 sententian
837 4159 928 4212 dicere
945 4158 1018 4214 ticetss
1040 4159 1084 4213 ct.
1103 4161 1167 4214 niv.
1186 4163 1232 4229 77,
1258 4165 1295 4220 49
1314 4169 1388 4216 extr.

173 4223 219 4286 73,
242 4225 286 4279 37.
314 4225 426 4302 anes.
445 4229 490 4293 36,
515 4231 532 4284 3
556 4247 603 4301 pr.
629 4230 737 4282 Manat.
763 4227 797 4284 de
821 4249 881 4285 sen.
900 4231 981 4284 Rom.
1010 4249 1034 4286 c·
1054 4237 1079 4288 1.
1104 4249 1133 4303 p.
1159 4235 1219 4290 336.
1245 4233 1278 4288 in
1303 4232 1387 4287 Thes.

172 4289 280 4346 Graes.
300 4293 377 4350 Gall·
396 4301 424 4364 4,
444 4303 486 4356 17.
505 4303 549 4366 14,
569 4303 593 4356 7.
622 4299 673 4356 ubi
691 4301 779 4355 etiam
797 4317 834 4356 ex
860 4301 955 4358 literis
973 4303 1162 4360 Vennonianis
1187 4307 1291 4372 refert,
1315 4303 1390 4360 scta
