2872 4792
839 123 842 128 .
951 100 962 132 Ι

165 225 308 292 carm
329 225 390 290 x1.
424 223 500 292 xn.
531 225 624 290 xm
667 227 721 306 (4.
743 223 783 290 4.
805 225 877 292 ree.
895 175 938 290 s.
962 221 1000 290 4.
1022 227 1089 302 ra.)
1133 213 1138 218 “
1182 227 1242 294 us
1279 325 1282 335 1

45 399 255 466 pemmo,
273 401 308 448 ut
326 395 371 460 44,
388 393 433 448 44.
452 391 497 446 ar.
516 397 544 460 4,
563 395 606 449 44.
625 397 652 460 4,
671 395 716 450 so.
736 394 780 460 44,
799 395 841 450 44.
866 393 911 450 44.
937 394 983 458 44,
999 394 1044 448 ns.
1071 393 1114 458 44,
1132 395 1174 450 44.
1195 397 1242 460 44,
1271 381 1275 391 “

44 469 78 520 u.
94 469 132 533 44,
148 469 191 523 rr.
219 467 255 520 44.
273 468 301 534 4,
319 468 363 522 ru
392 465 427 518 c.
447 469 489 522 44.
516 467 579 520 mv.
598 469 626 531 4,
637 469 688 549 ro.

441 607 664 694 ·GAPU'l'
707 607 790 662 xtl.

106 717 223 781 Cacsar
256 725 483 802 transgressus
512 715 688 802 Visurgim
718 715 844 780 iudicio
863 717 1030 802 ,perfugae
1057 719 1241 804 cognoscit,

44 801 185 864 delectum
208 800 248 862 ab
269 799 422 862 Arminio
447 799 559 862 locum
580 819 729 884 pugnam
761 801 953 863 convenisse
975 811 1010 864 44
1029 801 1111 862 41144
1133 801 1248 863 natio,

44 887 138 946 ursin
158 886 275 946 silvam
296 883 440 944 Herculi
462 902 590 946 4444444
611 901 817 964 ausurosque
838 894 1034 944 nocturnam
1051 891 1241 946 castrorum

45 969 312 1066 oppugnationem.
357 963 484 1028 Habita
502 963 606 1026 indici
625 963 709 1027 fides
731 975 764 1028 et
785 967 1008 1028 cernebantur
1027 969 1132 1051 ignes,
1162 986 1240 1053 sug-

45 1070 193 1134 gressique
214 1051 352 1132 propius
375 1051 610 1130 speculatores
643 1047 755 1110 audiri
783 1051 954 1110 tremitum
986 1068 1149 1130 equorum
1178 1051 1241 1110 im-

45 1137 191 1216 mensique
203 1141 236 1194 et
248 1130 412 1194 inconditi
424 1135 565 1218 agminis
576 1151 741 1204 murmur,
754 1131 908 1194 attulere.
931 1131 1040 1218 lgitur
1052 1135 1248 1216 propinquo

44 1235 166 1280 summae
202 1217 254 1278 441
286 1213 478 1278 discrimine
513 1213 735 1298 explorandos
775 1216 921 1276 militum
965 1217 1092 1278 animos
1134 1223 1241 1289 ratus,

44 1319 162 1380 quonam
182 1297 220 1362 id
239 1298 339 1362 modo
361 1299 595 1380 incorruptum
617 1301 715 1377 forat,
745 1317 857 1360 secum
885 1299 1046 1385 agitabat:
1081 1295 1114 1362 T
1110 1295 1243 1362 ribunos

44 1392 66 1442 et
83 1386 277 1446 centuriones
299 1381 384 1443 laetu
403 1384 532 1461 saepius
559 1401 651 1464 quam
673 1391 833 1461 comperta
853 1386 1020 1454 nuntiare‚·
1054 1382 1243 1446 libertorum

43 1467 152 1530 servilia
177 1465 331 1547 ingenia,-
359 1467 469 1528 amicis
484 1467 599 1528 4444444
625 1465 847 1527 Mutationem.
890 1463 933 1528 Si
962 1467 1072 1528 concio
1099 1475 1242 1544 vocetur,

44 1550 96 1610 illic
114 1569 245 1632 quoque,
267 1567 349 1630 quae
371 1551 471 1630 pauci
497 1551 668 1630 incipiant,
699 1547 839 1630 reliquos
868 1548 1061 1630 adstrepere.
1105 1545 1244 1612 Peritos

43 1635 197 1696 merendus
218 1643 345 1712 menter,
367 1651 460 1714 quum
471 1635 587 1698 secreti
608 1642 639 1696 et
660 1633 852 1698 1444444114Ι
873 1635 960 1696 iuter
979 1630 1131 1723 militaris
1152 1632 1244 1695 cibas

43 1736 108 1796 44444
126 1726 181 1779 aut
202 1725 312 1778 metron
336 1715 534 1796 proferrent.

98 1805 119 1856 l.
146 1800 249 1852 4114444
273 1799 392 1854 Herculi
418 1815 539 1866 carrara,
563 1817 591 1853 v.
612 1797 648 1853 ad
672 1797 708 1852 G.
727 1801 755 1865 3,
781 1802 806 1854 1.
825 1795 861 1851 ad
880 1797 915 1851 G.
935 1799 962 1854 9.
981 1814 1011 1851 4.
1031 1799 1057 1854 l.
1077 1805 1116 1852 ct·
1126 1797 1151 1850 7.
1189 1795 1243 1852 ln·

44 1868 161 1948 telligunt
186 1871 296 1924 saltum
320 1878 508 1940 montemque
531 1867 600 1924 hod.
627 1869 839 1947 Biickeberg
866 1877 916 1922 aut
943 1867 1244 1945 Stintelgebirge

43 1958 114 2013 propa
137 1941 299 2006 1144441444,
331 1941 364 1996 14
390 1942 474 2004 cuius
501 1942 653 1996 cacumine
680 1938 945 2006 (Habenstein)
972 1949 1105 2011 repertae
1132 1941 1242 2006 veteris

42 2029 92 2066 4444
112 2014 265 2084 reliquiae,
293 2011 584 2081 (Trudeustein')
649 2013 676 2066 14
701 2011 836 2066 Siintcl
863 2031 885 2066 4.
912 2010 1044 2066 Suntel
1068 2013 1108 2064 sit
1133 2009 1172 2066 11.
1191 2011 1241 2082 qd.

42 2083 205 2142 8414441441
230 2081 372 2140 et'bearl
404 2103 426 2138 4.
452 2083 523 2138 burt
550 2085 582 2138 in
625 2082 776 2160 ing.S·ax.
804 2083 921 2136 dicatur
946 2081 1137 2147 1444444444,
1163 2083 1245 2138 4414

42 2155 178 2210 lt‘a'rklin
226 2173 287 2210 non
304 2155 334 2209 lo
377 2155 445 2210 aab
464 2154 646 2222 Helmstadio
671 2161 700 2209 44
718 2154 792 2207 silua
813 2153 933 2208 Herculi
953 2170 1046 2214 sacra.
1072 2173 1100 2206 v.
1126 2151 1244 2206 Bartbii

42 2223 170 2282 Teutscbl.
218 2247 237 2282 r
259 2226 335 2282 ecch.
380 2225 446 2280 .11.
471 2245 500 2299 p.
519 2231 563 2284 2³.
597 2224 759 2284 Wilbelmi
778 2227 1017 2296 (1444444448.
1037 2221 1244 2280 etlleichardi

42 2296 160 2354 1444444
201 2335 208 2350 .
265 2304 344 2354 1.-
380 2315 505 2354 44444444
531 2297 577 2354 rei
604 2298 782 2366 discrimine,
814 2315 842 2350 v.
872 2297 907 2352 41
931 2299 959 2363 2,
978 2299 1023 2352 45.
1048 2295 1084 2350 Η.
1103 2298 1131 2360 ³,
1150 2297 1193 2352 ca.
1212 2299 1243 2363 1,

41 2369 73 2424 lb
91 2399 120 2408 -
154 2317 412 2440 idiuoerruprum,
439 2367 519 2424 haec.
537 2369 699 2470 exploratio
718 2371 898 2441 incorrupta.
935 2366 1014 2436 „Sic
1037 2366 1179 2446 iudicione
1195 2366 1244 2420 iu·

41 2449 233 2510 amptruet
250 2441 316 2496 alia.
354 2441 443 2496 Scene
461 2440 596 2513 Wopk.‘
622 2442 709 2507 Wolf.

95 2517 118 2570 2.
136 2514 265 2584 retiquae
274 2513 448 2583 adstrepere,
462 2531 529 2568 cum
539 2513 666 2584 strepitu
684 2513 853 2583 approbare,
869 2520 904 2567 ut
913 2511 949 2566 11.
960 2513 987 2579 4,
998 2515 1041 2569 ts.
1054 2544 1086 2554 -
1105 2509 1244 2578 „Penitue

41 2579 122 2642 Germ,
144 2586 198 2638 bis
223 2585 489 2650 14414444444,
516 2583 714 2650 wirklicb,
734 2581 947 2661 grlindlieb,
974 2591 1008 2636 ut
1027 2586 1115 2650 l,52
1135 2579 1244 2638 4441(ι

41 2653 104 2708 11441.
126 2657 160 2711 41
179 2656 249 2715 Τ44.
276 2657 346 2734 Agr.
366 2659 410 2712 to.
1036 2681 1040 2688 ·

346 2785 349 2794 .
453 2745 647 2801 CAPUT
708 2744 818 2800 x111.

105 2853 212 2918 Nocte
239 2837 356 2939 coepta
390 2875 542 2942 egressus
574 2855 727 2942 augurali
759 2874 820 2938 per
854 2855 985 2918 occulta
1018 2864 1053 2918 et
1084 2853 1244 2941 vigilibus

40 2935 149 3020 ignara,
171 2942 394 3017 4444144444,
417 2946 587 3000 contectus
608 2939 763 3000 humeros
781 2938 888 2999 144144
906 2940 1003 3020 pelle,
1026 2937 1096 3000 4114
1114 2945 1242 2998 castro-

40 3037 100 3080 rum
126 3023 209 3100 rias,
241 3024 363 3084 assistit
397 3022 615 3082 tabernaculis
637 3023 829 3102 fruiturque
857 3024 942 3082 fama
963 3023 1027 3099 sui,
1056 3041 1156 3102 quum
1186 3021 1242 3082 hic

42 3101 230 3168 nobilitatem
243 3103 349 3184 ducis,
372 3103 526 3166 decorem
537 3105 636 3180 alius,
658 3105 797 3186 plurimi
810 3106 1016 3186 patientiam,
1039 3105 1240 3179 comitatem,

41 3203 87 3262 per
105 3191 202 3266 44414,
227 3207 289 3270 per
310 3189 399 3250 iocos
422 3186 563 3250 eundem
593 3189 739 3248 animum
766 3185 920 3248 laudibus
944 3189 1071 3248 terrent
1098 3183 1242 3248 redden-

42 3265 161 3352 damque
182 3273 328 3370 gratiam
350 3273 385 3333 in
415 3271 485 3332 acie
507 3274 705 3348 faterentur,
735 3271 831 3330 simul
861 3268 1007 3353 perfidos
1029 3277 1063 3331 44
1084 3278 1242 3352 ruptores

41 3356 113 3428 pacis
134 3355 261 3416 ultioni
283 3363 317 3418 et
337 3355 463 3441 gloriae
493 3352 694 3416 mactandos.
737 3353 831 3415 Inter
860 3373 942 3436 quac
968 3374 1055 3416 nnus
1083 3355 1241 3430 bostium,

41 3433 162 3500 Latinae
182 3439 319 3524 linguae
340 3439 457 3516 sciens,
479 3445 552 3498 acto
574 3435 616 3498 ad
636 3437 761 3504 vallum
783 3457 877 3519 equo,
905 3455 986 3498 voce
1018 3456 1135 3522 magna
1150 3457 1243 3510 con-
1285 3463 1289 3481 τ

42 3517 117 3601 iuges
138 3531 172 3583 ct
202 3540 305 3606 agros
328 3531 361 3582 44
388 3520 547 3602 stipendii
568 3521 603 3582 in
625 3519 707 3596 dies,
731 3518 834 3581 donec
857 3520 1048 3596 bellaretur,
1071 3521 1243 3582 sestertios

41 3611 189 3680 44444444,
220 3607 250 3663 41
270 3605 342 3684 quis
363 3607 609 3702 transfugisset,
635 3602 781 3664 Arminii
803 3605 936 3664 nomi-ue
957 3603 1145 3684 pollicetur.
1187 3603 1258 3676 14-κ

42 3683 134 3745 444114
155 3705 196 3747 44
219 3689 417 3750 contumelia
440 3687 609 3772 legionum
635 3687 720 3747 iras:
749 3689 869 3748 veniret
890 3686 968 3759 dics,
999 3687 1131 3748 daretur
1157 3705 1242 3766 pug-

41 3783 87 3836 aa‚·
112 3782 305 3848 serapionem
326 3771 454 3834 militem
477 3769 702 3832 Germanomm
729 3789 840 3850 agros,
870 3779 1044 3834 tracturum
1074 3772 1243 3851 coniuges:

42 3853 169 3930 accipere
190 3871 279 3914 omen
301 3863 331 3916 et
352 3857 552 3916 matrimonia
579 3873 618 3913 ac
636 3856 790 3932 pecunias
816 3852 950 3915 bostiam
976 3853 1116 3934 praedae
1143 3853 1241 3914 desti-

41 3951 111 3996 nare.
155 3935 275 3998 Tertia
295 3939 401 4004 ferme
422 3937 539 4025 vigilia
560 3937 756 3998 assultatum
778 3946 828 3997 est
849 3939 967 4000 castris
994 3939 1067 3999 sine
1089 3937 1242 4000 coniectu

42 4017 98 4094 teli,
118 4031 292 4100 postquam
313 4021 446 4083 crebras
468 4039 530 4104 pro
552 4021 765 4084 munimentis
788 4017 942 4084 cohortes
964 4031 998 4083 44
1019 4021 1104 4082 nihil
1125 4021 1244 4083 444414-

40 4115 100 4162 sum
120 4121 265 4168 sensere.

97 4189 121 4239 1.
139 4185 231 4238 Nocte
244 4191 341 4254 caepta
354 4185 393 4252 (v.
404 4185 474 4252 414,
485 4187 530 4252 65,
541 4187 579 4254 Ι.)
598 4202 732 4254 egressus
749 4185 889 4257 augurali
913 4196 968 4243 cet.
989 4185 1138 4254 Augurale
1156 4203 1177 4236 4.
1192 4199 1244 4236 444-

39 4257 194 4318 nuatum
204 4259 459 4325 etauguratarium
472 4257 574 4329 sully
596 4257 635 4311 in.
652 4261 734 4324 utu
751 4267 781 4314 et
796 4261 827 4312 14
843 4259 955 4330 lap-ap.
966 4259 1084 4312 Gruter.
1099 4275 1128 4328 p.
1140 4257 1200 4321 128,
1215 4259 1242 4310 4.

40 4323 81 4377 Gr.
95 4325 296 4399 dormiatur,
311 4347 349 4386 44.
366 4329 540 4398 4411441444,
549 4276 735 4388 addextrare
745 4331 888 4402 4444444411
896 4331 966 4396 t’nit,
975 4329 1025 4386 ubi
1043 4327 1131 4384 duces
1148 4327 1244 4398 surpi-
1267 4346 1270 4356 ¹
