2904 4798
163 251 226 320 346
556 253 800 318 ANNALIUM
822 255 906 320 ΗΒ.
927 255 985 322 Vl.

164 419 239 475 teris
256 427 339 472 orent
357 419 487 472 omnium
505 421 573 474 iere·
587 422 820 500 magistratuum,
845 439 878 476 re
918 439 957 489 m,
990 431 1170 494 praetorum,
1200 425 1384 495 pontificum,

164 497 385 564 imperatorum,
404 490 519 560 publice
538 499 568 545 et
586 493 725 548 urbana.“
753 495 850 548 Marc.
905 501 1013 548 anatur.
1052 495 1258 550 Gomnuataris'
1280 515 1387 552 reeen-

163 573 213 618 tur
230 564 318 618 etiem
338 569 413 628 acta,
441 563 530 628 (unde
554 565 752 618 commentarii
770 573 895 636 senatus,
924 566 955 620 in
978 567 1081 636 quibus
1110 565 1188 620 dicta
1212 576 1242 620 at
1266 577 1330 622 aeta
1354 572 1386 622 in

164 644 265 692 senatu
292 631 553 706 perscriberentur,
577 635 651 692 Anu.
678 639 722 700 ta,
749 639 792 693 14,
819 637 857 690 id.
881 637 928 708 qt.
958 645 1022 690 acta
1041 639 1169 703 amatus)
1188 638 1299 706 diaria,
1331 640 1385 693 Gr.

163 701 644 842 ὑιιοθμνὴμιιῖἕινζθξΐέςιερίιΐεξὶι(ῗιι115
663 707 826 834 gimnpires.
848 707 892 765 Gi.
912 707 947 762 ad
956 711 984 776 3,
996 709 1057 776 3,1.
1077 709 1113 761 Η.
1132 712 1158 775 4,
1178 713 1223 777 so,
1244 714 1271 767 3.
1292 711 1321 763 0.
1341 714 1385 768 2³.

164 797 284 836 o..-
443 796 506 844 ,ι
598 814 653 844 ,,
705 797 779 832 exr.

552 933 746 988 CAPUT
808 935 987 990 xuvtll.

246 1041 357 1132 Igitur
391 1041 558 1104 Domitius
596 1041 818 1104 defensionem
853 1041 1027 1121 meditans,
1058 1042 1205 1122 Morsus,
1227 1055 1385 1128 tanquam

164 1125 308 1188 inediam
331 1125 573 1202 destinavisset,
612 1123 801 1208 produxere
829 1127 950 1188 vitam:
980 1125 1163 1189 Arruntius
1200 1130 1385 1190 cunctatio-

163 1229 238 1272 nem
260 1217 294 1272 et
315 1227 425 1270 moras
446 1207 659 1270 suadentibus
687 1209 812 1286 amieis,
848 1209 923 1270 Non
950 1210 1054 1272 eadem
1083 1209 1226 1274 omnibus
1255 1211 1386 1288 decora,

162 1291 353 1376 respondit:
376 1291 440 1354 sibi
461 1295 542 1356 satis
564 1293 693 1370 aetatis,
715 1311 814 1376 neque
831 1293 921 1354 aliud
938 1295 1159 1373 potnitendum
1188 1295 1280 1376 q'uam
1298 1293 1388 1376 quod

162 1381 248 1440 inter
272 1375 414 1440 ludibria
435 1384 466 1436 et
485 1374 631 1456 pericula
652 1377 779 1438 anxiam
799 1386 954 1438 senectam
978 1377 1189 1456 toleravisset,
1211 1377 1268 1439 diu
1288 1377 1387 1441 Seia-

106 1479 111 1488 ·
162 1479 215 1540 no,
244 1479 327 1522 nunc
357 1459 522 1536 Macroni,
555 1477 673 1538 semper
703 1459 801 1523 alicui
820 1463 997 1544 potentium
1025 1463 1160 1537 invimus,
1189 1479 1255 1523 nan
1278 1461 1387 1540 maipa,

162 1544 220 1606 sed
238 1553 275 1606 ut
297 1545 498 1626 flagitiorum
519 1543 696 1622 impatiens.
741 1541 829 1606 Sanc
848 1563 969 1624 paucos
991 1555 1022 1606 et
1043 1561 1204 1624 supnmos
1218 1541 1389 1624 Principis

162 1626 230 1690 dies
250 1645 344 1707 posse
376 1627 476 1689 uitari
483 1649 491 1686 ι
526 1625 776 1708 quemadmodum
798 1645 962 1690 evasurum
991 1629 1179 1691 imminentis
1206 1625 1388 1690 inveniunt

161 1706 227 1788 Aa,
248 1728 339 1790 quum
363 1707 514 1772 Tiberius
539 1718 615 1790 post
644 1717 763 1772 tantam
793 1729 893 1772 rerum
921 1713 1146 1790 experientiam
1179 1713 1213 1773 ni
1242 1711 1388 1773 donana-

162 1795 262 1859 tianis
283 1791 455 1856 convulsus
476 1800 507 1853 et
528 1801 669 1856 mutatus
689 1795 744 1872 sit,
768 1793 804 1858 0.
829 1793 1005 1874 Caesarem,
1037 1797 1093 1857 uix
1114 1796 1210 1878 finita
1227 1797 1387 1874 pueritia,

160 1879 174 1940 i
336 1877 469 1938 omnium
501 1885 559 1938 aut
584 1879 729 1957 pessimis
763 1879 965 1954 innutritum,
997 1877 1128 1940 meliora
1156 1880 1389 1957 capessiturum

160 1895 316 2022 m
343 1959 433 2038 duce,
475 1961 532 2040 qui
565 1968 603 2022 ut
637 1960 778 2022 deterior
816 1960 862 2022 ad
891 1961 1122 2040 opprimendum
1154 1958 1305 2024 Seianum
1334 1961 1389 2022 de-

161 2041 262 2106 lectus
281 2041 378 2124 pluro
397 2061 456 2122 per
476 2040 671 2104 scelerarem
689 2041 849 2122 publicam
864 2045 1140 2125 conflictavisset?
1173 2041 1390 2124 Prospectare

160 2127 222 2192 iam
253 2145 287 2190 se
320 2128 429 2188 acrius
464 2129 625 2190 seruitium
659 2144 756 2209 eoque
789 2125 906 2208 fugere
940 2126 1034 2188 simul
1060 2136 1136 2190 acta
1158 2135 1189 2188 et
1213 2129 1389 2190 instantia.

160 2207 253 2271 Haec
273 2210 361 2272 vatis
383 2209 418 2269 in
448 2208 583 2271 modum
604 2207 760 2271 dictitans
780 2229 882 2273 venas
905 2211 1053 2274 resolvit
1095 2209 1307 2272 Documento
1337 2230 1391 2272 se-

161 2293 294 2374 quentia
316 2299 426 2370 erunt,
458 2292 542 2356 bene
561 2291 763 2354 Arruntium
791 2301 901 2356 morte
928 2313 1036 2358 usum.
1085 2291 1252 2354 Albucilla
1282 2295 1392 2354 irrito

160 2375 231 2440 ictu
251 2394 271 2438 a
289 2381 393 2438 semet
420 2374 597 2438 vulnerata
625 2377 719 2438 iussu
741 2383 873 2437 senatus
900 2377 935 2436 in
957 2395 1125 2439 carcerem
1147 2379 1265 2440 femur.
1311 2375 1392 2442 Stu-

161 2477 302 2540 prorum
323 2460 394 2520 eius
416 2457 575 2537 ministri,
607 2455 778 2521 Carsidius
800 2457 963 2520 Sacerdos
986 2461 1188 2541 praetorius,
1219 2466 1260 2520 ut
1280 2459 1319 2519 in
1339 2460 1394 2520 in-

101 2609 105 2618 ·
161 2541 266 2604 sulam
301 2537 550 2624 deportaretur,
587 2541 725 2602 Pontius
764 2541 977 2628 Fregellanus
1009 2545 1189 2605 amitteret
1231 2539 1394 2604 ordinem

160 2625 376 2702 senatorium,
399 2631 432 2684 ot
453 2621 586 2684 eaedem
608 2643 734 2706 poenae
755 2625 790 2684 ia
811 2623 966 2686 Laelium
986 2623 1125 2686 balbum
1147 2622 1392 2686 decernantnr.
1437 2647 1438 2650 ¹

161 2703 199 2767 ld
221 2704 394 2789 quideme
416 2705 628 2792 laetantibus,
652 2706 859 2788 quiaBalbns
880 2709 971 2769 truci
992 2707 1181 2788 eloquentia
1200 2705 1393 2772 habebatur

161 2796 336 2872 promptus
357 2785 536 2850 adversum
561 2789 718 2852 insontes.

233 2911 258 2962 1.
286 2905 493 2960 cunctationem
524 2913 551 2960 et
574 2921 671 2960 moras
695 2921 868 2977 anonyma,
895 2914 930 2960 ut
953 2911 980 2974 t,
1008 2911 1067 2963 11.·
1090 2923 1198 2960 moram
1221 2908 1253 2959 in
1271 2906 1391 2978 aliquot

160 2975 223 3032 att.
242 2977 329 3044 med,
348 2993 407 3031 non
426 2979 456 3030 in
474 2985 548 3031 vett.
586 2975 629 3032 De
648 2979 679 3031 1ι.
698 2977 840 3031 Amuntio
864 2997 891 3033 v.
920 2979 957 3031 sd
975 2983 1001 3044 1,
1020 2982 1065 3043 ts,
1084 2983 1112 3034 1.
1134 3005 1166 3017 -
1201 2977 1284 3031 inter
1311 2979 1392 3032 tudi-

159 3048 230 3134 iria
255 3055 283 3102 et
309 3049 439 3132 pericula
462 3056 517 3103 cet.
548 3051 585 3105 ci.
611 3066 673 3133 cop.
699 3053 725 3106 5.
750 3051 776 3105 i.
797 3054 822 3104 t·
857 3049 1036 3132 ¹perierim-ia
1054 3048 1112 3103 bis.
1150 3049 1227 3102 Hinc
1254 3050 1392 3117 pericula

158 3121 896 3268 ttt'tabttztntt’tutatust.
909 3137 1138 3248 1)οέἳίῗὲἓᾶ
1155 3120 1294 3258 *tat
1307 3137 1392 3245 3...ῗῖ

161 3261 300 3328 -Sane,
320 3281 348 3315 v.
369 3261 449 3327 adt,
469 3265 496 3329 ὅ,
516 3265 542 3318 3.
563 3295 596 3305 -
630 3277 737 3330 paucos
754 3269 783 3316 et
801 3277 948 3332 supremos
975 3263 1037 3319 edd.
1057 3261 1150 3316 Rhen-
1168 3265 1196 3319 2·
1215 3265 1243 3318 3.
1272 3261 1342 3318 Ata.
1363 3271 1393 3316 et

160 3349 219 3388 rec.
240 3331 286 3385 Gi.
306 3332 369 3388 lnd.
390 3331 442 3386 111,
461 3350 489 3389 r.
509 3333 711 3404 Hendiadpoin
735 3353 763 3388 ιι.
784 3333 821 3386 11.
858 3349 990 3403 reprenso
1015 3333 1078 3390 edd.
1102 3334 1168 3388 Ber.
1194 3331 1287 3388 uben.
1306 3339 1335 3389 1.
1358 3365 1391 3375 -

161 3405 390 3474 quemadmodum
407 3419 555 3458 enacmin
574 3423 614 3462 so.
634 3421 672 3462 se.
692 3404 737 3461 Gt.
758 3405 820 3458 ind.
839 3405 893 3462 111.
912 3423 941 3462 r.
960 3407 1086 3474 Ettipses
1110 3423 1139 3461 ιι.
1160 3405 1202 3461 14.
1222 3435 1253 3448 -
1294 3405 1392 3458 muni·

160 3475 255 3528 nentis
273 3476 430 3546 Principis,
450 3475 481 3529 G.
502 3475 640 3531 Caesaris.
659 3493 687 3533 v.
707 3477 743 3530 ad
761 3481 787 3540 1,
806 3480 835 3543 4,
852 3479 879 3534 3.
902 3501 934 3516 -
961 3477 991 3531 oi
1008 3476 1213 3531 dominationis
1230 3477 1390 3542 musteus,

160 3561 189 3600 v.
209 3546 246 3600 sd
263 3549 290 3613 4,
309 3551 354 3612 tt,
373 3552 398 3603 1.
419 3576 450 3589 -
489 3549 716 3615 conflictavisset,
743 3549 781 3600 ais
806 3547 868 3605 iad.
895 3548 933 3601 11.
962 3557 991 3602 et
1014 3547 1184 3604 Wakefield
1206 3547 1243 3601 ad
1269 3548 1389 3602 humet.

159 3619 320 3684 14945.-
357 3619 455 3672 acrius
472 3619 627 3687 snoitium,
657 3637 685 3678 v·
705 3617 741 3672 sd
768 3623 795 3685 1,
815 3623 843 3688 b,
860 3621 887 3676 ὅ.
910 3627 940 3674 st
957 3623 984 3687 3,
1011 3621 1057 3686 28,
1076 3623 1101 3676 3.
1129 3651 1164 3664 -
1199 3624 1266 3672 aeta
1290 3625 1319 3670 et
1345 3619 1390 3672 in·

162 3689 281 3754 stantia,
299 3691 467 3760 praeterita,
487 3691 591 3760 quibus
611 3689 677 3745 odio
696 3699 726 3744 et
743 3689 866 3759 honora,
885 3693 995 3759 tuturo,
1025 3690 1129 3762 qsuibus
1147 3697 1229 3744 metu
1246 3690 1391 3760 implore·

161 3769 220 3816 tur.
241 3793 273 3804 -.
310 3775 395 3814 uenas
411 3761 538 3826 resoluit,
557 3779 587 3816 v.
607 3763 642 3816 sd
660 3765 687 3828 4,
706 3764 751 3828 23,
771 3764 798 3819 3.
815 3795 850 3807 -
886 3763 954 3816 bene
978 3763 1152 3816 Arruntium
1176 3767 1270 3814 nmrte
1296 3776 1390 3828 unas,

162 3849 229 3885 eum
246 3831 319 3886 bene
336 3834 452 3899 iecisse,
468 3832 549 3902 quod
566 3841 691 3887 mortem
709 3833 908 3889 voluntariam
922 3834 981 3888 sibi
1000 3834 1199 3888 conscivisset

231 3923 257 3978 3.
277 3921 431 3990 Albucilla,
449 3941 477 3977 r.
497 3939 560 3996 esp.
581 3927 664 3980 47.-
687 3939 705 3975 a
722 3929 808 3978 semet
825 3923 975 3978 uulnerata
995 3923 1057 3978 edd.
1076 3921 1169 3977 Rhen.
1186 3919 1251 3989 313.
1271 3921 1341 3976 Ala.
1360 3929 1391 3976 et

162 4006 220 4045 rec.
241 4009 275 4045 ac
292 4007 315 4045 s.
334 4009 361 4045 u.
383 3993 443 4046 edd.
463 3991 526 4048 Ber.
546 3993 637 4048 Rben.
665 3999 689 4048 1.
711 4027 742 4038 -
780 3995 869 4048 irrito
893 3995 953 4048 ictu
979 4011 996 4048 a
1022 4001 1107 4049 senet
1132 3995 1282 4047 uulnerata
1305 3993 1389 4046 iussu

162 4071 278 4117 senatus
300 4063 332 4116 in
356 4081 496 4118 carcerem
517 4067 620 4133 fatur,
651 4067 689 4122 ei.
716 4067 752 4120 ad
773 4069 801 4133 ’4,
826 4069 871 4134 33,
888 4067 916 4124 A.
942 4074 971 4121 et
988 4069 1016 4132 a,
1035 4069 1080 4133 so,
1099 4071 1125 4123 1.
1147 4093 1179 4104 -
1216 4065 1390 4134 stuprorum

162 4135 224 4186 eius
240 4135 379 4201 ministri,
398 4155 414 4190 s
433 4136 535 4208 quibus
554 4146 601 4190 stu
623 4145 684 4190 rata
701 4139 812 4204 fueram
839 4139 908 4194 Ern.
935 4139 981 4193 Gt.
1006 4155 1067 4210 esp.
1096 4139 1140 4194 47.
1159 4167 1192 4179 -
1230 4135 1389 4190 Carsidius

162 4205 311 4270 Sacerdos,
330 4206 413 4280 vead
430 4213 458 4273 4,
477 4210 521 4274 13,
540 4211 565 4264 3
629 4208 741 4262 aridius
758 4209 789 4263 S.
815 4209 878 4263 edd.
897 4217 958 4265 ret.
977 4218 1045 4264 ants
1063 4209 1135 4266 Em.
1156 4239 1189 4250 -
1225 4213 1259 4272 ,rt
1282 4207 1317 4259 in
1343 4205 1389 4258 in·

162 4275 254 4327 sulam
270 4275 478 4344 deportaretur,
496 4293 524 4332 v.
545 4277 580 4332 ud
598 4283 625 4346 i,
644 4283 672 4345 3,
691 4283 717 4336 6.
755 4281 955 4350 deportaretur
972 4280 1035 4337 edd.
1054 4279 1147 4336 liban.
1172 4279 1199 4336 3.
1219 4281 1246 4334 3.
1270 4277 1340 4334 ala.
1360 4285 1388 4332 et

162 4357 221 4398 rec.
242 4345 408 4412 deportatur
430 4347 493 4403 edd.
519 4347 584 4406 Ber.
607 4347 702 4404 Rhea.
720 4355 744 4406 1.
766 4383 799 4394 -
835 4351 979 4406 amitteret
1003 4352 1131 4406 ordinem
1148 4349 1341 4416 amatorium,
1359 4367 1387 4402 τ.

88 4493 90 4500 Α
162 4411 198 4466 sd
215 4415 260 4479 1²,
277 4417 304 4481 4,
328 4419 354 4472 4.
376 4449 409 4461 -
446 4419 557 4473 eaedem
581 4435 702 4488 poenae:
738 4422 770 4476 in
794 4421 852 4478 1113.
879 4424 975 4478 aedem
989 4439 1088 4494 paene.
1108 4455 1140 4468 -
1185 4421 1386 4484 emerentur,
