2872 4792
179 217 241 282 242
584 211 827 278 ANNALIUM
848 211 930 277 LIB.
954 211 996 274 11.

179 383 328 444 locorum
351 381 523 461 asperitas.
568 379 634 442 Sed
656 400 723 445 nou
745 381 886 458 animus,
908 397 975 443 non
996 395 1080 458 apes,
1103 395 1144 438 ne
1172 377 1236 438 tela
1260 375 1374 460 quidem

180 467 285 528 ninia
311 466 411 537 restio
439 465 480 534 ad
507 465 654 526 subitum
675 483 771 525 unum
794 469 984 546 properata.
1028 457 1072 521 tn
1086 479 1209 522 venere
1219 463 1251 522 in
1265 482 1375 538 manns,

180 569 245 625 non
274 485 365 610 ubire
393 545 582 610 dubitatum
612 567 709 628 quam
731 545 810 608 dum
832 545 999 608 Romanae
1022 543 1178 606 cohorter
1199 546 1233 604 in
1255 564 1376 624 aequum

179 633 397 692 eniterentur.
441 631 590 692 Vertuut
611 639 707 716 targa
728 628 848 690 Cilices
876 647 987 712 neque·
1002 628 1137 689 castello
1167 625 1325 688 claudunt.

252 754 396 816 l.'eoeptn
414 763 493 801 eccur
511 749 658 811 cadebant,
677 765 693 800 o
710 755 779 802 ntra
797 747 965 818 opinionem
985 763 1020 800 ac
1038 763 1128 816 spem.
1155 744 1200 800 Gi,
1219 744 1280 798 Iud.
1296 745 1330 796 ll.
1352 761 1373 798 v.

178 821 289 875 cadere'.
310 847 341 858 -
362 819 510 872 tutieeima
527 763 766 888 epraeeeultm,
794 835 918 888 quorum
944 819 1026 888 copia
1055 823 1126 882 erat,
1153 833 1225 887 quae
1243 823 1300 868 tum
1321 815 1375 868 fieri

178 900 323 964 poterant,
343 892 392 944 vel
411 892 514 960 quibus
534 910 611 944 nunc
630 891 803 974 urgebatur,
822 889 891 946 Ern.
914 889 957 942 Cf.
976 889 1013 941 H.
1032 892 1059 952 3,
1078 891 1123 943 59.
1143 891 1171 954 4,
1195 889 1238 943 55.
1266 889 1324 942 Liv.
1339 889 1376 948 24,

177 966 221 1020 23.
248 997 280 1006 ·—
300 963 446 1016 cartellam
470 961 601 1028 Ciliciae,
632 979 677 1016 cni
701 977 799 1014 nomen
825 960 974 1014 Celendrt'e
997 959 1054 1015 MS.
1083 959 1127 1014 ed.
1154 957 1234 1016 Pich.
1253 959 1323 1012 brot.
1345 957 1375 1010 al.

178 1035 329 1088 Gelendrt'e
348 1035 490 1104 scriptum
509 1052 526 1086 a
544 1034 618 1086 Ptol.
638 1037 664 1099 5,
684 1037 709 1090 8.
730 1043 759 1086 et
777 1031 890 1103 loseph.
910 1033 943 1088 A.
964 1033 986 1088 1.
1008 1036 1051 1092 17,
1070 1033 1115 1098 5.,
1136 1030 1213 1099 Lipr.
1233 1028 1377 1084 (tetenderis

178 1107 220 1159 erl.
240 1107 305 1162 Ber.
324 1106 375 1158 nb.
396 1114 426 1158 et
443 1105 480 1158 al.
518 1105 585 1171 „lta
603 1124 647 1176 ap.
666 1105 761 1159 Strab.
781 1105 854 1160 xlv,
873 1121 903 1176 p.
922 1107 984 1160 67⁰.
1006 1101 1096 1169 1388.)
1114 1101 1248 1174 Apollod.
1266 1106 1292 1168 3,
1310 1103 1346 1164 ll,
1354 1103 1374 1154 3.

177 1179 244 1234 Mel.
266 1183 291 1242 l,
312 1181 355 1234 13.
374 1177 437 1243 (ubi
456 1195 484 1230 v.
505 1177 597 1232 Gron.
617 1195 645 1247 p.
664 1175 743 1242 332.)
768 1185 798 1230 et
823 1177 854 1228 in
880 1191 968 1228 numo
993 1193 1037 1246 ep.
1057 1174 1163 1228 Peller.
1188 1175 1221 1226 in
1238 1175 1316 1227 Asiae
1331 1172 1375 1224 tab.

173 1249 245 1306 13.“
264 1247 357 1302 Oberl.
379 1276 411 1286 -
430 1247 526 1302 tirone
544 1264 633 1317 nuper
650 1247 819 1318 intercepto,
837 1248 969 1300 tironum
987 1247 1108 1300 vexillo.
1127 1264 1155 1301 v.
1176 1262 1239 1316 erp.
1255 1248 1300 1319 2⁷⁸·
1321 1243 1376 1310 „ln-

178 1321 316 1389 tercipere
335 1327 378 1373 cst
396 1319 445 1372 vel
463 1321 502 1374 irl.
543 1319 570 1372 d.
592 1321 737 1391 excipere,
758 1321 857 1374 Germ.
876 1321 940 1372 aul
943 1319 1096 1394 langen,
1114 1324 1147 1369 ut
1164 1315 1195 1372 h.
1206 1317 1227 1368 l.
1250 1325 1277 1370 at
1293 1315 1326 1368 G.
1341 1318 1375 1368 lo.

122 1465 127 1482 ,
176 1393 309 1520 pputig.
330 1389 436 1514 “kb-“vl
452 1338 603 1518 tocrpiippe,
616 1392 812 1515 ‘optrunppra
837 1389 969 1514 {lelex-e,h
978 1392 1058 1513 uttlt,
1077 1391 1121 1445 ⁷1.
1140 1387 1375 1514 Sit-Asspnliiplffi·

176 1480 262 1596 11139,
282 1481 474 1604 5811550485
488 1505 589 1586 multis
608 1460 950 1604 iilalgsplriblftirmffilli
969 1479 1035 1586 cnuln
1053 1477 1227 1598 iliie’rclpere
1241 1503 1304 1584 aliis
1318 1495 1378 1580 lorii

176 1607 341 1677 permutari
359 1612 470 1674 potest:
489 1603 532 1669 (v.
552 1604 588 1656 ad
605 1607 650 1670 15,
669 1609 694 1660 3.
714 1605 791 1658 Duk.
812 1605 848 1657 ad
857 1604 922 1656 niv.
939 1607 984 1670 25,
1002 1607 1046 1660 33.
1067 1612 1096 1657 et
1105 1601 1233 1659 Oudend.
1245 1601 1279 1656 ad
1290 1599 1378 1652 Front.

176 1683 204 1744 l,
222 1679 250 1742 5,
271 1675 327 1740 11.)
346 1693 412 1728 narn
431 1675 520 1728 verba
539 1676 680 1730 trucidati
697 1676 835 1742 veterani,
855 1674 1133 1741 inceneoecoloniae,
1152 1673 1301 1742 intercepti
1313 1686 1379 1724 ener-

177 1747 269 1802 citur.-
301 1746 532 1812 eundemne,
560 1763 625 1800 mon
643 1748 793 1816 degloriet
817 1753 971 1812 certauere,
1004 1747 1071 1818 (pro
1170 1789 1176 1801 .
1204 1741 1338 1799 trucidmi
1353 1771 1377 1780 -
1413 1783 1414 1788 ,

178 1818 323 1874 exercitur
343 1825 402 1870 tum
419 1817 535 1883 ealutir,
555 1834 620 1871 moa
637 1821 752 1888 gloriae
770 1826 911 1872 certarnen
926 1819 1092 1887 praebuere,
1112 1824 1150 1870 ue¹
1178 1815 1329 1871 trucidatis
1344 1827 1380 1864 ue·

91 1903 95 1916 ·
177 1889 288 1944 teranr'e
308 1921 335 1931 —
360 1889 515 1955 certauere)
535 1889 704 1960 explicanda
723 1908 758 1944 ex
776 1891 851 1946 Anu.
873 1894 917 1954 14,
937 1893 980 1946 32.
1000 1899 1076 1944 extr.
1097 1887 1169 1944 etA
1210 1893 1280 1952 ,ll,
1297 1887 1334 1942 lt.
1352 1899 1380 1934 εἰ

98 2525 102 2532 ¹
175 2459 273 2513 Ouden

176 1962 280 2032 quibus
299 1951 372 2014 loci's
390 1967 482 2030 patet,
502 1958 630 2014 coioniae
648 1979 709 2015 esne
729 1961 971 2026 Camulodunum,
997 1969 1144 2014 veteranae
1170 1965 1179 2014 i
1201 1963 1212 2013 i
1233 1959 1264 2014 in
1286 1955 1380 2030 praesi-

176 2033 224 2086 dio
244 2031 412 2096 collocatos,
426 2032 575 2085 -exercitue
593 2033 622 2085 le
645 2035 743 2086 ionem
760 2049 882 2100 nonam3
911 2039 1050 2085 certatum
1068 2048 1140 2086 vero
1165 2039 1224 2085 tum
1243 2033 1277 2084 de
1293 2027 1380 2084 reluta

177 2111 207 2156 et
231 2119 297 2156 moe
322 2103 356 2156 de
382 2102 492 2170 gioria,
521 2103 593 2156 (luce
619 2051 759 2158 §neronio
782 2105 913 2158 Paulino.
952 2103 1082 2158 Pluralea
1111 2105 1189 2156 enim
1214 2101 1335 2156 coloniae
1358 2102 1380 2146 et

176 2175 320 2228 exercitur
337 2189 393 2245 pro
412 2173 463 2228 Sin
507 2175 543 2240 1.‚
563 2175 630 2245 quia
649 2191 749 2229 senens
769 2175 929 2260 viridiores
947 2175 1059 2228 Plurali
1079 2175 1175 2229 solent
1194 2171 1334 2260 exprimi,
1354 2165 1382 2218 dt

174 2245 476 2442 {ppelpppppnphp
495 2245 629 2386 ubilibet}
634 2245 866 2389 5581μῖ50181.ὰὲιῦ
873 2246 1038 2387 {nauigii
1048 2249 1076 2346 Ξ,
1089 2237 1384 2390 ῧ51σ1ἳῒιῗῖτῗ5

203 2405 218 2442 e
243 2387 355 2512 duplici
382 2389 435 2442 ille
458 2390 489 2442 vi
513 2389 596 2442 verbi
624 2387 797 2458 intercipere
821 2408 848 2442 v.
872 2390 934 2442 lud.
954 2391 993 2442 11.
1019 2389 1095 2445 Duk.
1123 2387 1159 2442 nd
1176 2387 1260 2442 Flor.
1279 2390 1306 2452 3,
1323 2385 1348 2448 4,
1363 2383 1383 2460 ⁴:

296 2461 357 2516 .atl
376 2458 454 2513 Suet.
475 2459 576 2514 claud.
596 2464 620 2515 1.
640 2460 729 2515 Druk.
754 2460 789 2514 ad
812 2461 877 2514 aiv.
897 2464 924 2526 3,
948 2463 994 2527 30,
1013 2463 1039 2516 8.
1068 2469 1097 2514 et
1122 2459 1192 2529 epit.
1214 2461 1276 2515 11⁷.
1301 2455 1384 2508 Bremt

175 2533 212 2585 ad
229 2530 302 2601 Nep.
321 2529 432 2602 iphicr.
450 2534 478 2596 2,
498 2533 523 2586 3.
545 2559 578 2569 -
599 2529 631 2584 in
649 2548 794 2585 numerum
813 2533 936 2601 legionie
954 2537 1157 2600 cornpaeuerul,
1186 2532 1229 2584 ita
1247 2537 1281 2582 ut
1298 2539 1384 2604 nume·

175 2619 226 2655 rua
245 2617 346 2656 eorunm
365 2602 400 2666 is,
421 2603 472 2672 qui
492 2619 554 2654 ease
573 2602 680 2656 soleret
698 2605 730 2658 in
748 2603 777 2657 le
799 2603 876 2667 ione,
896 2619 1002 2668 nomen
1021 2603 1147 2680 legionis
1165 2600 1302 2665 haberet,
1326 2597 1386 2674 Ern

175 2673 292 2740 „Immo
320 2673 380 2748 teg.
403 2671 436 2724 in
463 2673 696 2742 numeraria,
728 2683 762 2726 ut
809 2681 864 2742 .l=,
883 2676 950 2732 87ss
975 2675 1001 2728 a
1019 2676 1057 2728 ei.
1084 2683 1114 2728 et
1132 2673 1221 2729 Orolt.
1261 2670 1384 2738 „Num
1413 2693 1414 2702 =

175 2751 244 2798 eunt
262 2751 359 2814 parter
385 2743 413 2796 le
436 2743 522 2810 ionis,
549 2743 694 2812 cohortes,
723 2763 836 2813 manus,
861 2747 983 2801 vexilla.
1021 2745 1071 2801 sie
1159 2748 1232 2801 .18.
1252 2743 1326 2796 Plin.
1349 2753 1385 2808 ep·

175 2819 220 2881 tt,
240 2817 285 2872 38.
305 2813 384 2872 Suet.
430 2831 488 2886 esp.
509 2819 536 2872 6.
558 2815 674 2886 Ulpian.
695 2825 725 2870 et
742 2817 806 2869 al.“
825 2817 901 2886 Lipe.
928 2819 964 2872 ad
981 2819 1015 2870 11.
1034 2823 1061 2884 l,
1080 2819 1107 2872 6.
1152 2815 1340 2879 111269-
1363 2815 1385 2858 et
1413 2869 1414 2872 ,

175 2887 249 2943 Ern.
278 2887 352 2942 clav.
379 2886 439 2940 (lic.
477 2887 542 2940 ltlox
564 2888 743 2956 prouinciam
768 2887 826 2943 MS.
853 2899 882 2942 et
909 2888 1036 2960 quamuie
1061 2887 1187 2941 dedireet
1214 2887 1259 2942 ed.
1279 2885 1340 2938 Ber.
1359 2909 1383 2918 -
1413 2899 1414 2936 ὲ

175 2957 365 3011 concinerent
383 2965 498 3011 tantum
517 2957 549 3011 in
567 2959 640 3025 acie,
659 2961 727 3032 quia
745 2974 842 3037 pugna
862 2977 920 3014 non
940 2963 1069 3026 oritura,
1087 2955 1218 3017 Freineb.
1240 2989 1274 3000 -
1294 2953 1387 3008 raren-

177 3037 232 3084 tem
250 3047 276 3100 q.
295 3029 476 3098 appellatum,
496 3045 525 3082 v.
545 3029 581 3084 ad
598 3033 625 3096 2,
644 3033 688 3096 55,
708 3035 734 3088 2.

246 3105 272 3157 2.
290 3118 344 3169 pro
361 3100 542 3154 inanimatis
560 3102 682 3167 carielli,
702 3121 731 3155 v.
751 3103 787 3156 ai
804 3121 829 3156 c.
848 3107 892 3160 81.
911 3122 939 3158 ιι.
959 3109 984 3160 l.
1005 3135 1037 3146 -
1056 3102 1184 3158 ueterani
1201 3103 1387 3156 Romanorum

177 3172 328 3228 ordiniano
346 3173 443 3226 densis
462 3188 496 3226 ac
522 3172 661 3226 nebridiie
679 3173 825 3244 instructi,
847 3183 880 3228 ut
905 3173 942 3228 iis
960 3178 1076 3240 fimare
1100 3175 1198 3240 aciem
1224 3173 1340 3226 firmam
1361 3181 1388 3218 ac

178 3244 409 3300 tutamreddere
428 3261 452 3296 c.
472 3245 516 3300 45.
535 3245 600 3300 Liv.
619 3248 647 3310 2,
665 3249 708 3302 31.
728 3249 756 3312 9,
775 3251 819 3302 17.
842 3245 993 3314 ¹Subeidin
1012 3257 1041 3300 et
1059 3245 1234 3301 subsidiarii
1252 3240 1388 3316 posterior
1413 3287 1414 3298 .

67 3335 69 3340 ·
177 3317 263 3382 acies,
283 3329 366 3383 corpe
385 3315 419 3367 de
437 3331 557 3368 reeerue.
577 3348 610 3358 -
630 3317 669 3369 od
687 3317 809 3370 cubitum
826 3334 923 3370 urum:
942 3319 974 3371 in
991 3317 1049 3374 MS.
1069 3325 1118 3371 aut
1138 3335 1160 3370 e.
1180 3334 1207 3376 u.
1244 3344 1277 3353 -
1305 3318 1334 3364 nl
1351 3323 1387 3360 vt·

178 3403 245 3439 nere
262 3385 295 3439 in
312 3397 420 3450 manue,
441 3394 474 3437 ut
491 3387 527 3442 H.
546 3389 572 3448 4,
592 3391 634 3460 71,
656 3391 699 3444 75.
719 3397 749 3442 et
767 3389 805 3442 ad
822 3405 922 3442 manue
940 3391 975 3445 H.
995 3393 1023 3456 2,
1042 3391 1086 3446 85.
1100 3393 1128 3454 3,
1149 3391 1193 3444 to.
1213 3387 1286 3464 Agr
1300 3381 1387 3441 2536-

176 3473 278 3510 mnnue
297 3473 451 3522 conierere,
471 3459 682 3528 onpnttneobut
697 3475 761 3527 τινι,
775 3461 881 3517 Germ.
907 3459 1156 3538 handgemein
1178 3458 1340 3518 werden,
1366 3456 1388 3502 et

158 3530 215 3600 ,(1.
233 3533 277 3586 38.
296 3544 380 3580 manu
400 3528 510 3596 agibrr.
539 3563 572 3572 -
592 3545 648 3584 non
665 3531 744 3584 ultro
767 3532 926 3586 dubitatum
943 3533 978 3586 de
997 3541 1103 3586 eventu
1121 3529 1239 3602 proelii,
1269 3537 1306 3580 ut
1327 3524 1388 3599 Agr.

178 3603 222 3656 lt.
243 3609 271 3654 et
289 3601 407 3665 fortuna
425 3600 566 3654 dubitabit
586 3603 723 3666 (victoria
741 3605 800 3658 erit
818 3603 919 3670 dubia)
945 3621 990 3674 ep.
1010 3603 1074 3659 biv.
1094 3606 1139 3668 21,
1158 3605 1202 3658 44.
1230 3597 1390 3654 dimicatum

179 3687 255 3728 corr.
274 3670 385 3742 Wopk.
409 3703 440 3714 -
459 3671 491 3724 in
509 3688 626 3742 aequum
644 3691 684 3726 sc.
704 3675 801 3728 locum
825 3676 1011 3740 eniterentur,
1039 3695 1066 3730 v.
1095 3673 1158 3728 lnrl.
1178 3673 1230 3726 111.
1258 3692 1300 3730 v„
1313 3667 1390 3720 Aute-

178 3743 254 3802 ctioa
272 3749 381 3796 neutro.
420 3743 454 3796 ln
472 3760 598 3814 aequum,
618 3745 649 3796 in
670 3763 735 3798 eum
755 3745 839 3798 collis
859 3747 966 3812 locum,
986 3747 1035 3799 ubi
1055 3748 1112 3800 iam
1131 3745 1229 3816 aequis
1254 3744 1329 3797 locis
1347 3757 1393 3810 pu·

179 3831 270 3939 {aare
287 3823 416 3885 possent,
440 3823 473 3868 ut
491 3820 519 3881 1,
538 3817 582 3873 58.
601 3815 700 3886 aequin
718 3816 789 3868 tocie
807 3819 891 3887 aequi
908 3819 968 3880 dii,-
987 3819 1057 3870 Era.
1095 3815 1167 3883 Quia
1193 3817 1226 3868 in
1251 3813 1331 3886 colle
1352 3826 1392 3862 ar·

199 3901 235 3942 uo
253 3887 404 3940 commissa
422 3894 465 3939 est
483 3904 591 3964 pugna,
611 3903 728 3957 aequum
752 3904 811 3941 non
834 3907 867 3942 ca
889 3889 1004 3944 lendum
1030 3889 1065 3943 de
1088 3887 1175 3960 plano
1199 3887 1301 3958 aliquo
1325 3883 1393 3942 loco,

180 3952 230 4010 sed
253 3957 289 4011 de
311 3973 401 4027 aeque
427 3957 487 4010 alto
510 3976 544 4012 ee
567 3959 621 4012 ille
651 3967 722 4026 erat,
756 3977 843 4030 quem
908 3969 975 4028 ates,
1001 3959 1149 4013 Pitoniani
1167 3959 1295 4023 milites,
1322 3964 1393 4008 tent·

179 4027 264 4095 bant,
283 4027 411 4084 Freineb.
449 4027 489 4082 Ut
507 4029 548 4082 ita
566 4047 690 4101 aequum
708 4048 775 4084 oum
795 4033 957 4086 Pisonianis
976 4039 1112 4086 tenerent
1130 4029 1242 4095 locum,
1265 4023 1370 4082 nsunt·

587 4183 610 4237 G
628 4183 653 4236 A
672 4186 692 4236 Ρ
711 4183 780 4238 UT
833 4185 953 4241 LXXX
959 4187 989 4238 1.

264 4285 402 4373 Interim
423 4289 499 4353 Piso
520 4291 657 4354 danuam
688 4289 775 4354 hand
798 4293 917 4374 procul
947 4294 1176 4373 opperientem
1205 4303 1397 4376 oppugnare
