2890 4790
195 219 260 288 aso
342 245 348 266 ι
578 198 825 288 ιιιΝιιιιιιι
861 221 945 288 ιιι.
970 221 1030 288 1v.

196 385 237 449 ab
258 385 298 449 ln.
320 383 471 470 Apronio
498 403 616 450 socero
643 389 778 450 turbata
805 395 916 452 mento
944 383 1130 471 mpondit,
1157 394 1302 470 tanquam
1326 389 1385 468 ipse

195 487 311 532 somno
339 471 451 556 gravis
479 477 578 552 atque
599 489 638 532 oo
659 473 671 532 i
695 491 808 550 narni,
838 479 872 535 et
900 489 987 534 uxor
1007 477 1126 553 sponte
1153 479 1289 532 mortem
1311 489 1386 532 snm-

195 555 324 636 psisast.
368 551 446 615 Non
468 561 665 623 cunctanter
717 555 843 618 iberius
864 555 977 639 pergit
996 553 1033 615 in
1055 552 1200 632 domum,
1218 555 1294 616 risit
1311 553 1388 613 cubi-

196 636 319 714 culum,
357 637 393 698 in
424 653 490 718 qno
521 635 714 712 reluctantis
747 645 781 702 et
813 639 856 700 im
882 639 974 700 ulsse
1005 637 1148 722 vestigia
1178 635 1388 698 cernebantur.

196 717 312 792 Refert
331 717 373 780 ad
394 726 557 798 senatum,
591 717 677 782 datis
699 739 742 784 ue
770 717 937 784 iudicibus
965 715 1016 782 Ur
1074 721 1150 781 ania
1178 717 1298 782 Silvani
1328 719 1390 778 avia

196 803 376 889 pugionem
397 821 439 864 ne
485 804 512 864 ti
533 805 635 864 misit
678 741 775 868 duod
795 801 934 884 perinde
962 822 1020 866 cre
1044 805 1142 882 itum,
1191 803 1263 864 nasi
1282 801 1390 862 Princi-

196 885 250 968 pis
268 887 398 946 monitu
418 905 439 948 o
480 886 660 972 amicitiam
670 886 840 972 Augustae
858 907 934 950 cum
951 883 1143 973 Urgulania.
1170 918 1173 926 ·
1206 903 1263 946 ana
1284 885 1391 946 irnstra

195 975 325 1052 tentata
362 969 455 1030 ferro
493 987 595 1030 venas
632 965 788 1050 praebuit
818 967 1041 1033 exsolvendas.
1091 967 1173 1031 Mox
1208 967 1391 1030 Numantina

76 1073 83 1088 ·
196 1051 294 1133 prior
314 1069 401 1114 uxor
421 1051 493 1112 eins
513 1059 678 1120 accusata,
699 1053 855 1115 iniecisse
875 1051 1080 1115 carminibus
1108 1059 1143 1116 et
1162 1051 1325 1114 venaliciis
1348 1067 1390 1110 re

196 1131 346 1196 cordiam
368 1137 502 1214 marito,
524 1135 637 1196 insons
661 1133 841 1200 indicatur.

268 1249 737 1320 1.1³lmn·nsnmmpraeeor
755 1259 812 1306 aet.
849 1251 993 1319 „Similia
1023 1259 1053 1306 at
1076 1267 1136 1306 non
1161 1252 1259 1308 sudem
1282 1267 1325 1305 res
1340 1265 1392 1302 nar·

196 1327 260 1376 rats
284 1321 407 1388 Quintil.
434 1321 508 1380 1.0.
535 1327 563 1388 o,
582 1325 611 1387 2,
630 1325 675 1379 2⁴.
693 1322 736 1388 (7,
754 1322 795 1388 2.)
821 1323 857 1378 ld
884 1329 926 1376 erl
954 1323 1097 1378 insania
1122 1321 1228 1378 Naevii
1250 1321 1392 1390 Aproniani

196 1390 274 1469 (lego
291 1391 380 1446 Nonii
397 1393 576 1462 Aproniani)
593 1394 683 1448 solum
700 1393 868 1464 mauritan,
882 1394 1115 1464 praecipitatam
1132 1399 1206 1446 esset
1231 1393 1265 1446 ab
1282 1409 1312 1446 eo
1327 1407 1391 1456 uror,

196 1477 236 1516 an
258 1465 289 1516 r'e
310 1461 376 1531 ipsa
401 1475 454 1513 aua
475 1468 574 1584 sponte
597 1461 723 1518 iecisset.
759 1465 803 1520 De
826 1463 884 1519 boc
911 1466 975 1536 ipso
1004 1471 1102 1518 autam
1126 1464 1241 1523 Plautio
1270 1463 1338 1532 lapis
1356 1479 1390 1531 sp.

198 1531 320 1588 Gruter.
338 1547 368 1602 p·
388 1529 470 1588 ⁴6³.“
513 1532 575 1604 ipa
586 1531 661 1588 Male
679 1535 806 1606 lapidem
823 1534 957 1590 adhunc
975 1533 1128 1590 Silvanum
1151 1534 1261 1589 reterri
1277 1533 1331 1586 iem
1345 1549 1392 1585 no-

197 1603 264 1656 nuit
281 1603 443 1656 blercerus:
463 1620 531 1656 nam
549 1601 602 1656 illa
615 1605 790 1676 ¹Vespasiani
808 1604 845 1658 ad
862 1611 996 1675 tempora
1014 1603 1123 1658 vixisse
1141 1602 1267 1670 dicitur,
1292 1603 1355 1656 lira
1369 1619 1391 1654 ι.

196 1673 233 1728 ad
250 1673 287 1726 ll.
305 1676 334 1738 t,
352 1673 398 1736 5³,
419 1674 444 1727 7.
465 1705 498 1716 -
536 1680 669 1744 tanquam
693 1676 756 1742 ipae
779 1691 876 1730 somno
898 1677 1002 1744 granis
1019 1681 1103 1746 atque
1121 1691 1163 1740 eo,
1191 1673 1267 1739 ideo,
1293 1675 1393 1743 ignarus

195 1745 312 1798 fuisset.
332 1743 379 1798 Oi.
399 1741 462 1796 lnd.
481 1744 535 1798 111.
554 1761 581 1797 v.
602 1745 725 1815 lillipria
742 1747 821 1801 verbi
840 1748 980 1800 wiclant.
1003 1779 1031 1790 -
1070 1745 1243 1800 reluctantis
1261 1752 1288 1799 et
1311 1744 1392 1810 inpul-

197 1831 256 1882 sae,
275 1817 307 1868 ri
324 1813 490 1886 propulsae,
515 1823 679 1886 proti-usae,
706 1818 846 1886 uestigia,
871 1820 966 1894 signa,
989 1817 1075 1889 plura
1094 1825 1174 1872 certe
1192 1825 1279 1888 atque
1295 1816 1393 1870 maniis·

199 1887 300 1950 stiora
319 1901 407 1956 quum
426 1903 463 1940 ex
481 1887 616 1964 vestigiis
633 1887 740 1959 pedum
758 1886 858 1943 baberi
875 1897 1052 1960 potuerunt3
1069 1886 1200 1944 Freinsls.

267 1993 294 2050 2.
316 1991 479 2062 Urgulania
497 1991 610 2048 Silvani
628 1993 711 2049 ania.-
729 2013 764 2064 „a
840 2003 870 2050 ta
883 1995 1003 2061 Plautia,
1021 1995 1099 2050 unda
1118 2011 1162 2066 up.
1173 1995 1296 2052 Gruter.
1313 1995 1393 2068 p-lil.

186 2063 241 2122 M.
260 2062 390 2118 Plautius
408 2063 452 2118 Μ.
471 2063 494 2130 f.
517 2063 706 2135 Urgulaniae,
735 2075 783 2122 etv
812 2074 870 2120 net.
891 2067 990 2122 claud.
1009 2069 1053 2125 Μ.
1083 2065 1201 2120 Plautia
1223 2065 1394 2136 llrgulonillb

198 2151 257 2192 nan
274 2133 486 2202 Herculanilla,
506 2135 567 2190 eius
586 2135 687 2190 nxor.“
705 2135 784 2207 Lips.
804 2137 848 2194 cf.
869 2139 896 2206 2,
915 2141 959 2196 (lt.
974 2169 1005 2184 ·—
1081 2139 1118 2193 od
1132 2139 1254 2206 perinde
1271 2139 1394 2198 creditum

199 2205 284 2278 puori
301 2203 450 2276 Principia
467 2207 576 2262 monitu
594 2209 705 2262 facturn
724 2215 808 2264 esset.
842 2209 975 2278 perinde,
994 2227 1021 2266 v.
1078 2209 1107 2262 d.
1126 2209 1164 2263 11.
1188 2209 1307 2282 perinde
1323 2205 1395 2278 quasi,

198 2277 365 2350 otperinde
383 2283 425 2344 ut,
441 2294 470 2348 p.
490 2283 533 2346 aa,
549 2295 580 2348 p.
600 2285 692 2350 atque.
706 2307 738 2318 -
766 2279 800 2336 ob
819 2281 977 2335 amicitiam
995 2277 1146 2352 Augustae
1164 2297 1227 2336 aum
1247 2279 1395 2349 Urgulania

198 2367 226 2406 v.
245 2353 273 2416 Ἰ,
292 2353 336 2406 ³4.
358 2377 389 2424 ‘.
426 2349 501 2404 aens
525 2351 647 2418 fnestra,
677 2351 713 2406 ob
738 2359 849 2406 metum
873 2361 902 2406 et
928 2350 1164 2424 trepidationem,
1195 2359 1302 2408 tentato
1326 2353 1395 2418 serra,

198 2427 318 2476 conatus
337 2436 368 2476 se
387 2435 419 2475 eo
439 2420 607 2477 interlicere
632 2429 661 2476 et
683 2439 772 2479 venas
797 2440 912 2488 sermm
942 2421 1013 2478 Ern-
1041 2423 1086 2477 Cl.
1111 2425 1139 2489 d,
1157 2425 1184 2486 9,.
1206 2429 1251 2491 11,
1268 2427 1304 2482 38·
1318 2439 1356 2495 pr.
1371 2417 1396 2474 ad

197 2491 233 2546 Η.
252 2494 279 2558 2,
298 2495 342 2558 ta,
360 2493 387 2548 i.
407 2489 487 2549 Suet.
505 2491 574 2546 Nor.
594 2495 638 2550 49.
660 2523 692 2536 -
727 2508 812 2548 venas
833 2493 967 2564 praebuit
994 2495 1189 2560 exsolvendos,
1217 2505 1251 2550 nt
1273 2495 1308 2549 al.
1331 2505 1396 2546 aaut

198 2563 351 2631 exsolvere,
370 2563 519 2630 resolvere,
538 2563 677 2632 incidere,
696 2563 870 2632 abscindere,
890 2567 1108 2632 interscindere,
1132 2566 1342 2638 interrumpere,
1362 2563 1397 2616 al·

197 2651 335 2703 rumpere.
353 2651 382 2690 v.
401 2633 467 2688 lnd.
486 2631 525 2687 11.
564 2635 640 2702 Quae
658 2642 717 2690 ium
731 2637 951 2708 promptissima
967 2638 1071 2692 mortio
1089 2635 1137 2692 nia
1161 2637 1220 2706 (lo,
1239 2638 1297 2706 1⁷.)
1313 2645 1338 2692 et
1353 2634 1398 2686 usi·

197 2705 350 2760 tutissima.
386 2704 500 2772 Quare?
517 2721 545 2762 v.
566 2709 593 2772 6,
612 2709 647 2764 29
665 2725 711 2778 pr.
732 2740 765 2752 -
807 2709 942 2762 iniecisse
968 2709 1142 2764 canninibue
1165 2715 1194 2762 et
1217 2707 1351 2776 nemficiir
1365 2719 1398 2758 ne·

197 2777 329 2832 cordiam
345 2775 469 2830 marito:
487 2793 555 2832 nam
573 2779 687 2854 snagins
705 2777 845 2846 carmina,
863 2779 979 2850 tapam,
1002 2797 1119 2848 unane,
1145 2779 1292 2854 φάρμακα,
1315 2775 1398 2851 pocula

198 2847 350 2912 amatoria,
375 2847 487 2918 φίλτρα,
519 2844 550 2900 τὸ
569 2847 726 2922 ἱππομανὲς
752 2859 782 2906 at
799 2851 857 2906 ulia
874 2851 910 2906 sd
927 2868 1056 2906 amorem
1074 2859 1140 2906 tum
1156 2853 1257 2907 animo
1274 2851 1399 2922 inspissa-

199 2919 280 2984 dum,
299 2925 362 2972 tuns
382 2935 418 2973 ex
437 2935 470 2974 eo
488 2919 658 2988 pellendum
676 2915 845 2993 plurimun?
858 2921 957 2978 valere
974 2923 1174 2980 credebantur.
1200 2923 1248 2980 Gt.
1265 2923 1360 2994 llayne
1373 2913 1399 2969 ad

199 2987 310 3044 Tibull.
335 2995 363 3056 1,
381 2991 409 3053 ²,
428 2993 462 3048 41
482 3007 524 3062 sq·
543 2993 570 3054 8,
594 2995 629 3048 17
648 3011 690 3064 sq.
715 2991 751 3048 ad
768 2993 852 3072 Virg.
877 2993 943 3047 Ecl.
969 2995 997 3060 8,
1022 2995 1058 3052 69
1077 3013 1120 3066 sq.
1141 3002 1171 3049 st
1189 2994 1243 3052 Ge.
1262 2997 1289 3061 3,
1306 2995 1398 3058 wasq-

200 3059 443 3144 intpp31uvenal.
463 3063 490 3144 d,
511 3065 593 3119 1³³³
616 3067 696 3122 .tlu
713 3081 756 3136 oq.
775 3063 846 3120 Hor·
866 3065 912 3120 od·
929 3068 955 3130 1,
973 3067 1021 3132 tt,
1033 3067 1119 3146 ²⁰·,0i
1137 3065 1220 3138 epod.
1238 3067 1272 3119 V.
1285 3074 1313 3120 et
1328 3059 1398 3116 XVII·

202 3159 234 3172 -·
251 3149 336 3201 prior
354 3149 427 3186 uxor
445 3149 506 3187 etue
525 3151 598 3205 repu
620 3135 685 3189 'atu

629 3275 823 3334 catut
875 3277 1001 3336 xxm.

200 3431 204 3444 .
285 3381 318 3446 ls
338 3381 471 3447 demum
492 3403 596 3448 annus
608 3387 770 3468 populum
781 3385 964 3450 Romanum
985 3388 1087 3476 longo
1107 3386 1287 3452 adversum
1304 3383 1400 3450 Numi·

189 3464 279 3527 dam
310 3465 555 3530 Tacfarinatem
587 3467 676 3531 bello
707 3469 863 3533 absolvit.
919 3471 1006 3534 Nam
1045 3471 1176 3554 priores
1215 3470 1323 3548 duces,
1356 3465 1400 3526 ubi

203 3549 1015 3700 tttzbtltilt‘ltltltttttt‘ttlsftt
1029 3575 1083 3700 ‘t
1100 3552 1400 3702 iiisffiiiilffli

204 3711 313 3777 adhuc
334 3715 487 3797 raptabat
507 3656 874 3782 Afr’icamq'rnctsrim
904 3729 1022 3784 suctus
1049 3657 1253 3786 Mauroruin
1278 3677 1400 3788 auxiliis,

204 3799 272 3878 qni,
298 3798 486 3862 Ptolemaeo
514 3799 616 3862 Iubae
643 3799 715 3863 lilio
752 3802 891 3866 inventa
917 3803 1100 3881 incurioso,
1136 3804 1275 3866 libertos
1308 3801 1400 3884 regios

206 3889 240 3942 st
261 3879 401 3943 servilia
422 3883 565 3964 imperia
585 3883 673 3945 bello
694 3892 917 3949 mutaverant
962 3885 1042 3949 Erat
1067 3887 1119 3950 illi
1146 3883 1343 3975 praedarum
1361 3897 1401 3942 ru

207 3971 324 4044 ceptor
345 3984 383 4026 ac
404 3967 514 4029 socius
536 3965 720 4048 populandi
742 3985 800 4028 rex
813 3967 1063 4044 Garamantum,
1085 3989 1152 4032 non
1173 3977 1213 4032 nt
1231 3987 1306 4030 cum
1325 3981 1401 4027 exer·

207 4047 278 4107 citu
299 4045 480 4125 incederet,
509 4047 566 4110 sed
587 4049 696 4112 missis
717 4049 848 4114 levibus
870 4053 989 4136 copiis,
1016 4073 1099 4136 quae
1120 4073 1159 4116 ex
1181 4051 1353 4139 longinquo
1375 4046 1401 4103 in

206 4128 313 4188 maius
334 4127 572 4205 audiebantur3
594 4133 729 4216 ipsaque
751 4153 770 4196 e
790 4137 975 4218 provincia,
996 4145 1036 4198 ut
1076 4137 1294 4199 nisiurtunae
1311 4135 1401 4212 inops

208 4209 359 4271 moribus
379 4211 546 4288 turbidus,
568 4217 756 4296 promptius
776 4217 930 4297 mebant,
961 4221 1042 4302 qnia
1111 4235 1186 4281 oser
1212 4226 1288 4300 poet
1316 4227 1401 4276 rese

172 4295 178 4304 '
210 4289 326 4352 Blaeso
357 4301 476 4376 gestas,
504 4299 601 4376 quusi
622 4297 723 4360 nullis
754 4300 820 4362 ism
851 4301 888 4363 in
915 4301 1029 4366 Alrica
1060 4301 1221 4381 huntur,
1251 4293 1401 4384 reported
