2904 4798
10 391 19 430 l

9 473 22 512 μ

9 559 22 598 Ε

258 197 402 262 curor
422 196 513 260 xm.
547 195 623 260 xx.
647 199 699 276 (s.
722 198 763 262 u.
785 198 856 265 res.
879 199 918 264 s.
941 199 976 264 o.
998 199 1066 283 ss.)
1228 203 1316 288 sos⁸

82 381 197 434 corporo
212 367 378 433 putrefacto
395 365 618 429 assectabantur,
637 365 859 430 comitabuntur,
877 367 944 420 dum
961 367 994 420 in
1005 353 1130 422 Tiberim
1144 369 1291 424 treberen-

82 447 137 504 tur,
156 455 194 490 sc.
214 453 297 489 unco.
317 455 345 488 r.
364 434 445 501 adii,
466 439 509 500 lt,
528 438 555 489 3.
586 435 717 505 Tyberim
733 435 881 492 addidet.
902 437 1039 496 stlihsn.
1062 445 1085 496 1.
1112 467 1145 480 -
1171 444 1292 496 interci-

82 511 158 562 derat
177 507 267 562 sortis
285 506 420 560 humanae
438 506 638 572 commercium,
658 509 826 572 „miseratio
845 518 874 563 st
891 511 1002 595 agnitio
1021 512 1126 566 similis
1147 513 1291 580 formare,

82 599 151 651 quae
169 579 302 634 omnibus
319 587 416 650 potest
433 580 560 633 evenire.
597 579 678 632 Hanc
703 581 835 650 sequitur
858 581 1002 636 auxrlium
1028 583 1078 636 vel
1100 585 1236 639 solatium
1263 595 1293 639 et

10 643 21 680 s
82 653 229 723 sepultura
247 652 394 704 communi
412 650 534 720 quodam
559 650 653 704 iure.“
675 648 755 720 Lips.
791 649 858 706 Sive
875 655 1032 723 persuasio,
1055 651 1163 710 sortem
1189 657 1293 709 huma-

9 727 16 765 ἱ·
81 743 155 790 nam,
182 724 307 777 aliorum
329 721 481 775 hominum
504 722 622 776 adversa
646 721 682 774 ad
706 739 759 775 nos
777 725 936 792 pertinere,
969 727 1134 780 communia
1159 745 1229 793 esse,
1258 737 1293 780 ut

9 811 20 850 i

81 797 133 850 ille
154 795 344 849 Terentianus
367 792 443 846 nibil
465 793 581 846 brussani
604 809 623 845 a
646 808 676 846 ss
699 794 825 846 alienum
840 801 939 862 putat,
968 813 1057 867 eaque
1075 799 1111 852 de
1137 817 1219 854 caum
1238 801 1293 852 mi-

81 867 275 933 sericordiam,
295 865 438 920 auxilium
456 865 569 930 deberi;
587 865 656 920 Ero.
695 865 775 930 Quod
792 865 880 920 elteri
898 867 1052 935 acciderat,
1077 870 1110 923 ab
1135 871 1228 925 altero
1246 887 1294 924 ac-

80 939 251 1009 cipiebatur,
274 945 411 1007 tanquam
435 937 470 990 ad
484 954 524 1002 vse
547 953 606 990 non
629 937 807 1006 pertineret3
835 935 942 993 Waltlt.
974 939 1019 992 ct.
1041 945 1183 1012 l,61p1·.
1212 975 1245 984 -
1265 943 1294 994 vs·

13 1030 17 1041 ·
79 1017 183 1063 metus.-
202 1009 299 1074 „Male
316 1009 430 1078 Lipsius
449 1009 524 1064 coni.
547 1007 586 1074 ri,
610 1013 684 1059 metu
707 1015 737 1061 et
755 1008 891 1061 Heinsius
914 1008 961 1061 sui
982 1018 1067 1063 nuetu.
1108 1013 1159 1066 Vis
1178 1021 1222 1066 cst
1240 1014 1292 1068 Gr.

80 1081 165 1150 ἰσχύς,
192 1089 220 1136 st
246 1081 290 1133 uis
310 1087 401 1132 metas
424 1080 459 1133 id.
480 1079 527 1149 qd.
551 1075 662 1150 ἰσχυρὸς
684 1073 771 1149 φόβος
797 1097 842 1149 sp.
862 1079 991 1150 Xenoph.
1011 1082 1119 1154 Cyrop.
1139 1084 1294 1149 s,1,23.“

9 1157 15 1188 f
81 1150 239 1282 {troppis
251 1149 533 1288 tqupperrltpmlsassu‘tia
550 1151 695 1219 glisceret,
715 1158 837 1219 tantum,
855 1151 1004 1206 miseratio
1023 1155 1182 1222 arcebatur,
1201 1156 1239 1208 ct.
1259 1155 1295 1207 ad

9 1237 11 1258 ¹
97 1261 105 1290 r
160 1261 169 1289 r
207 1241 250 1278 ·⁰
362 1259 370 1288 r
408 1267 413 1279 ·
443 1233 452 1250 ¹

544 1367 567 1422 G
585 1367 610 1422 A
628 1369 648 1422 P
666 1367 693 1423 U
710 1366 735 1422 Τ
781 1367 847 1423 Η.

160 1477 229 1540 Sub
250 1475 338 1540 idem
359 1485 489 1560 tempus
512 1471 548 1540 C.
572 1473 704 1549 Caesar,
726 1475 910 1542 discedenti
925 1474 1069 1562 Capreas
1091 1499 1154 1542 avo
1175 1483 1295 1558 comes,

8 1519 10 1546 Ι
79 1559 251 1624 Claudiam
273 1559 320 1622 M.
343 1559 447 1622 Silani
466 1558 570 1621 filiam
596 1561 753 1646 coniugio
774 1563 912 1644 accepit,
944 1563 1122 1626 immanem
1149 1565 1296 1626 animum

77 1644 217 1708 subdole
237 1643 400 1706 modestia
420 1650 555 1730 tegens,
586 1642 886 1706 condemnatione
918 1647 1047 1724 matris,
1079 1667 1146 1709 non
1177 1648 1295 1708 exsilio

77 1732 223 1792 fratrum
244 1735 345 1810 rupta
365 1745 466 1801 voco;
489 1725 622 1807 qualem
643 1723 731 1788 diem
752 1725 910 1790 Tiberius
932 1727 1105 1808 induisset,
1138 1731 1211 1812 pari
1238 1729 1295 1792 ha-

75 1813 163 1888 bitu,
184 1810 272 1874 band
294 1809 437 1872 multum
458 1807 658 1871 distantibus
684 1809 815 1874 verbis:
848 1810 937 1874 unde
964 1831 1042 1874 mox
1070 1815 1190 1876 scitum
1218 1815 1297 1876 Pas·

75 1897 164 1956 sieni
185 1895 329 1957 oratoris
352 1891 478 1954 dictum
499 1892 726 1975 percrebruit:
762 1893 875 1976 Neque
894 1895 1048 1959 meliorem
1073 1916 1211 1978 unquam
1231 1917 1297 1961 ser·

74 1999 148 2042 vum
181 1997 281 2060 neque
311 1977 497 2040 deteriorem
524 1975 678 2039 dominum
705 1973 817 2055 fuisse.
860 1975 939 2040 Non
966 1981 1137 2042 omiserim
1164 1999 1298 2062 praesa·

74 2065 170 2149 giam
192 2061 322 2123 Tiberii
344 2057 386 2121 de
406 2057 478 2121 Ser.
501 2056 608 2120 Galba
639 2068 709 2120 tum
730 2057 877 2138 consule,
905 2079 1002 2143 quem
1023 2064 1167 2144 accitum
1192 2071 1227 2126 et
1248 2061 1296 2126 di-

73 2147 185 2208 versis
206 2143 414 2206 sermonibus
435 2147 660 2222 pertentatum
682 2149 852 2222 postremo
873 2141 1134 2207 Graecisrerbis
1156 2146 1191 2207 in
1212 2145 1298 2209 hanc

74 2229 277 2290 sententiam
298 2227 485 2288 allocutus:
505 2223 553 2288 Et
572 2234 618 2302 tu,
642 2222 761 2303 Galba,
784 2227 972 2310 quandoque
992 2227 1182 2308 degustabis
1202 2231 1298 2308 impe·

75 2316 171 2390 rium,
198 2329 307 2374 seram
328 2328 366 2371 ac
385 2309 522 2371 brevem
543 2308 727 2390 potentiam
756 2309 944 2395 significans
973 2312 1112 2373 scientia
1139 2309 1298 2376 Chaldae-

73 2415 178 2459 orum
199 2395 293 2472 artis,
321 2395 417 2454 cuius
439 2388 633 2474 apiscendae
661 2393 767 2454 otium
788 2391 876 2474 apud
904 2391 1069 2471 Rhodum,
1102 2395 1298 2481 magistrum

73 2479 296 2559 Thrasyllum
315 2473 443 2553 habuit,
464 2475 620 2556 peritiam
641 2475 713 2536 eius
735 2474 799 2537 hoc
818 2474 917 2538 modo
946 2484 1111 2558 expertus.

152 2584 177 2634 l.
198 2578 254 2633 Sub
273 2577 349 2631 idem
367 2583 475 2644 tempus
494 2575 526 2629 0.
547 2575 656 2629 Caesar
674 2575 738 2628 cali
780 2576 819 2640 la,
838 2576 1006 2630 Germanici
1025 2577 1116 2644 lilius,
1143 2577 1299 2631 discedenti

72 2655 207 2722 Capreas
225 2667 277 2704 ooo
295 2665 387 2702 comes
405 2649 517 2714 cetri.
536 2645 591 2700 Dio
610 2649 655 2710 58,
672 2649 717 2702 23.
759 2655 816 2700 uec
836 2647 899 2702 Gal.
919 2651 962 2703 lo.
982 2663 1043 2714 auo,
1072 2668 1102 2702 r.
1122 2649 1157 2702 ad
1176 2654 1203 2714 1,
1222 2655 1249 2714 ³,
1269 2653 1297 2704 7.

72 2759 112 2770 -
133 2723 285 2777 Claudium
297 2721 340 2776 M.
351 2719 449 2774 Silani
466 2718 565 2786 filiam,
584 2737 612 2772 v.
631 2718 666 2771 sd
682 2721 711 2784 t,
730 2722 757 2783 3,
774 2721 802 2774 2·
823 2722 868 2783 13,
892 2724 955 2784 Ι,1.
975 2721 1052 2786 lid,
1070 2723 1115 2782 ts,
1134 2724 1161 2776 4.
1182 2749 1214 2760 -·
1232 2737 1299 2774 con·

71 2795 163 2863 iugis
182 2793 298 2862 accepit,
317 2794 349 2844 in
368 2791 547 2865 coniugium.
567 2809 596 2843 v.
616 2789 651 2842 ad
669 2794 713 2855 ll,
733 2795 777 2856 lo,
796 2795 823 2846 3.
852 2817 884 2829 -
911 2792 1059 2845 immanem
1083 2793 1208 2845 animum
1235 2793 1299 2845 sub-

70 2867 147 2922 dola
165 2865 307 2919 modestia
326 2870 425 2932 tegens
443 2869 498 2915 cet.
524 2863 563 2915 cf.
592 2859 671 2914 Suet.
692 2861 752 2916 Gal.
774 2865 815 2917 lb.
850 2895 883 2905 -
911 2863 1091 2917 damnatione
1109 2864 1298 2933 Agrippinae,

71 2940 193 2992 matris.
220 2939 265 2991 Gi.
287 2955 349 3007 cap.
368 2937 413 2990 25.
434 2941 463 2988 et
482 2935 509 3000 b,
527 2936 554 2989 3.
575 2965 607 2976 -
626 2933 730 2986 exsilio
748 2933 884 3000 fratrum,
902 2935 1027 2988 Neronis
1040 2942 1070 2986 et
1082 2932 1179 2987 Drusi.
1199 2935 1298 3001 „Unus

69 3019 194 3065 tantum
211 3011 348 3074 fratrum,
367 3007 455 3072 Nero,
475 3005 506 3058 in
524 3004 667 3071 exsilium,
686 3005 762 3074 quod
780 3005 870 3081 vulgo
888 3003 1008 3068 dicitur,
1026 3013 1195 3074 actuserst5
1213 3006 1298 3071 alter,

11 3089 22 3113 ³·
69 3083 202 3148 Drusus,
235 3083 267 3134 in
293 3082 352 3134 ima
374 3077 478 3150 palatii
503 3085 587 3147 parts
613 3077 837 3132 custodiebatur.
883 3076 1043 3148 Utriusque
1072 3085 1171 3130 tamen
1196 3079 1298 3130 fratris

7 3154 16 3188 i
71 3163 189 3209 sortem
208 3152 308 3206 exsilii
325 3149 464 3206 vocabulo
482 3147 590 3202 Noster
607 3149 769 3212 coniunxit,
788 3155 821 3200 nt
838 3148 979 3210 exsilium,
1008 3144 1159 3218 ἒξορισμός,
1186 3148 1299 3202 intelli-

7 3215 38 3260 er.

116 3225 217 3280 turin
237 3226 407 3278 universum
425 3221 460 3274 de
478 3221 525 3284 iis,
545 3219 597 3288 qui
616 3219 722 3272 limine
740 3217 840 3272 domus
861 3219 1032 3290 principalis
1051 3219 1299 3289 expellebantur.“

7 3290 44 3358 ·.¹
121 3295 192 3350 altll.
229 3297 274 3350 Cf.
298 3313 360 3365 cap.
379 3295 424 3350 23.
451 3299 481 3345 st
499 3290 578 3345 Suet.
597 3287 661 3346 Tib.
681 3307 706 3342 c.
724 3291 768 3345 54.
793 3293 837 3347 bb.
866 3323 899 3334 -
927 3297 1013 3359 mepta
1030 3307 1104 3355 uoce,
1124 3307 1258 3362 expressa
1276 3311 1298 3344 s.

7 3362 42 3401 ‘iffi
69 3371 174 3436 edits3
193 3368 263 3420 lirn.
301 3366 350 3420 Sic
368 3363 420 3420 Gr.
441 3363 519 3436 ῥῆξαι
537 3359 645 3431 φωνήν,
663 3355 781 3432 δάκρυα,
799 3359 830 3418 h.
844 3361 865 3414 l.
884 3362 920 3416 ds
938 3379 983 3429 eo,
1006 3363 1058 3434 qui
1082 3363 1164 3433 quasi
1187 3363 1299 3416 invitus

12 3431 48 3474 ⁹*
69 3440 213 3512 erumpit
231 3442 263 3492 in
280 3455 392 3502 vocem,
411 3438 443 3489 in
462 3433 567 3498 verbus
586 3433 681 3486 Boett.
701 3435 734 3486 in
751 3433 819 3486 Lex.
838 3431 904 3488 Tac.
934 3461 964 3472 -
990 3435 1100 3502 qualem
1124 3433 1198 3488 diem
1218 3429 1300 3488 Tibe-

7 3503 47 3547 ’π’
67 3516 145 3570 rs'ue
163 3511 315 3578 induisset,
331 3509 400 3578 pari
417 3505 524 3569 babitu,
542 3505 631 3558 rerba
649 3506 780 3568 obscura,
800 3521 872 3574 quae
890 3505 981 3562 Gran.
1001 3506 1072 3560 obss.
1093 3511 1121 3571 l,
1139 3510 1165 3563 Ἰ.
1194 3508 1236 3559 ita
1253 3507 1300 3558 in·

7 3563 43 3616 ²¹¹²
62 3591 276 3655 terpretatur:
295 3581 435 3648 „Qualem
452 3577 587 3640 lubitum,
606 3576 736 3630 animum
753 3575 925 3646 vultumque
951 3577 1055 3648 quovis
1079 3577 1126 3631 die
1149 3579 1300 3640 induisset,

20 3637 40 3704 ἡ.
64 3655 253 3726 sumpsisset
269 3655 319 3708 vel
337 3654 476 3730 gessisset
497 3645 637 3713 Tiberim,
666 3649 727 3704 sive
745 3647 864 3712 laetum,
892 3649 954 3703 sire
972 3649 1096 3714 tristem,
1121 3650 1299 3735 ambiguum,

7 3711 39 3758 ³¹⁸¹
62 3744 227 3790 severum,
254 3734 304 3779 aut
331 3724 490 3787 crudelem,
516 3719 685 3796 benignum,
710 3719 919 3788 voluntarium,
946 3721 1139 3797 negotiosum,
1164 3728 1299 3783 otsosum,

7 3787 34 3834 ⁰¹·
62 3801 172 3856 talem
191 3807 220 3852 et
239 3797 301 3868 ipse
320 3796 442 3850 induens
460 3811 494 3848 ac
512 3807 630 3863 praese
656 3794 762 3848 remus.
799 3791 870 3844 Dies
894 3793 972 3846 enim
994 3793 1139 3862 accipitur
1160 3809 1215 3861 pro
1239 3793 1301 3843 lor-

7 3865 31 3901 “3
63 3886 164 3936 tuna,
190 3885 276 3940 quarn
294 3872 365 3933 lert,
398 3875 427 3922 et
449 3881 505 3938 pro
532 3863 673 3918 varietate
697 3863 750 3916 illa
773 3863 850 3917 vitas
875 3871 904 3920 et
927 3863 1120 3931 humanorum
1136 3863 1301 3934 proposito·

7 3936 27 3976 ii
64 3959 160 4007 rum,
187 3959 259 4010 quae
283 3939 359 3994 indit
383 3939 445 3992 diss
470 3943 563 3990 mutat
605 3951 628 3990 e.
672 3936 782 3988 Notum
807 3933 883 3988 illud
905 3933 1027 3988 Homeri
1049 3937 1122 3992 τοῖος
1152 3929 1207 4006 γὰρ
1238 3928 1301 3994 νόος

7 4017 20 4046 '
63 4016 158 4071 ἐστὶν
175 4011 376 4078 ἀνθρώποισιν,
405 4003 472 4062 otuu
498 4004 539 4061 ἐπ’
565 4025 639 4096 paup
661 4001 744 4078 lippos
771 4001 859 4074 πατὴρ
877 4002 989 4078 budpsir
1012 4021 1041 4056 rs
1058 3998 1133 4058 θεῶν
1150 4019 1186 4058 rs.
1223 4005 1300 4058 Hinc

7 4087 17 4120 t·

7 4139 12 4164 r

63 4079 207 4150 δούλιον,
226 4077 382 4152 ἐλεύθερον,
401 4076 554 4152 ὀρφανικὸν
570 4095 656 4150 paup,
674 4097 691 4132 a
714 4077 834 4146 .Eurip.
854 4077 885 4130 in
897 4077 967 4131 lone
982 4078 1049 4130 νέαν
1060 4072 1176 4148 ἡμέραν,
1195 4093 1300 4131 noram

62 4164 233 4215 fortunam
251 4164 380 4226 stapam
398 4154 494 4238 regni,
514 4153 545 4204 in
558 4149 662 4204 Trosd.
701 4147 809 4201 oitsuou
825 4166 848 4202 s.
864 4143 975 4202 δούλιον
989 4143 1095 4220 ἡμέραν
1107 4153 1179 4215 βίου,
1192 4156 1299 4201 sortem

62 4240 112 4286 et
130 4229 281 4282 miseriam
300 4227 451 4280 cerritutss
471 4233 501 4278 et
518 4239 603 4277 omne
622 4227 745 4292 tempus,
765 4220 842 4290 quod
860 4221 893 4274 in
911 4237 943 4274 ea
960 4220 1100 4296 exigitur,
1119 4235 1175 4272 noa:
1192 4219 1299 4273 Dorico

60 4319 130 4372 ap.
150 4300 246 4353 valer.
266 4297 311 4351 lu.
330 4301 359 4360 2,
377 4299 437 4356 673,
459 4311 516 4350 nox
533 4293 595 4359 ills,
623 4309 680 4363 qna
697 4291 789 4346 Dorus
812 4311 834 4346 s.
855 4291 960 4346 Gr'ssci
978 4309 1082 4367 magns
1104 4292 1222 4345 tortum
1247 4306 1301 4360 po·
