2762 4788
185 185 234 240 xc
686 179 911 246 DIALOGIJS

186 355 304 470 tnagis
337 376 425 424 vero
459 352 505 423 ab
538 351 689 422 illorum
721 351 929 446 eloquentia
954 347 1153 421 recesserit
1190 347 1376 436 (desciverit

187 455 287 527 etin
320 453 425 547 peius
459 461 598 523 mutata
636 449 706 537 sit)
746 450 836 522 haec
878 453 1102 520 nostrorum
1132 447 1316 518 rhetorum
1355 459 1376 520 et

187 552 501 640 scholasticonmr,
544 551 860 666 quemadmodum
893 551 1004 622 etiam
1036 548 1134 643 apud
1169 547 1320 624 Graecos
1348 551 1376 618 alr

186 652 371 724 Aeschine
395 661 433 722 ct
457 651 708 722 Demosthene
734 650 863 722 seriori
887 673 988 739 aevo,
1014 672 1086 743 quo
1111 647 1218 719 valde
1236 659 1376 742 corrupta

187 763 242 823 est
267 751 519 845 eloquentia,
508 773 737 822 immensum
762 759 940 844 quantum
971 757 1197 818 recesserunt
1228 745 1376 818 Sacerdot

186 852 330 924 Nicetes
356 849 491 944 aliique
515 849 679 920 rhetores
705 849 859 944 Ephesii
884 847 943 919 vel
968 847 1192 940 Mytilenaei,
1234 851 1298 941 qui
1320 849 1376 916 abs

188 961 303 1021 trusae
344 949 538 1021 sententias
579 960 616 1021 et
656 949 727 1020 alte
766 947 931 1020 sonantia
969 949 1080 1018 verba
1117 943 1376 1040 aucupabantur

188 1045 400 1125 secundos:
444 1050 489 1134 (c
520 1047 575 1121 l6.
611 1059 648 1120 et
685 1045 945 1132 urbanissime)
990 1045 1065 1118 Sed
1099 1048 1182 1141 quis
1208 1049 1336 1118 iustius
1357 1049 1376 1136 ιι

188 1148 383 1243 explicabit
407 1171 519 1243 quam
552 1150 709 1244 tuipse,
748 1148 794 1218 ad
820 1149 924 1220 cuius
948 1169 1135 1218 summam
1161 1127 1376 1238 eruditiones}

187 1259 224 1320 et
247 1249 441 1343 ingenium
465 1250 820 1342 praestantissimum
847 1271 934 1319 cura
966 1270 1114 1342 quoque
1148 1257 1185 1317 et
1214 1247 1376 1318 meditati

186 1349 358 1422 accessit't
391 1343 583 1420 Messala:
616 1347 792 1443 Aperiam
825 1349 1058 1442 cogitationes
1083 1371 1196 1437 meas,
1240 1347 1281 1416 si
1307 1349 1376 1418 istu

187 1473 208 1518 a
233 1448 338 1518 vob1s
364 1457 445 1518 ante
473 1449 728 1543 impetravero,
757 1457 799 1518 ut
825 1471 892 1518 vos
912 1469 1058 1543 qnoque
1075 1469 1285 1518 sermonem
1307 1435 1376 1524 hun

186 1571 312 1618 meum
340 1539 531 1620 adiuvetis.
583 1545 804 1622 Maternae.-
830 1547 903 1618 Pro
924 1547 1070 1618 duobus
1095 1548 1295 1640 promitto,
1319 1565 1376 1618 nau

187 1657 223 1718 et
247 1671 313 1741 ego
347 1657 384 1719 et
409 1646 601 1719 Secundus
636 1671 878 1743 exsequemur
910 1657 1041 1742 partes,
1073 1671 1162 1742 quas
1186 1646 1376 1718 intellexerl

186 1771 271 1818 mus
296 1758 332 1818 te
356 1772 431 1818 non
457 1757 533 1819 tam
559 1749 728 1820 omisisse
754 1773 865 1844 quam
891 1748 999 1818 nobis
1021 1745 1222 1842 reliquisse.
1248 1745 1376 1842 (Lepid

186 1847 277 1918 haec
302 1846 423 1936 dicta.)
449 1847 551 1944 Aper
574 1859 698 1920 autem
724 1849 917 1920 dissentire
942 1847 1046 1936 solet,
1072 1857 1114 1918 ut
1128 1859 1170 1920 tu
1186 1847 1300 1944 paulo
1326 1847 1376 1938 aul

186 1947 325 2040 dixisti,
367 1959 404 2020 et
437 1949 513 2021 iam
550 1952 637 2020 satis
662 1948 856 2020 manifesto
883 1947 1111 2066 significavit,
1143 1973 1183 2020 se
1207 1951 1314 2044 prius
1341 1951 1376 2020 til

185 2001 496 2120 contradicturum
529 2073 608 2121 esse
642 2073 709 2122 nec
743 2073 858 2146 aequo
895 2049 1020 2120 animo
1059 2047 1289 2142 perlaturmn
1316 2050 1376 2130 har

186 2159 351 2220 nostram
374 2172 451 2253 pro
477 2149 710 2245 antiquorum
735 2147 845 2222 luade
878 2149 1124 2221 concordiam
1151 2173 1183 2222 c.
1214 2149 1271 2222 16.
1375 2183 1376 2212 ι

285 2237 386 2321 Tum
411 2249 542 2351 Aper:
581 2249 719 2346 Utique
743 2274 820 2321 non
844 2249 971 2343 patiar,
1002 2249 1213 2320 inauditum
1240 2261 1279 2321 et
1309 2251 1376 2321 ino

185 2348 333 2420 tensum
371 2373 393 2420 a
425 2351 531 2422 vobis
566 2346 737 2422 damnari
769 2346 951 2422 saeculam
982 2359 1146 2422 trostmar
1176 2373 1201 2420 1
1228 2374 1259 2420 e.
1299 2341 1376 2426 ιιιιὶι

186 2451 266 2518 aevi
291 2459 461 2522 oratores.
1375 2461 1376 2524 ι

285 2549 365 2622 Iam
391 2549 544 2644 suscipit
568 2549 671 2644 Aper
695 2551 941 2645 patrocinium
979 2548 1208 2644 eloquentiae
1233 2547 1376 2622 recenti

187 2647 240 2728 ris
272 2647 312 2719 in
347 2649 510 2720 oratione
543 2647 685 2763 prolixa
717 2673 794 2744 cap.
826 2649 927 2721 16-
936 2647 996 2722 24.
1026 2650 1070 2720 in
1105 2673 1176 2744 qua
1209 2639 1376 2724 contendi

186 2746 281 2816 hanc
307 2748 458 2842 quidem
483 2749 662 2864 antiquae·
678 2747 900 2819 dissinnlem
925 2773 1005 2819 esse
1037 2758 1073 2819 et
1105 2745 1297 2821 diversam
1334 2773 1376 2846 pr

185 2857 267 2942 pter
291 2857 515 2942 temporum,
539 2848 785 2940 ingeniorum,
809 2848 949 2938 iudicii,
984 2871 1159 2921 sensuum
1194 2859 1231 2920 et
1262 2854 1376 2944 auriti

184 2946 446 3038 diversitatem,
471 2971 546 3018 non
570 2969 660 3018 vero
686 2948 918 3038 deteriorem,
951 2947 1041 3034 (non
1067 2949 1168 3018 enim
1194 2950 1328 3020 statim
1357 2947 1376 3030 d

185 3047 298 3118 terius
323 3048 528 3144 essequod
563 3048 752 3118 diversum
786 3048 845 3137 sit,
886 3047 976 3118 vitio
1010 3056 1134 3118 autem
1167 3046 1376 3164 malignita

186 3145 369 3219 humanae
401 3157 524 3220 vetera
557 3171 704 3264 semper
740 3149 780 3218 ιιι
806 3099 925 3236 ιιιιιιιι,
964 3149 1169 3241 praesentia
1193 3148 1233 3218 in
1260 3143 1376 3226 fastid

185 3269 334 3336 esse,c.
365 3247 437 3332 18)
477 3257 514 3318 et
545 3247 680 3342 scripta
711 3257 880 3318 veterum
915 3257 1102 3318 eratenim
1125 3247 1225 3318 vitiis
1260 3237 1376 3322 amad

185 3343 286 3415 Haec
311 3347 426 3416 oratio
450 3345 561 3439 paulo
588 3347 705 3416 acrior
730 3357 785 3417 est
816 3357 853 3417 et
877 3345 1132 3418 vehementior
1166 3371 1282 3462 quam
1314 3345 1376 3450 pri

184 3445 351 3516 eiusdem
376 3445 471 3539 Apri
509 3446 555 3516 de
579 3447 789 3544 principatu
814 3445 1001 3540 dignitatis
1027 3447 1095 3518 arti
1127 3448 1315 3519 oratoriae
1347 3475 1376 3522 ιι

184 3545 347 3638 poeticae
379 3544 611 3616 concedendo
643 3569 673 3616 c.
699 3545 849 3620 5-11.
882 3545 948 3616 sed
978 3570 1065 3618 cum
1091 3547 1227 3640 insigni
1261 3551 1376 3626 ιιιιιιιι

135 3705 139 3720 .
185 3641 568 3716 tateconcluditurc.
596 3643 974 3718 tannetarium
1000 3643 1145 3740 dialogi.
1375 3671 1376 3674 ¹

283 3745 340 3815 De
366 3743 478 3816 huius
503 3745 677 3816 orationis
702 3743 827 3816 indole
853 3745 1102 3816 diversissima
1126 3756 1213 3816 sunt
1237 3756 1276 3818 et
1308 3717 1376 3844 pli

184 3844 364 3914 contraria
389 3843 580 3939 Goen'ngii
605 3853 642 3915 et
659 3843 1015 3918 Gutmanniiudicia
1032 3838 1094 3938 ³⁸),
1120 3855 1302 3917 neutrum
1336 3857 1376 3978 ιι

257 4039 299 4112 ³⁸)
323 4045 380 4100 San
382 4047 475 4100 tentia
494 4045 648 4132 Gerr-ingii
672 4047 712 4118 (p
732 4049 774 4102 18.
796 4045 852 4112 ts.)
870 4056 914 4100 eat
930 4005 1015 4102 hoec:
1035 4047 1089 4114 „ln
1108 4047 1181 4118 Apri
1200 4049 1276 4102 orati
1264 4065 1376 4106 rone

184 4117 325 4187 quiritur,
358 4117 429 4188 quid
451 4119 531 4174 inter
552 4119 707 4189 utriusque
730 4119 796 4171 aevi
813 4125 943 4173 oratores
961 4120 1088 4175 ii.nte1·et
1111 4118 1167 4183 (Cf
1187 4117 1213 4184 ι
1231 4121 1376 4188 mr.)

184 4189 1376 4333 htutnttttttttrzammteotffilhh'tsst
