2872 4792
164 199 307 267 CAPUT
328 201 456 272 XVIII.
488 201 579 270 xus
614 203 689 272 XX.
716 203 774 285 (Δ.
787 203 826 272 lJ.
837 203 910 274 769.
932 205 971 270 Δ.
984 203 1021 271 C.
1033 206 1098 288 lo.)
1181 209 1244 279 167

48 370 185 447 damam,
212 377 316 432 arcta·
333 371 424 432 intua
451 369 590 454 planitie
617 383 653 436 et
680 370 826 437 humida
873 371 982 436 Siluas
1008 390 1140 454 quoque
1163 392 1243 456 pro-

48 449 131 514 funda
148 453 241 534 pslus
261 452 417 530 ambibat,
444 455 509 515 nisi
550 454 617 516 uod
639 457 723 519 latus
745 474 849 516 unum
869 456 1067 544 Angrivarii
1093 457 1162 520 lato
1186 475 1243 543 ag·

47 555 111 622 gere
140 535 338 614 extulerant,
381 555 444 620 qno
478 557 497 598 a
530 473 706 603 dheruscis
746 537 997 602 dirimerentur.
1041 539 1110 600 Hic
1141 537 1242 620 pedes

47 617 172 764 pistititg
205 621 349 762 equittem
377 621 574 764 pprinqffis
599 623 680 686 lucis
709 631 835 719 texere,
871 629 910 684 nt
938 623 1096 710 ingressis
1123 623 1242 684 silvam

57 723 153 786 egium
175 722 212 764 us
233 723 253 764 a
290 723 370 788 ergo
405 722 489 766 ore.

102 823 122 873 l.
156 819 240 871 Hasd
270 819 382 888 perinde
411 820 471 887 (of.
504 819 566 876 ind.
595 821 651 889 ll.)
682 820 828 874 Germanos
858 830 912 876 cet.
948 817 1114 894 exemplum
1149 823 1242 876 simil-

47 891 130 943 limam
154 891 238 944 babes
263 909 307 1015 sp.
334 890 499 948 Sensum.
525 893 576 957 V.;
606 892 695 976 Buri.
715 925 747 936 -
786 893 873 946 luctus
890 909 929 947 sc.
955 891 991 948 de
1009 901 1104 948 morte
1122 895 1243 966 propin·
1290 903 1293 912 '

46 977 165 1032 quorum
199 963 304 1019 Wuil.
332 995 365 1005 -
406 979 482 1032 pssum
511 979 544 1015 eo
573 979 685 1031 messes,
716 955 799 1030 eidos,
832 974 963 1034 aspectus
993 973 1181 1036 tropaeorum
1213 973 1243 1019 et

47 1035 163 1103 superbae
181 1035 391 1106 inscriptionis.
412 1067 445 1077 -
482 1049 558 1088 ormo
581 1035 701 1103 rapiens,
726 1036 902 1106 corripiunt,
933 1033 984 1120 (ν.
1007 1035 1043 1089 ad
1066 1041 1094 1102 3,
1113 1037 1175 1104 ³⁵.)
1193 1036 1243 1120 vel

45 1107 248 1244 Iiils‘il'fii'i
266 1107 400 1234 liti*
420 1124 461 1232 t?
462 1121 612 1234 listi?
621 1113 663 1234 1⁰4²
682 1107 790 1234 {lii
793 1121 834 1234 'i'
845 1115 893 1235 it?
909 1103 1061 1235 little
1077 1116 1132 1234 ‘ii
1143 1114 1243 1234 'iiii

45 1193 195 1332 iriam}
213 1255 248 1301 ..ι
267 1214 293 1313 ιζ
309 1251 354 1306 ar.
373 1215 417 1305 s'o.
435 1253 464 1316 ι,
483 1249 526 1305 ss.
546 1214 590 1316 is,
608 1251 634 1334 p.
655 1215 691 1300 ir.
713 1255 737 1314 ι,
756 1251 801 1306 rc.
817 1215 864 1306 'n-
883 1252 927 1306 ao.
947 1252 974 1315 s,
990 1251 1019 1332 ρ.
1039 1216 1070 1316 s,'
1084 1252 1128 1305 cs.
1154 1217 1243 1314 (inei

44 1321 144 1384 rumdam
161 1333 269 1386 ageres,
287 1337 320 1373 ra
340 1322 406 1386 tim,
424 1322 599 1375 festinanter
616 1322 736 1374 dueum
756 1321 790 1373 II.
809 1323 837 1386 2,
856 1323 900 1377 3⁰.
921 1328 951 1374 et
969 1328 1040 1373 citas
1058 1321 1181 1374 cobortes
1197 1335 1244 1374 ra-

43 1405 92 1454 pue
106 1393 146 1454 ll,
163 1391 221 1458 31.)
239 1391 288 1446 sel
320 1407 408 1457 acere,
426 1410 455 1444 v.
476 1409 500 1446 c.
519 1392 655 1470 gradum,
679 1394 768 1455 viam,
791 1393 850 1446 iter
867 1399 933 1457 cet,
956 1391 1005 1446 vel
1024 1393 1090 1457 frui,
1109 1401 1143 1445 ut
1160 1393 1196 1444 ll.
1215 1395 1243 1456 8,

44 1462 75 1516 u.
107 1461 149 1516 Of.
168 1463 262 1518 Grou.
281 1463 317 1516 ad
334 1463 398 1517 hir.
417 1467 445 1530 ⁵,
463 1467 507 1521 43.
528 1471 558 1517 et
577 1461 713 1518 Giinther
730 1465 762 1516 in
780 1461 930 1517 Athenaeo
949 1463 988 1528 II,
1006 1466 1033 1519 2.
1052 1481 1080 1534 p.
1092 1467 1161 1521 'hbb-
1180 1465 1242 1519 267.

96 1553 121 1607 l.
147 1553 233 1604 locam
250 1551 355 1616 flumine
380 1557 406 1603 el
424 1551 504 1604 siluis
521 1555 649 1620 clausus,
668 1553 704 1614 ad
721 1553 853 1607 dextram
866 1551 1001 1629 Visurgis
1021 1554 1116 1623 ripam
1136 1561 1165 1606 et
1182 1567 1243 1620 pro-

42 1621 288 1692 iracundissimi,
318 1621 558 1678 Steinhuderium
582 1624 690 1691 lacum,
721 1625 801 1680 intra
830 1623 947 1680 llehbur
969 1641 1018 1676 um
1049 1633 1079 1678 et
1102 1624 1244 1678 abbatiam

42 1694 204 1749 lercensem.
241 1696 285 1750 Ita
308 1695 449 1749 Mannert.
475 1695 582 1772 Geogr.
607 1695 660 1749 111.
685 1713 713 1767 p.
733 1699 777 1752 88.
803 1697 846 1754 89.
873 1644 967 1762 (usi
975 1695 1074 1751 Barth.
1094 1693 1242 1748 Teutschl.

43 1763 164 1842 iirgesch.
183 1764 213 1834 §.
231 1769 292 1824 4⁰²·
314 1775 343 1820 et
360 1785 388 1821 v.
407 1765 549 1822 Wersebe
567 1767 640 1822 iiber
657 1767 704 1822 dia
722 1767 836 1822 Viilker
852 1785 881 1820 u.
899 1767 1156 1822 Vb'lker-Biindn.
1175 1765 1203 1818 d.
1218 1784 1242 1818 a.

42 1833 352 1924 Teutscbl.p.112sq.
391 1834 447 1891 Sed
465 1839 550 1892 lomim
567 1835 646 1892 bunc
663 1840 754 1894 fuisse
771 1840 869 1912 potius
888 1837 924 1892 ad
946 1856 1055 1915 pagum
1078 1837 1146 1891 hod.
1165 1835 1244 1890 Koh-

42 1907 156 1976 lsnstidt,
174 1918 266 1963 satum
285 1909 365 1963 inter
383 1907 454 1962 duos
473 1907 555 1977 allos,
573 1912 695 1988 Engern
713 1919 742 1965 et
760 1909 933 1976 Landwehr,
951 1927 1010 1962 ιιοιι
1030 1909 1118 1986 longe
1143 1909 1177 1962 ab
1196 1908 1244 1962 01-

42 1977 172 2048 dendcrfa,
207 1987 236 2036 et
259 1981 301 2034 sic
319 1980 431 2034 dictum
455 1998 472 2036 a
489 1981 580 2054 bustis
597 1982 795 2036 Romanorum
814 1981 856 2034 ibi
880 1981 952 2034 olim
972 1997 1131 2044 caesorum,
1151 1979 1245 2050 suspi-

42 2060 127 2104 cantur
141 2051 292 2109 Wilhelm
311 2051 450 2106 German:
488 2055 676 2112 Ate-roc.
704 2060 734 2106 et
751 2051 905 2107 Reichard.
926 2051 1062 2106 German.
1086 2069 1116 2122 p.
1135 2051 1179 2106 64.
1199 2051 1242 2107 o5.

40 2123 89 2180 stt.
106 2123 148 2176 CI.
166 2125 269 2180 Laden
288 2123 391 2179 Gesch.
416 2069 714 2180 adsensurum.
740 2123 773 2176 Τ.
794 2123 817 2176 I.
835 2141 866 2194 p.
886 2125 947 2178 680.
969 2149 1002 2162 -·
1038 2123 1095 2176 sss'ss'
1118 2122 1196 2190 quod,
1214 2137 1243 2172 v.

41 2193 191 2272 siligne.
212 2198 286 2252 n.2
307 2223 339 2233 -
373 2197 447 2248 lotus
463 2212 540 2248 anum
559 2199 617 2250 lato
635 2211 743 2262 aggere
762 2203 791 2250 et
809 2194 914 2260 limite,
934 2192 974 2258 (v.
994 2193 1030 2247 ad
1048 2211 1073 2248 c.
1094 2196 1137 2250 50.
1156 2209 1185 2246 ιι.
1206 2193 1244 2258 l.)

40 2268 175 2321 exsulasset
198 2283 254 2340 pro
279 2267 309 2319 iss
332 2268 418 2319 lutere
441 2279 574 2332 aggerem
592 2274 658 2332 ert,
683 2285 751 2320 nam
777 2267 897 2338 proprie
924 2283 1016 2342 agger
1034 2265 1162 2332 effertur,
1196 2279 1245 2317 ex-

40 2339 156 2406 struitur,
175 2339 236 2394 alte
254 2356 417 2414 assurgens.
441 2355 470 2390 r.
489 2338 526 2392 sd
544 2339 579 2392 G.
598 2341 642 2396 27.
661 2357 690 2392 ιι.
709 2340 735 2394 5.
772 2335 955 2402 Angriuarii.-
988 2335 1037 2391 sed
1068 2333 1102 2388 hi
1128 2342 1257 2399 clergo

39 2407 203 2477 Germanici,
257 2427 326 2462 uum
351 2409 404 2462 ille
428 2410 459 2461 in
485 2411 606 2464 sinistra
630 2409 764 2486 Visurgis
788 2409 853 2478 ripa
877 2415 962 2472 esset,
993 2407 1083 2460 fuisse
1107 2404 1245 2458 dicuntur

39 2491 58 2530 t.
73 2483 96 2536 8.
128 2483 206 2536 liinc
227 2483 263 2534 irs
281 2482 312 2534 iu
331 2479 433 2534 dextra
449 2478 537 2534 huius
556 2481 641 2534 fluvii
665 2483 730 2552 ripa
748 2478 829 2532 sedes
850 2479 1036 2554 assignantur
1060 2495 1076 2530 a
1094 2477 1245 2530 Mannerto

39 2557 64 2602 et
78 2551 175 2608 lirusio
196 2553 229 2605 in
247 2552 354 2605 tabulis
372 2569 483 2636 geogr,
504 2551 537 2604 sb
556 2551 623 2606 aliis
649 2551 681 2606 in
704 2557 829 2621 utraque
846 2549 920 2619 ripa.
945 2563 973 2602 v.
992 2547 1029 2602 ad
1048 2549 1084 2602 G.
1104 2549 1149 2603 33.
1169 2565 1197 2599 ιι.
1217 2549 1243 2602 2.

39 2621 82 2676 Per
104 2641 235 2680 errorem
259 2640 328 2678 vcro
353 2621 545 2700 Angrivarios
569 2621 599 2676 h.
618 2621 639 2674 l.
664 2629 839 2676 memoratos
863 2635 917 2690 pro
937 2618 1060 2674 Chaucis
1088 2625 1117 2673 et
1141 2619 1175 2672 ab
1199 2616 1245 2670 his

38 2709 153 2758 aggerem
175 2695 316 2750 adversus
335 2693 548 2749 Cheruscorum
573 2694 754 2764 incursiones
780 2699 962 2747 exstructum
987 2698 1084 2748 censet
1102 2689 1245 2746 Wersebe
1304 2715 1306 2722 ⁴

39 2761 87 2818 ll.
104 2799 135 2812 -
169 2767 218 2827 lis
236 2767 317 2834 pedes
335 2767 455 2832 adstitit,
475 2783 502 2819 r.
522 2765 602 2830 εΗ,
624 2766 710 2831 lid·
1270 2767 1272 2774 ’

473 2915 668 2976 CAPU'I'
719 2917 793 2972 XX.

103 3027 200 3092 Nihil
223 3049 264 3090 ex
286 3029 327 3090 iis
349 3025 485 3090 Caesari
506 3023 725 3114 incognitum.
770 3023 930 3106 Consilia,
952 3025 1055 3104 locos,
1077 3031 1244 3106 prompta,

38 3112 151 3175 ‹rcculta
171 3121 316 3175 noverat
342 3119 497 3194 astusque
524 3110 671 3172 hostium
699 3111 734 3170 in
761 3111 946 3192 perniciem
974 3107 1054 3190 ipsis
1081 3107 1244 3170 vertebat.

37 3191 101 3256 Seio
130 3195 309 3260 Tuberoni
349 3196 457 3278 legato
496 3191 601 3255 tradit
639 3195 786 3276 equitem
817 3209 1054 3274 campumque3
1094 3188 1244 3271 pediturn

38 3279 126 3340 aciem
146 3282 196 3342 ita
226 3279 398 3356 instruxit,
427 3285 466 3340 ut
492 3296 571 3360 pars
599 3295 705 3358 aequo
725 3275 768 3336 ‹in
795 3273 914 3338 silvam
942 3272 1036 3336 aditu
1063 3270 1244 3348 incederet,

37 3377 100 3438 pers
120 3361 290 3425 obiectum
312 3381 469 3450 aggerem
490 3363 700 3423 eniteretur:
735 3355 822 3440 quod
857 3356 1001 3420 arduum
1029 3355 1105 3434 ubi,
1133 3363 1245 3418 cetera

39 3441 137 3527 legatis
160 3447 326 3528 permisit.
368 3444 495 3510 Quibus
517 3443 615 3532 plana
636 3449 827 3518 evenerant,
850 3441 947 3504 facile
969 3441 1142 3524 irrupere:
1173 3440 1245 3522 quis

38 3523 268 3614 inpugnandus
290 3549 403 3616 agger,
424 3534 464 3588 ut
481 3527 509 3588 si
521 3545 656 3588 murum
673 3525 898 3602 succederent,
922 3523 1080 3611 gravibus
1102 3541 1245 3604 superne

37 3607 143 3674 ictibus
173 3615 462 3676 conflictabantur.
505 3607 616 3671 Sensit
644 3605 710 3670 dux
731 3612 894 3692 imparem
920 3609 1072 3670 cominus
1099 3623 1244 3690 pugnam

37 3697 228 3778 remotisque
249 3697 384 3778 paulum
411 3692 597 3778 legionibus
625 3689 811 3754 funditores
827 3692 1070 3773 libratoresque
1088 3696 1245 3755 excutere

36 3777 90 3838 tela
109 3787 143 3842 et
171 3780 376 3860 proturbare
402 3779 532 3840 hostem
559 3773 663 3837 iubet.
713 3773 840 3841 Missae
868 3795 887 3838 e
915 3773 1090 3836 tormentis
1118 3771 1243 3847 hastae,

37 3871 216 3946 quantoque
235 3863 405 3945 conspicui
426 3861 530 3946 magis
559 3865 836 3946 propugnatores,
871 3855 1139 3937 tantopluribus
1170 3851 1244 3914 rul-

36 3945 160 4008 neribus
196 3942 324 4008 deiecti.
379 3945 511 4006 Primus
543 3941 666 4004 Caesar
702 3960 778 4004 cum
824 3941 1006 4024 praetoriis
1048 3933 1243 4000 cohortibus

36 4037 119 4106 capto
140 4027 233 4092 vallo
261 4027 355 4092 dedit
381 4030 542 4109 impetum
564 4027 601 4086 in
623 4024 734 4087 silvas.
783 4022 912 4087 Collato
938 4023 1009 4084 illic
1037 4017 1145 4106 gradu
1170 4035 1241 4078 cer-

35 4115 139 4174 taturn.
186 4109 329 4176 Hostem
350 4131 370 4172 a
401 4119 498 4198 tergo
531 4109 637 4190 palus,
668 4107 833 4170 Romanos
866 4109 990 4168 flumen
1021 4110 1082 4164 aut
1113 4107 1241 4162 montes

35 4191 233 4259 claudebont.
274 4193 431 4278 unusne
452 4191 686 4258 meessisu'in
707 4191 791 4269 loco,
820 4209 895 4271 apes
923 4189 958 4250 iu
986 4187 1124 4263 virtute,
1155 4181 1242 4244 salus

34 4293 67 4336 ex
85 4277 243 4344 victorie
