2904 4798
96 225 98 233 ¹
195 239 340 308 CAPUT
361 239 504 308 XXXV.
527 239 691 306 XXXVI.
721 239 775 322 (Δ.
797 239 838 308 U.
858 243 933 312 788.
961 243 1002 308 Δ.
1025 241 1063 312 G.
1082 187 1150 326 tt.)
1221 244 1285 318 tel

61 409 133 466 Mfii.
152 409 198 476 n,
214 407 277 466 m·
313 407 415 464 Ηῦἥῗ.
440 405 500 463 Sti·
526 411 553 476 ἢ
572 409 599 476 ⁷9
617 407 719 468 ⁷80&
737 410 824 484 Ophi·
846 409 874 478 a,
892 413 922 477 ²9
939 411 984 468 33·
1007 407 1129 467 mlle&-
1147 413 1176 480 ⁴9
1192 411 1238 470 w·
1255 419 1290 468 Gt

60 479 103 534 al.
122 509 156 522 -
192 488 220 535 et
238 495 257 533 u
271 480 458 552 propioribus
480 481 661 536 relambere
688 481 769 550 „Sic
792 497 899 557 omnes·
912 481 1071 538 add-‘Sed
1086 483 1248 555 praeposit.
1267 497 1288 536 u

61 552 219 622 irrepsisse
235 559 320 624 puto.
356 551 389 607 st
407 569 478 607 rara
495 561 581 621 esset,
600 551 800 632 intelligerem
819 571 856 610 ex
872 569 928 608 usu
946 554 1138 618 Graecorum,
1203 550 1289 609 ‘eet

62 623 106 708 ita
123 632 246 694 ponunt,
265 631 298 677 ut
316 623 465 712 significet
480 625 600 678 modum
619 633 649 679 at
665 629 810 681 rationem
822 625 940 702 aliquid
956 626 1095 712 faciendi,
1113 633 1149 680 ut
1185 621 1222 680 nd
1238 641 1289 718 fe·
1372 673 1379 688 ι

60 699 356 834 {timidi
378 696 516 826 ttt‘t.
534 695 1202 842 tettinttttt‘atttetttt
1216 713 1289 822 :tt

60 839 109 904 τῆς
123 834 251 899 Ἑλλάδος
270 839 346 894 Plut.
383 857 427 911 ys.
442 857 467 894 c.
485 843 533 897 33.
552 847 580 894 et
598 839 766 909 epropiori
783 857 824 896 sc.
843 841 910 895 looo
928 855 1006 896 corr.
1025 839 1152 896 lieins.“
1218 838 1287 896 aeri.
1379 855 1381 870 ¹

134 913 161 968 2.
182 913 248 966 dam
265 911 525 979 rtrenals'adrunt,
545 915 581 966 et.
601 911 664 968 lnd.
683 913 723 967 ll.
745 929 776 967 r.
794 911 941 968 strennue.
962 945 996 956 -
1033 909 1187 984 compteri,
1204 927 1233 966 v.
1252 909 1290 966 ad

59 984 255 1050 2,17,-2.-
292 1000 387 1066 copae,
407 1001 435 1041 r.
453 983 490 1038 ad
505 989 534 1058 l,
553 985 598 1050 lt,
618 987 644 1039 1.
664 1015 697 1028 -·
733 985 834 1054 gaas-t,
859 1001 888 1041 r.
913 983 950 1038 ad
967 988 994 1050 l,
1012 985 1040 1052 5,
1059 989 1085 1043 3.
1105 1015 1140 1028 -
1165 983 1290 1054 praeta·

60 1061 111 1106 tue
129 1069 199 1125 equo
217 1064 246 1110 et
263 1043 435 1120 surturimia
452 1055 610 1109 satellitum
624 1057 840 1126 protegentibus
856 1055 994 1122 meinos,
1018 1075 1046 1114 v.
1065 1055 1102 1110 ad
1118 1058 1148 1124 2,
1165 1059 1192 1122 d,
1211 1057 1238 1112 2.
1259 1059 1292 1109 at

59 1128 92 1192 ὅ,
117 1130 162 1194 13,
187 1131 214 1182 1.
235 1155 267 1168 -
304 1129 383 1194 forna
407 1131 500 1182 tenuo
523 1126 614 1181 occiai
642 1125 717 1194 fuleo
741 1127 869 1182 creditur
899 1135 1053 1182 atrorem
1078 1127 1141 1183 eius
1162 1132 1291 1180 mortens

59 1206 205 1252 memoret
222 1197 337 1270 loseph.
356 1197 392 1252 A.
411 1199 441 1254 J·
461 1202 506 1264 18,
524 1203 550 1256 2.
588 1195 685 1252 didita
702 1197 750 1266 (ut
767 1205 813 1266 ll,
831 1199 874 1266 1.)
893 1197 960 1323 leg¹⁸⁴
970 1199 1091 1272 putabet
1107 1199 1187 1270 lips.
1233 1193 1292 1252 Sed

59 1271 103 1322 cf.
123 1270 159 1325 ll.
178 1272 206 1336 2,
224 1273 273 1336 63,
289 1273 316 1327 6.
337 1274 405 1336 eti,
419 1273 464 1339 34,
478 1273 505 1328 8.
526 1269 629 1342 quibus
648 1271 722 1325 loeis
742 1270 821 1326 idem
839 1271 917 1324 coni.
961 1269 1015 1342 ipa.
1036 1278 1076 1339 et,
1095 1267 1292 1342 quodminus

59 1340 254 1412 probandum,
274 1342 402 1396 deditum
419 1350 449 1396 et
467 1342 575 1397 dedita.
612 1341 714 1396 Tacito
738 1343 842 1396 efficax
865 1341 989 1396 verbum
1013 1349 1058 1396 est
1079 1341 1206 1407 credm,
1236 1339 1291 1395 Gr.

58 1414 316 1488 πληροφορεῖσθαι,
334 1414 602 1486 exploratiseImum
621 1420 652 1468 et
669 1413 864 1468 indubitatum
882 1411 998 1479 bebere,
1023 1421 1053 1467 et
1076 1412 1188 1466 ondita
1210 1409 1292 1478 fonsa

60 1485 223 1610 titii:
240 1485 391 1680 ἒὲῗᾚέἓ
404 1484 995 1634 ttittttgtdttitst't:
1015 1484 1199 1626 dreit·
1218 1480 1292 1608 di*-

233 1589 236 1596 ·
285 1592 293 1621 a
710 1591 747 1628 ‚s
844 1591 853 1621 r
983 1594 990 1609 ·

60 1645 134 1682 num
152 1636 212 1693 ‘est3
238 1627 347 1682 Wolt.
713 1641 716 1649 ·

474 1695 667 1796 eaeor
715 1733 878 1790 xxxvi

146 1813 230 1888 Mox
250 1824 440 1892 Artabanus
468 1833 543 1888 tote
567 1826 655 1888 mole
686 1828 784 1916 regni
811 1826 923 1888 ultum
948 1828 1000 1891 iit.
1046 1825 1175 1890 Peritia
1200 1823 1292 1888 loco-

62 1927 141 1970 rnm
172 1909 213 1970 ab
245 1907 355 1972 Iberis
382 1910 503 1972 melius
526 1916 531 1928 '
554 1917 726 1995 ugnatum.
787 1907 860 1972 Nec
893 1907 971 1972 ideo
1001 1907 1211 1989 abscedebat,
1254 1907 1292 1972 ni

62 1993 245 2055 contractis
283 1993 472 2080 legionibus
546 1991 673 2054 itelliuu
706 1999 740 2054 et
770 1989 904 2054 subdito
939 2011 1089 2072 rumore,
1131 1999 1190 2054 tan
1212 2011 1292 2054 uam

61 2073 344 2158 Mesopotamiam
371 2077 562 2154 invasurus,
594 2081 720 2136 metum
747 2073 889 2138 Romani
916 2074 996 2136 belli
1016 2075 1158 2137 iecisset.
1233 2093 1292 2136 um

62 2159 186 2222 omissa
203 2157 367 2222 Armenia
388 2175 570 2241 versaeque
589 2155 754 2221 Artabani
774 2176 842 2236 res,
868 2157 1029 2223 illiciente
1049 2157 1203 2236 Vitellio,
1232 2153 1291 2220 de-

60 2252 217 2306 sererent
242 2261 362 2328 regem·
384 2259 521 2304 saevum
541 2242 579 2304 in
606 2259 686 2324 pace
714 2249 748 2303 et
767 2237 919 2306 adversis
944 2239 1151 2324 proeliorum
1172 2240 1292 2304 exitio-

61 2345 150 2388 sum.
192 2325 302 2412 igitur
323 2321 490 2403 Sinnaces,
516 2343 613 2407 quem
633 2333 731 2387 antae
750 2324 916 2388 infensum
936 2325 1132 2402 memoravi,
1183 2329 1293 2390 strom

60 2406 260 2494 Abdegesen
280 2407 428 2490 aliosque
449 2408 599 2470 occultos
620 2407 754 2470 consilii
780 2415 815 2470 et
841 2414 922 2468 tunc
948 2406 1156 2470 continuisc
1192 2403 1292 2470 dibus

60 2493 290 2576 promptiores
315 2489 358 2554 ad
378 2489 597 2554 detectionem
628 2490 746 2570 trabit,
779 2489 995 2554 affluentibus
1023 2491 1197 2574 paulatim,
1232 2492 1291 2574 qui

61 2585 165 2641 metu.
191 2577 298 2662 magis
336 2595 436 2658 qnam
473 2573 707 2638 benevolentia
744 2573 888 2638 subiecti
918 2573 1064 2658 repertis
1096 2571 1292 2638 auctoribus

60 2658 270 2724 sustulerant
288 2659 447 2725 animum.
490 2657 563 2720 Nec
583 2658 651 2723 iam
681 2653 776 2720 eliud
794 2655 966 2722 amomo
993 2657 1162 2739 reliquum
1193 2676 1293 2740 quam

61 2743 95 2804 si
115 2743 174 2824 qui
194 2750 412 2806 externorum
442 2739 580 2822 corpori
606 2738 762 2804 custodes
786 2738 928 2804 aderaut
947 2741 1026 2804 *suis
1067 2739 1186 2824 uiaque
1205 2737 1293 2804 sedi·

62 2824 127 2889 bus
149 2832 314 2902 extorres,
344 2826 417 2908 quia
439 2842 544 2907 noque
564 2821 645 2893 boni
665 2823 854 2904 intellectus
875 2842 983 2908 naum
1002 2824 1083 2888 ma'
1106 2841 1200 2902 cura,
1231 2819 1292 2886 sed

62 2900 219 2972 mercede
246 2907 398 2985 aluntur,
434 2907 583 2969 ministri
615 2905 815 2972 sceleribus.¹
850 2907 916 2970 His
949 2907 1126 2988 assumptis
1156 2907 1194 2968 in
1213 2905 1292 2969 lon·

62 2989 193 3077 giuqua'
219 3000 253 3054 et
279 2989 488 3054 contermina
516 2987 673 3070 Scythias
705 2992 818 3136 ἵξεαι
850 2989 1032 3054 maturavit
1063 3009 1123 3073 spe
1158 2989 1292 3068 auxilii,

62 3075 142 3156 quia
162 3073 332 3156 Hyrcanis
350 3071 536 3138 Carmaniis
556 3092 600 3136 ne
621 3091 683 3155 per
764 3073 901 3136 nitatem
922 3073 1063 3136 innexus
1084 3079 1213 3152 erata
1272 3091 1292 3134 e

63 3157 205 3220 interim
224 3175 320 3240 porse
339 3155 493 3234 Parthos,
514 3093 712 3220 'sistentium
730 3175 862 3240 aequos,
888 3155 1119 3240 praesentibus
1139 3154 1228 3220 mob‘
1244 3173 1290 3234 ca,

64 3237 108 3304 ad
129 3241 369 3323 poenitentiam
388 3241 524 3304 mutari.

136 3347 163 3398 l.
188 3347 250 3396 tota
266 3339 340 3394 mole
357 3337 454 3410 regni,
486 3339 601 3395 eunctis
617 3339 731 3396 viribus
748 3337 908 3412 copiisque,
935 3328 971 3393 ut
986 3355 1031 3412 ap.
1049 3336 1132 3394 i’lor.
1150 3341 1179 3406 3,
1196 3339 1225 3406 ὅ,
1245 3339 1289 3396 li·

67 3412 114 3471 cf.
133 3411 169 3466 ad
186 3414 258 3490 Agr·
279 3414 322 3469 l'l.
340 3430 372 3466 n.
390 3415 419 3468 3.
456 3411 535 3466 Haec
551 3419 650 3466 nmen
666 3409 806 3466 Artabani
824 3409 970 3482 expeditio
993 3425 1054 3466 non
1071 3407 1151 3464 ada.
1170 3409 1206 3464 U.
1225 3411 1288 3468 388.

64 3483 116 3543 aed
134 3487 196 3542 783.
214 3484 356 3563 pertinet,
374 3490 409 3537 ut
426 3481 438 3538 i
460 3501 489 3540 ae
507 3481 624 3562 Tacitus
643 3501 667 3538 c.
687 3485 731 3540 38.
751 3483 851 3550 docete
878 3481 961 3536 Brut.
983 3511 1017 3525 -
1052 3480 1143 3534 udum
1167 3481 1216 3535 iit.
1238 3493 1290 3550 pe·

65 3553 140 3610 ritia
159 3563 215 3610 cet.
236 3573 272 3608 ex
290 3553 423 3610 emendat
438 3499 520 3626 lips.
549 3554 636 3638 regei
657 3553 754 3607 ultimi
777 3551 829 3618 (id
851 3552 962 3622 peritia
980 3585 1014 3598 -
1029 3553 1205 3623 pugnaturn)
1224 3551 1288 3610 edd.

65 3629 132 3682 Ber.
152 3633 182 3680 et
198 3625 292 3680 Rhesi.
304 3629 329 3682 1.
348 3623 434 3696 regni
450 3623 556 3682 ultimi.
575 3625 608 3680 sd
622 3623 734 3696 peritia
753 3631 808 3680 cet.
822 3623 884 3679 edd.
901 3621 993 3678 nhsn.
1011 3627 1038 3682 2.
1049 3628 1076 3681 3.
1096 3633 1125 3680 et
1144 3631 1201 3681 cet.
1220 3632 1289 3678 ante

65 3700 144 3772 lips.
166 3707 203 3736 '-
237 3704 288 3750 nee
304 3698 369 3751 ideo
388 3697 562 3765 abecededct,
581 3695 616 3751 ni
632 3729 663 3739 -
682 3697 808 3770 feriaret,
836 3713 866 3750 r.
884 3695 920 3751 ad
937 3697 965 3764 1,
983 3697 1028 3762 88,
1046 3699 1075 3753 3.
1099 3703 1130 3750 et
1146 3695 1210 3750 lnd.
1229 3693 1288 3748 lll.

65 3789 95 3824 r.
119 3764 273 3825 Verborum
289 3769 375 3824 Medi
393 3770 415 3823 1.
435 3775 461 3826 l.
482 3801 515 3812 -
551 3769 666 3824 reddito
683 3785 807 3834 rumore,
833 3775 868 3822 ut
894 3767 932 3820 ll.
951 3769 978 3832 3,
1002 3769 1039 3825 tt
1064 3783 1111 3840 pr.
1136 3767 1184 3820 Gi.
1205 3764 1288 3831 adl,
1315 3793 1318 3816 ι

65 3845 95 3909 6,
113 3845 142 3900 b·
161 3873 196 3886 -
235 3841 308 3898 tun
326 3841 434 3898 coesse
459 3841 609 3908 Amaia,
642 3841 749 3896 relicta
766 3840 802 3896 ab
818 3839 973 3903 Artabano,
995 3838 1046 3891 rel
1064 3838 1207 3892 abiectum
1225 3837 1288 3892 eius

65 3911 281 3989 recuperandae
300 3913 465 3970 consilium.
493 3913 540 3970 Gi.
559 3914 596 3968 ad
611 3915 639 3977 3,
656 3915 703 3979 47,
725 3917 751 3968 l.
770 3941 804 3954 -
839 3909 980 3966 illiciente
1008 3907 1126 3964 Vitellio
1145 3909 1203 3976 (of.
1224 3924 1288 3980 cup.

64 3985 125 4052 32.)
143 3983 208 4040 scil.
226 3981 348 4038 Parthos
367 3992 396 4038 et
413 3981 578 4051 Armenios,
599 3993 633 4036 ut
651 3984 811 4040 desererent
830 3991 886 4058 cet.

136 4057 164 4113 2.
184 4053 284 4125 Igitur
300 4054 445 4122 Sinnaces,
483 4073 545 4110 uem
562 4061 648 4109 antea
668 4055 811 4121 insensum
827 4051 980 4107 memoravi
998 4068 1031 4106 ca
1054 4090 1061 4105 .
1081 4055 1126 4110 31.
1145 4053 1190 4108 32.
1221 4057 1290 4106 ante

64 4127 129 4184 edd.
147 4128 228 4198 lips.
256 4127 306 4182 sad
328 4131 413 4180 rotet
440 4075 498 4180 318.
522 4134 552 4182 st
579 4125 643 4181 edd.
667 4131 726 4182 vet.
747 4152 781 4166 -
807 4124 986 4194 'Abdageeea
1004 4141 1019 4178 e
1041 4161 1048 4176 .
1068 4121 1124 4180 lac.
1145 4121 1239 4177 Gron.
1258 4131 1289 4178 et

63 4199 161 4257 aliae*
187 4200 375 4266 Abdagaesen
391 4195 450 4252 MS.
469 4197 648 4265 Abdagaeses
664 4197 730 4252 edd.
747 4201 809 4250 ¹ret.
829 4195 876 4250 Gi.
887 4195 925 4250 ad
944 4200 988 4262 11,
1006 4198 1034 4262 8,
1054 4200 1080 4252 1.
1100 4225 1133 4238 -
1161 4193 1289 4264 aliosque

63 4269 189 4326 occultos
205 4269 334 4335 curtilii,
352 4269 392 4326 ci.
410 4269 447 4324 sd
463 4274 492 4336 t,
511 4273 538 4336 7,
558 4274 585 4324 1.
605 4276 637 4323 et
654 4269 718 4325 len
737 4268 794 4324 lll.
817 4285 846 4326 v.
865 4259 1018 4322 Adiecticc
1035 4266 1159 4321 relation
1176 4263 1288 4320 Geniti·

63 4344 109 4397 oia
127 4343 231 4398 obiecti
247 4343 358 4398 inuata
384 4337 513 4409 „Sensus
530 4349 590 4396 est:
607 4339 693 4410 elion
711 4342 763 4413 qni
780 4339 875 4398 adbuc
891 4339 1111 4410 occultaverunt
1128 4337 1288 4394 consilinm

1034 4411 1107 4477 34*
