2904 4798
303 186 447 250 CAPUT
469 185 629 252 XXVIII.
662 187 714 268 (A.
734 186 858 256 11767.
881 189 919 256 A.
936 185 971 252 G.
990 188 1056 269 34.)
1202 193 1207 289 i
1249 195 1311 262 519

52 385 54 388 -
86 353 169 406 buius
188 351 270 406 olitis
287 356 349 407 vito
366 353 491 422 magni
508 354 784 410 conversionem
803 355 891 410 cari
908 354 972 422 lieri
986 354 1086 424 prodit
1104 357 1153 411 Μ’.
1166 357 1310 416 Mantum

86 426 156 489 (non
174 433 259 496 poeta
277 425 341 490 ille,
360 425 411 495 qui
429 423 518 478 libros
543 435 701 480 astronom.
728 428 857 498 scripsit,
885 427 935 480 sed
952 426 1047 492 lctus,
1076 430 1177 483 consul
1204 449 1227 484 a.
1247 435 1308 490 614.

86 505 116 550 et
133 495 301 560 historicus,
320 495 357 549 de
376 512 433 566 quo
453 516 479 550 v.
499 496 571 552 Ern.
592 497 667 551 clav.
687 497 761 562 Cic.)
789 499 945 568 iterumque
963 498 1192 569 significationes
1208 509 1310 572 tempe·

81 574 190 620 statum
207 573 232 619 et
250 567 378 620 siderum
402 568 514 620 eosdem
539 567 679 622 reverti.“
707 569 829 624 Salmas.
849 569 869 626 l.
883 569 905 622 l.
943 571 1006 636 „ln
1024 573 1123 649 magni
1147 575 1217 628 anni
1242 591 1310 628 con-

85 640 222 692 versione
262 640 354 692 rimus
373 638 434 694 dies
452 639 558 692 mensis
577 638 676 693 Thoth
696 641 731 694 ad
750 642 827 696 idem
848 641 995 696 caniculae
1014 645 1194 714 principium
1212 643 1310 702 revol-

83 711 176 766 vitur.
273 726 309 764 eo
328 710 486 765 deflexerat
504 713 657 780 quotannis
677 731 726 766 sex
743 711 835 779 horis,
865 713 977 784 quiaA
1015 715 1092 785 yptii
1116 716 1236 772 civilem
1259 735 1309 772 an·

84 799 156 835 num
181 779 322 836 habebant
350 781 464 836 dierum
489 785 541 838 366
570 784 633 839 sine
655 783 717 838 ullo
742 783 919 838 intercalari.
963 784 1019 840 lla
1047 787 1310 844 est-celeberrima

83 853 185 929 magni
211 854 280 906 anni
305 855 456 908 conversio
482 862 511 908 et
538 857 619 925 quasi
644 849 873 921 ἀποκατάστασις,
898 859 1054 926 reparatio,
1081 859 1128 910 τσῦ
1151 859 1309 926 Ζω6ιαιιοῦ,

83 943 172 995 quain
197 942 249 978 ave
275 925 338 978 Soli
361 941 447 978 aocro
471 934 500 979 et
525 942 561 980 ex
578 944 608 980 se
627 936 794 982 renascente
820 927 1026 982 adumbrabant
1049 929 1204 1006 Aegyptii:
1232 933 1309 986 unde

83 1003 153 1050 nata
184 997 259 1119 apud
286 1012 334 1052 eos
361 995 513 1067 phoenicis
540 997 666 1052 fabular
692 999 775 1052 Broi.
806 997 851 1054 cf.
877 998 913 1052 ad
937 997 967 1052 0.
988 1004 1030 1058 le
1059 1020 1088 1054 n.
1110 1005 1135 1057 7.
1161 1001 1309 1058 iablonski

84 1083 184 1138 opusc.
221 1069 244 1120 1.
272 1085 301 1138 p.
321 1070 372 1124 137
399 1087 440 1140 sq.
459 1071 520 1126 187.
550 1069 642 1122 Poris.
669 1072 714 1125 ori
738 1107 744 1122 .
771 1069 811 1123 Ae
834 1079 894 1141 ppt.
921 1088 945 1126 c.
969 1076 1011 1130 16.
1036 1072 1187 1149 Boettiger
1214 1073 1307 1145 myth.

83 1139 195 1192 Vorles.
220 1157 250 1210 p.
271 1141 312 1194 16.
346 1139 486 1195 Creuzeri
512 1139 639 1209 Symbol.
668 1141 701 1197 T.
715 1087 745 1196 h
770 1157 798 1212 p.
855 1148 879 1196 3.
903 1141 947 1196 ed.
969 1148 994 1197 1.
1022 1161 1050 1214 p·
1070 1146 1123 1200 438
1147 1159 1188 1214 sq.
1208 1145 1252 1203 ed.
1282 1149 1307 1202 1.

83 1209 231 1264 Manilius
257 1211 291 1264 de
310 1227 341 1264 eo
360 1210 533 1294 (phoenice)
559 1211 699 1281 prodidit,
724 1212 861 1268 nemim
878 1213 1033 1280 exstitisse,
1061 1215 1111 1284 poi
1135 1217 1241 1270 viderit
1264 1236 1309 1272 oe·

83 1287 221 1346 sceatm5
239 1298 351 1336 sonum
369 1300 400 1336 τιτ
418 1283 528 1336 Arabia
547 1283 610 1338 Soli
636 1299 705 1349 esse,
731 1285 824 1338 σιὐιτι
851 1283 934 1338 ansis
954 1283 1014 1350 tx,·
1048 1285 1122 1343 Plin.
1142 1291 1185 1354 16,
1205 1291 1231 1344 1.
1259 1290 1309 1343 ubi
1418 1292 1420 1298 '

84 1353 273 1408 scribendum
301 1339 420 1408 videtui
437 1355 587 1411 mcntxt.
618 1389 650 1398 —
684 1356 769 1410 alites
793 1355 955 1410 Sesostride
981 1356 1250 1416 1661111111.
1280 1369 1309 1414 et

82 1424 154 1478 dein
173 1440 282 1481 omnes.
303 1427 390 1480 aliter
409 1443 470 1480 esse
488 1427 582 1480 soside
600 1425 656 1480 MS.
681 1427 745 1482 edd.
765 1427 830 1482 Ber.
853 1435 882 1482 st
905 1427 994 1482 Rhen.
1016 1433 1041 1485 1.
1069 1430 1156 1483 aliter
1177 1429 1309 1485 Sesoside

82 1493 134 1561 (ut
152 1513 198 1566 ap.
216 1493 335 1553 Diodor.
356 1503 381 1564 l,
400 1501 443 1556 53.
464 1507 494 1554 et
511 1499 595 1566 alios)
613 1507 702 1564 recte,
722 1501 837 1570 opinor,
856 1515 933 1552 corr.
953 1500 1008 1556 Iac.
1028 1500 1120 1556 Gron.
1156 1502 1209 1567 „A
1226 1501 1309 1557 Seso-

82 1567 144 1622 stri
159 1567 195 1622 ad
212 1569 334 1622 Amasin
351 1569 560 1644 Xb'lpmplius
579 1589 664 1647 reges
684 1579 874 1626 recensentur
898 1579 929 1624 et
950 1573 1029 1625 inter
1054 1589 1102 1626 eos
1130 1574 1199 1642 pius
1221 1576 1309 1644 quin·

82 1641 166 1717 genti
184 1643 253 1694 anni
271 1628 481 1712 interiectisab
500 1643 634 1697 Amaside
652 1659 723 1696 vero
742 1642 777 1696 ad
794 1641 983 1696 Ptolemaeum
999 1641 1058 1696 111.
1080 1651 1104 1700 'a
1130 1643 1308 1722 Euerpebcm

83 1714 150 1782 (qui
169 1713 281 1786 Olymp.
303 1719 364 1782 139,
383 1721 410 1772 4.
431 1725 498 1770 ante
517 1715 585 1772 Chr.
606 1719 665 1772 111.
690 1722 822 1770 mortuus
842 1713 900 1785 est)
927 1717 1081 1770 numerari
1105 1723 1220 1772 tentum
1241 1734 1309 1788 poe»

83 1786 300 1874 111160οῌ
324 1790 402 1842 anni.
439 1789 520 1865 Ergo
547 1789 737 1890 nugatppium
756 1796 808 1856 est,
831 1805 864 1842 re
888 1786 957 1844 adeo
985 1803 1058 1864 rega
1073 1797 1163 1872 ptque
1181 1791 1307 1876 iacens,

82 1877 184 2000 11.-
202 1862 659 2004 1131111111..
680 1859 1308 2006 {stersttt‘atssfttffl

82 2006 155 2058 Ero.
178 2030 208 2044 -·
229 2006 397 2074 Heliopolis,
415 2002 452 2058 ‘H
467 1999 598 2070 ιοὺπολις,
618 2001 633 2071 ἡ
653 2006 699 2059 τοῦ
715 2001 808 2058 ‘Hiico
826 1999 913 2070 πόλις,
940 2007 983 2070 (in
1012 2007 1102 2060 sacris
1125 2007 1223 2060 literis
1246 2005 1307 2088 pipi,

76 2071 147 2142 Ὧν,
167 2075 241 2131 Gen.
260 2082 304 2144 41,
323 2081 367 2134 46.
387 2082 431 2145 46,
451 2082 494 2135 16.
513 2077 605 2131 Exod
626 2082 652 2142 t,
674 2082 716 2134 lt.
735 2076 787 2143 al.)
806 2077 836 2129 in
854 2077 1076 2132 mediterraneis
1094 2079 1234 2156 Aegypti,
1257 2077 1308 2132 So

82 2149 122 2202 iia
140 2164 203 2214 oro,
221 2151 332 2220 templo
351 2159 380 2205 et
398 2151 479 2204 cultu
497 2150 608 2204 inclita.
629 2167 657 2206 r.
677 2148 769 2206 strab.
789 2148 878 2206 xvtl.
898 2166 926 2219 p.
948 2151 1009 2205 653.
1031 2149 1129 2208 -Sed
1147 2151 1307 2220 antiquitas

82 2220 195 2290 quidem
212 2223 339 2288 obscero,
354 2223 393 2276 'ob
412 2225 553 2276 incertam
572 2239 671 2276 rerum
684 2219 846 2287 historiam,
864 2237 924 2275 non
935 2220 1015 2288 fidei,
1034 2230 1069 2275 ut
1086 2222 1203 2277 videtur
1218 2221 1307 2278 Hein-

83 2293 145 2358 sio;
168 2291 273 2346 Woltis.
294 2325 325 2334 -—
347 2295 536 2364 usurpavisse,
556 2292 689 2346 habuisse
708 2290 756 2359 (ut
775 2295 804 2359 6,
826 2293 886 2360 41.)
906 2292 956 2346 vel
980 2295 1096 2360 fecisse,
1124 2295 1220 2349 facere
1238 2295 1308 2348 soli·

83 2373 156 2420 tum.
177 2393 208 2404 ·-
227 2366 361 2432 finnaoit,
381 2365 548 2421 affirmarit.
1278 2379 1280 2383 ·

154 2438 180 2492 3.
206 2437 338 2502 Confecto
366 2438 468 2508 quippe
496 2453 634 2491 annorum
658 2453 781 2504 numero,
807 2439 845 2490 cf.
872 2447 939 2491 nota
958 2441 984 2494 1.
1014 2471 1045 2482 -
1075 2439 1137 2492 suis
1161 2439 1192 2492 ia
1218 2439 1306 2492 terris

82 2508 192 2576 nidum,
212 2509 242 2560 in
262 2507 365 2563 Arabia
384 2511 520 2573 turifera,
550 2509 630 2579 eique
648 2510 704 2562 uim
720 2509 875 2578 genitalem
893 2510 1048 2576 offundere,
1074 2525 1109 2562 ex
1127 2527 1191 2579 quo,
1212 2519 1248 2563 et
1271 2529 1307 2564 ex

82 2598 127 2643 ea,
146 2579 234 2644 fetum
251 2581 341 2644 osiri3
361 2589 395 2634 ut
413 2599 458 2651 ap.
478 2582 552 2636 Plin.
580 2585 624 2646 lo,
643 2583 669 2638 1.
699 2588 884 2636 senescentem
909 2581 1006 2634 sosiae
1030 2581 1159 2650 turisque
1183 2581 1307 2634 surculie

80 2657 246 2704 construere
265 2652 372 2718 nidum,
397 2654 507 2720 replere
525 2653 661 2707 odoribus
688 2658 714 2706 et
731 2670 815 2721 saper
835 2653 939 2705 emori.-
967 2669 1001 2706 ex
1024 2653 1133 2707 ossibus
1156 2651 1307 2707 11116111

80 2723 215 2776 medullis
234 2724 296 2778 eius
315 2725 397 2778 raeci
413 2725 507 2792 primo
525 2741 574 2780 ceu
591 2725 782 2793 vermiculum,
803 2725 869 2778 inde
887 2724 953 2790 fieri
968 2725 1086 2793 pultum.
1123 2725 1169 2778 Ex
1192 2723 1239 2780 bis
1262 2723 1307 2778 io-

83 2796 127 2848 cis
147 2794 306 2850 Bochartus
331 2797 447 2852 Hieros.
475 2797 512 2862 ll,
539 2801 565 2860 6,
590 2799 621 2868 6.
646 2797 756 2866 aliique
781 2796 935 2872 colligunt,
965 2796 1093 2850 fabulam
1111 2796 1146 2850 de
1164 2796 1307 2868 phoenice

27 2887 33 2898 ·
81 2866 151 2920 inde
170 2876 274 2932 ortam,
294 2867 371 2938 quod
388 2865 485 2937 palma
504 2867 556 2921 Gr.
576 2869 670 2938 φοίνιξ
687 2868 801 2921 dicatur
820 2877 849 2920 et
867 2867 1029 2922 diutissime
1042 2869 1132 2935 vivat,
1153 2886 1188 2922 ex
1202 2875 1306 2920 trunco

80 2945 179 2991 autem
196 2941 361 3008 putrefacto
380 2939 559 3008 quarundam
578 2939 743 3009 palmarum
771 2946 820 2991 aut
845 2938 962 2991 cadente
980 2938 1110 3008 palmula
1138 2959 1160 2992 s.
1189 2937 1305 3008 dactylo

81 3025 188 3062 novam
207 3011 429 3085 progerminare
448 3011 589 3065 arborem.
626 3011 724 3064 Patres
743 3025 812 3063 vero
832 3009 934 3063 eccles.
960 3027 995 3062 ex
1012 3007 1060 3062 his
1088 3019 1117 3064 et
1134 3009 1209 3075 aliis,
1234 3025 1306 3079 quae

81 3081 118 3134 de
136 3079 279 3152 phoenice
297 3083 461 3146 traduntur,
481 3089 686 3158 argumentum
705 3079 927 3134 resurrectionis
945 3087 1126 3134 mortuorum
1146 3083 1305 3152 petierunt.

80 3171 110 3206 v.
132 3151 259 3206 harcher
276 3153 311 3206 ad
330 3152 467 3207 Herodot.
487 3151 519 3203 T.
540 3153 578 3207 ll.
598 3169 626 3222 p.
646 3155 708 3208 316.
743 3153 777 3204 ln
796 3151 892 3204 numis
911 3151 997 3205 etiam
1015 3151 1145 3221 phoenix
1164 3161 1209 3208 est
1227 3170 1306 3222 sym-

79 3223 182 3277 bolum
205 3225 400 3288 aeternitatis,
429 3224 528 3278 felicis
553 3232 612 3278 tem
635 3239 720 3276 orum
744 3223 938 3292 reparationis
966 3229 995 3278 et
1020 3225 1127 3277 saeculi
1156 3225 1247 3279 aurei.
1276 3242 1305 3274 v.

79 3293 239 3365 spanhem.
260 3295 295 3349 de
313 3315 367 3348 usu
388 3304 416 3351 et
455 3313 478 3352 r.
508 3312 588 3352 num.
607 3241 683 3348 Biss.
703 3297 736 3346 V.
761 3312 791 3364 p.
811 3295 863 3350 186
883 3311 924 3362 sq.
950 3294 1074 3346 surculis
1103 3295 1193 3350 toreis
1220 3295 1269 3348 vel
1292 3312 1306 3346 e

81 3366 161 3418 turis
179 3367 254 3420 coni.
274 3367 373 3421 Heius.
394 3315 461 3422 colli.
481 3367 555 3419 Plin.
577 3365 598 3417 l.
615 3365 634 3418 1.
671 3365 839 3440 ingeniose:
861 3363 910 3416 sod
927 3363 1034 3419 Noster
1051 3363 1102 3418 hic
1159 3368 1306 3420 tissimum

82 3440 115 3491 in
136 3454 169 3491 eo
187 3447 331 3503 versatur,
351 3447 385 3491 ut
403 3437 512 3505 doceat,
533 3436 672 3490 interris
696 3436 758 3488 suis
775 3433 804 3487 h.
820 3451 843 3487 e.
868 3433 973 3488 Arabia
997 3436 1098 3489 nidum
1163 3435 1306 3508 phoenice

81 3511 215 3564 construi
234 3517 263 3562 et
282 3510 350 3564 inde
368 3509 496 3580 patrium
515 3525 620 3580 corpus
639 3508 670 3560 in
689 3506 856 3584 Aegyptum
875 3507 1047 3574 transferri,
1070 3505 1175 3560 Waut.
1195 3537 1228 3549 ·-
1243 3507 1307 3562 sub·

81 3583 142 3633 loto
160 3577 292 3632 mambae
311 3581 348 3646 (v.
368 3579 403 3633 ad
423 3583 447 3646 1,
467 3583 492 3644 1,
511 3577 555 3646 1.)
573 3580 711 3647 ponderes
737 3595 819 3644 „cur
837 3593 896 3629 non
915 3579 1017 3644 casiae,
1047 3579 1185 3642 cinnami,
1209 3579 1305 3646 nardi,

81 3653 157 3705 costi
175 3660 225 3705 aut
243 3653 368 3705 amomi?
403 3652 481 3728 Lege
504 3651 641 3704 arbonae
662 3648 814 3718 τισιαὶττί.ιι
841 3647 938 3702 Heius.
976 3650 1095 3716 „Immo
1119 3651 1306 3706 verissimum

81 3739 148 3778 esse
164 3723 317 3799 vulgatam
335 3739 488 3800 cognosces
507 3741 544 3778 ex
561 3722 708 3776 Herodoto
733 3723 823 3788 1,13.
858 3717 908 3781 Ἐξ
929 3717 1054 3791 Ἀραβίης
1076 3715 1256 3794 ὀρμεῶμενον
1279 3719 1306 3780 ἐς

79 3791 112 3848 τὸ
131 3795 196 3864 ipse
213 3795 261 3847 ιοῡ
277 3791 372 3848 ‘Hiioss
399 3797 520 3864 xoptitsr
543 3790 592 3848 τὸν
609 3797 725 3864 πατέρα,
754 3793 784 3848 ἰν
802 3789 910 3866 σμύρνῃ
929 3793 1133 3864 ἐμπλάσσοντα,
1162 3793 1209 3845 καὶ
1231 3789 1306 3846 θάπ-

81 3883 141 3919 τειν
159 3861 189 3918 ἐν
207 3867 256 3920 τοῦ
272 3861 364 3919 ‘Hiiou
382 3871 419 3933 τῷ
430 3867 489 3936 ἱρῷ·
509 3867 631 3934 κομίζειν
648 3863 679 3918 di
699 3860 778 3920 οὕτω·
798 3869 916 3936 πρῶτον
935 3865 981 3931 τῆς
999 3859 1121 3936 σμύρνης
1140 3859 1196 3918 ὠὸν
1213 3861 1305 3916 πλάσ-

81 3954 153 3999 σειν,
173 3932 241 3990 ὅσον
259 3954 288 3989 τε
303 3936 419 3997 δυνατός
438 3937 495 3991 ἐστι
512 3939 617 4024 φέρειν·
636 3927 706 4008 peris
725 3935 756 3990 di
775 3937 925 4001 πειρᾶσθαι
952 3932 1018 3989 αὐτὸ
1046 3939 1194 4026 φορέοντα·
1221 3931 1307 3990 inadv

81 4008 115 4062 dt
132 4007 319 4080 ἀποπειρηθῇ,
337 4003 408 4064 οὕτω
427 4003 460 4078 dr}
486 4013 647 4082 κοιλρναντιι
672 4003 701 4062 τὸ
720 4003 786 4071 ὠὸν,
815 4003 862 4060 τὸν
886 4007 992 4078 πατέρα
1015 4005 1042 4067 ἐς
1068 4003 1133 4062 αυτὸ
1158 4003 1305 4061 ἐντιθέναι·

81 4075 198 4206 5,th-
216 4074 856 4212 tiststs‘serastes
866 4075 921 4218 ¹³5?
935 4073 1237 4211 1111111
1259 4071 1307 4206 2²2⁹.

7 4273 8 4282 ,
81 4171 172 4295 μίξεις
189 4241 239 4291 μιν
256 4173 305 4276 iri*
321 4217 466 4293 Αἰγύπτου
492 4221 518 4286 ἐς
542 4167 591 4276 uio
612 4171 705 4276 ‘hiiov
733 4218 763 4276 τὸ
790 4223 861 4291 iper.
898 4169 960 4278 fgm
984 4169 1056 4278 τεμ16
1079 4230 1222 4278 nostrates
1249 4237 1307 4276 non
1352 4279 1354 4286 ,

81 4295 251 4350 debuissent
268 4295 366 4350 dicere
386 4295 444 4349 ein
465 4295 637 4352 Gewicht
660 4293 837 4366 Myrrhen
865 4295 1020 4350 vel'eine
1039 4293 1306 4365 Myrrhenlest,
