2872 4792
194 196 257 262 246
413 252 417 260 .
594 191 839 262 ANNALIUM
859 194 943 260 LIB.
964 193 1007 258 11.

195 359 381 426 trudendum,
402 361 452 414 sed
469 359 694 438 intelligendum
713 367 813 417 censet
830 343 984 416 Walthsr:
1010 375 1089 444 quesn
1106 359 1212 416 iustius
1228 377 1254 414 a.
1273 380 1312 427 ο.,
1328 363 1382 416 scil.

195 451 281 502 quam
300 431 379 486 buno
396 432 538 499 Pisonem,
565 433 613 502 qni
637 433 727 501 legati
754 439 810 486 cet.
847 431 925 498 Quae
944 432 1110 504 explicandi
1128 434 1202 486 ratio
1225 434 1256 488 ab
1278 453 1326 486 usu
1349 435 1384 486 lo-

196 503 302 574 quendi
320 502 465 558 abhorret.
500 503 627 576 duobis
646 512 756 558 mutata
774 509 818 556 est
835 503 996 558 distinctio.
1025 537 1058 548 -
1077 502 1128 574 qui
1144 504 1231 572 legati
1248 505 1385 558 auctorita-

197 585 252 628 tem
275 583 330 627 cet.
355 593 384 628 v.
404 592 465 644 cap.
484 577 529 629 43.
555 583 585 628 et
606 573 642 628 ad
660 580 687 639 1,
714 579 803 642 74,1.
842 601 875 612 -
899 575 1021 644 propria
1041 576 1178 630 mandata
1205 593 1263 642 „sc
1280 575 1384 638 Tiberii,

196 645 298 716 quibus
322 646 456 698 Pisonem
483 645 586 716 Syriae
613 649 799 716 praefecerat.
838 645 915 700 llaec
942 655 1130 716 opponuntur
1156 647 1301 708 mandatis,
1325 664 1386 714 quae

195 718 360 793 legatorum
379 725 600 786 senatorumque
619 717 792 770 consultatio
812 717 862 770 sub
882 717 999 770 nomine
1018 725 1048 772 et
1064 718 1203 786 auspiciis
1213 717 1317 770 Tiberii
1329 719 1386 770 Sen-

94 808 98 820 ·
196 789 239 842 tio
267 787 391 842 dederat.
417 787 460 840 cf.
490 805 514 840 c.
534 787 600 844 eo.“
630 785 767 844 Waltber.
793 787 892 840 lntcll.
919 789 1065 860 specialia,
1093 805 1164 858 quae
1190 805 1248 842 non
1269 789 1386 841 universe

197 859 290 914 cuivis
309 859 372 912 dari
392 857 502 924 solent,
522 857 614 912 Oberl.
651 859 724 924 „Em
744 859 847 932 quibus
874 859 961 930 plane
979 858 1131 912 delinitum
1157 867 1231 914 esset
1252 858 1317 930 quid
1332 877 1386 982 affie-

196 938 252 994 ret,
271 937 304 981 ut
321 931 504 1000 provinciam
523 950 538 984 a
556 931 586 982 vi
604 927 707 982 hostili
726 929 901 984 defenderet.
916 981 924 996 ,
941 929 1004 994 cut,
1025 931 1187 998 deposcenti
1213 947 1272 984 men
1288 945 1344 982 man
1376 959 1387 970 ·

196 1007 236 1066 ta,
256 1006 350 1052 cetera
368 1001 497 1054 universe
514 1002 661 1065 mandcs=i;
679 1001 754 1054 illud
768 1001 896 1070 proprie,
916 1017 950 1054 ne
966 1008 1123 1069 pateretur,
1149 1001 1228 1054 nobis
1249 1001 1387 1070 prorogari

193 1072 380 1142 prouinciam,
406 1072 467 1126 Cic.
492 1073 528 1127 ad
549 1071 610 1126 Ast.
634 1076 661 1138 6,
686 1075 713 1128 2.
749 1071 792 1127 Ac
810 1076 932 1126 sortasse
950 1071 980 1124 h.
993 1072 1014 1124 1.
1034 1073 1093 1147 leg.
1110 1071 1258 1141 proprie.“
1282 1073 1343 1125 Era.
1360 1105 1385 1113 -

195 1151 340 1198 senescant
360 1159 503 1208 rumores,
521 1152 556 1198 ut
576 1143 695 1196 senescit
713 1143 791 1206 lanta
808 1143 844 1200 ll.
863 1146 891 1208 2,
911 1147 954 1200 24.
976 1151 1004 1196 et
1023 1143 1142 1213 impetus
1166 1147 1259 1212 santae
1275 1149 1300 1196 et
1321 1145 1387 1210 furor

196 1217 339 1268 exercitus
368 1215 527 1282 languescit
551 1215 575 1270 A
598 1211 621 1268 r.
642 1219 677 1272 39
705 1223 779 1270 extr.
823 1211 872 1267 Sic
897 1215 1005 1286 passim
1023 1231 1176 1282 senescere,
1205 1230 1385 1278 consenescere,

196 1289 341 1356 languere,
360 1287 551 1354 languescere,
571 1235 775 1362 Sanguesccre,
801 1280 998 1358 παρακμᾶζειν,
1018 1286 1151 1363 vigorem
1180 1296 1209 1341 et
1228 1288 1302 1340 vires
1318 1287 1386 1338 arnit-

195 1367 268 1424 tere,
291 1357 449 1420 debilitari,
478 1359 624 1424 imminui,
654 1365 687 1409 ut
711 1367 811 1412 contra
834 1357 945 1422 florere,
970 1358 1076 1426 vigere,
1103 1365 1299 1422 maturescere,
1327 1375 1350 1410 r.
1366 1373 1385 1410 c.

195 1429 401 1483 senescentibus
419 1429 511 1496 vitiis,
530 1423 734 1483 maturescenle
751 1429 859 1481 uirtute
882 1429 947 1481 hir.
966 1432 993 1493 3,
1014 1433 1056 1485 12.
1082 1423 1169 1502 ripis
1186 1424 1332 1498 Καρχηδὼν
1346 1421 1387 1492 ἤδη

195 1496 254 1554 τότε
272 1495 457 1572 παρὴκμαζεν,
480 1496 546 1565 ἡδὲ
562 1495 649 1570 Ῥώμη
672 1496 792 1572 μάλιστα
816 1495 866 1559 τόνἱ
888 1494 944 1569 εἶχε
961 1497 1010 1566 τὴν
1036 1495 1128 1572 ἀκμὴν
1150 1502 1249 1570 Polyb.
1273 1505 1297 1562 6,
1313 1501 1385 1562 ihi

196 1571 245 1638 Sic
264 1581 293 1625 et
311 1571 460 1642 γηράσκειν
478 1571 577 1625 dixere
596 1573 679 1627 Hom.
700 1572 736 1624 ll.
757 1574 801 1636 19,
820 1575 880 1628 366.
910 1575 940 1626 et
957 1569 1080 1626 Theocr.
1101 1575 1143 1638 12,
1161 1576 1188 1636 2.
1216 1569 1387 1626 aenianica.

195 1644 230 1698 cle
254 1645 318 1700 beu.
340 1647 366 1708 7,
395 1646 438 1699 26.
469 1651 498 1696 et
520 1639 575 1696 Sil.
602 1647 645 1708 16,
669 1647 712 1698 14.
740 1651 866 1696 senectus
884 1643 1035 1722 (languor,
1063 1643 1073 1695 i
1096 1645 1191 1706 navia,
1219 1641 1388 1696 Erschlaf·

194 1715 305 1790 sung)
324 1714 385 1770 Val.
405 1713 450 1766 Fl.
471 1717 497 1778 6,
517 1716 578 1768 283.
599 1723 638 1780 et,
665 1721 699 1766 ut
717 1715 834 1784 quidam
851 1723 964 1784 putent,
990 1713 1056 1768 Tac.
1143 1718 1197 1771 .3.
1219 1723 1290 1768 extr.
1318 1741 1344 1749 -
1364 1713 1387 1763 ιἰι

195 1785 297 1838 melius
315 1801 429 1851 casura,
449 1803 477 1841 v.
497 1784 533 1838 ad
550 1785 585 1842 H.
605 1789 632 1851 4,
651 1787 695 1851 66,
715 1789 740 1842 l.

266 1895 292 1948 2.
329 1893 376 1944 An
394 1891 571 1958 festinamus,
602 1891 761 1959 „Praesens
793 1909 847 1976 pro
877 1893 997 1948 Futuro.
1037 1891 1081 1946 Cf.
1111 1891 1281 1948 Rarnshorn.
1307 1889 1388 1944 Gran.

134 1975 137 1986 '
194 1981 223 2036 p.
243 1962 327 2019 to1.“
348 1962 455 2016 Waltls.
490 1995 519 2006 -
553 1979 615 2016 cum
639 1964 798 2018 Gennanict
826 1965 967 2019 cineribus
991 1965 1130 2033 appellere
1155 1964 1283 2028 Romam,
1305 1977 1387 2034 propr.

195 2033 304 2090 cumA
343 2037 453 2120 ippina,
472 2033 507 2087 de
526 2051 581 2104 qua
599 2053 629 2088 v.
650 2053 712 2106 cap.
732 2039 767 2092 75
786 2053 832 2108 pr.
861 2069 894 2080 -
910 2035 1005 2106 primo
1029 2051 1141 2088 rumore
1159 2036 1286 2104 rapiant,
1308 2031 1389 2104 oppri-

194 2113 284 2173 mant,
317 2115 420 2172 acuant,
439 2111 473 2158 ut
490 2105 600 2160 indicta
619 2124 702 2160 causa
726 2109 823 2161 statim
849 2116 879 2162 et
902 2107 1005 2178 cupide
1020 2106 1247 2172 condemneris,
1273 2107 1335 2162 lirn.
1352 2117 1389 2153 ra·

192 2179 276 2247 piant
299 2178 335 2232 ad
358 2185 495 2242 mortem,
527 2177 577 2230 vel
600 2179 771 2248 corripiant.
816 2179 893 2232 Huic
916 2179 1003 2231 verbo
1026 2179 1119 2254 magis
1146 2177 1284 2230 convenit
1306 2173 1389 2240 uulgus

195 2267 280 2320 quam
296 2249 429 2318 planctus
446 2247 485 2300 A.
506 2247 550 2304 Gt.
570 2247 605 2302 ad
624 2251 649 2315 2,
668 2253 711 2316 26,
731 2253 758 2306 2.
788 2283 820 2294 -
841 2250 913 2303 nulli
929 2249 1087 2302 iactantius
1105 2255 1242 2314 moerent,
1265 2251 1303 2300 ct.
1327 2245 1355 2298 ad
1369 2247 1389 2304 ³,

193 2323 220 2378 t.
240 2329 313 2406 extr.
335 2349 367 2359 -
387 2334 470 2392 tuam
487 2319 536 2390 qni
553 2335 589 2373 m.
609 2319 628 2372 l.
648 2337 688 2374 sc.
708 2321 843 2376 Tiberius
862 2330 892 2377 et
909 2329 1003 2375 mater
1022 2322 1093 2374 eius.
1112 2319 1162 2376 Of:
1173 2325 1199 2388 1,
1213 2323 1255 2378 33.
1275 2327 1303 2372 et
1317 2319 1342 2382 2,
1354 2317 1388 2370 ts.

575 2487 767 2566 o‘aru‘r
820 2510 1026 2568 nxxv111.

278 2618 377 2680 Haud
398 2637 516 2717 niagna
539 2617 625 2678 mole
647 2617 722 2679 Piso
751 2622 927 2700 promptus
953 2619 1119 2680 ferocibus
1149 2621 1185 2679 in
1215 2615 1390 2680 sententiam

194 2700 353 2777 trahitur,
386 2701 557 2783 missisque
579 2699 620 2761 ad
641 2701 818 2762 Tiberium
847 2704 996 2784 epistolis
1024 2705 1153 2764 incusat
1175 2699 1389 2763 Germanicum

195 2785 289 2846 luxus
317 2793 350 2845 et
370 2783 563 2865 superbiae3
598 2803 696 2866 seque
724 2785 868 2865 pulsum,
901 2793 939 2846 ut
967 2787 1057 2846 locus
1080 2785 1178 2846 rebus
1202 2785 1297 2844 novis
1317 2787 1390 2860 pate·

194 2868 302 2944 tieret,
336 2887 450 2928 curam
477 2867 643 2928 exercitus
669 2866 783 2928 eadem
811 2865 888 2938 fide,
925 2887 989 2950 qua
1016 2871 1173 2944 tenuerit,
1207 2866 1389 2946 repetivisse.

194 2951 300 3011 Simul
319 2948 505 3012 Domitium
531 2951 724 3030 impositum
745 2952 879 3022 triremi
907 2956 1015 3013 vitare
1039 2952 1179 3020 litorum
1201 2967 1293 3008 oram
1313 2961 1391 3024 prae·

194 3043 313 3115 terque
333 3035 458 3096 insulas
479 3033 548 3094 lato
569 3035 655 3092 mari
676 3052 816 3119 pergere
838 3035 872 3093 in
894 3033 1025 3114 Syriam
1047 3033 1148 3096 iubet.
1195 3029 1388 3092 Concurren-

195 3124 244 3179 tes
262 3115 448 3180 desertores
465 3135 525 3196 per
538 3117 722 3198 manipulos
744 3119 923 3197 componit,
946 3125 1052 3176 armat
1074 3118 1167 3191 lixas,
1195 3113 1392 3188 traiectisque

195 3201 478 3262 incontinentem
506 3199 645 3260 naribus
672 3199 834 3260 vexillum
864 3201 1012 3261 tironum
1042 3201 1076 3259 in
1104 3197 1237 3279 Syriam
1261 3195 1391 3258 euntium

195 3283 377 3363 intercipit.
428 3283 474 3344 lle
499 3283 563 3344 ulie
594 3280 745 3359 Cilicum,
780 3290 818 3343 ut
846 3303 888 3344 aa
916 3283 1048 3346 auxiliis
1076 3283 1245 3356 iuvarent,
1283 3275 1391 3346 scribit,

157 3392 161 3402 ¹
193 3365 282 3426 haud
302 3369 463 3450 ignat-oa
508 3367 694 3426 ministeria
714 3363 792 3426 belli
813 3367 933 3428 iuvene
954 3365 1084 3443 Pisone,
1106 3373 1291 3446 quanquam
1306 3357 1392 3422 susci·

194 3446 353 3530 piendum
378 3449 499 3510 bellum
521 3449 699 3509 abnuisset.

166 3574 174 3590 “
265 3569 291 3620 l.
311 3565 397 3618 Haud
412 3581 519 3634 magna
537 3565 622 3618 rnole:
640 3583 707 3618 narn
724 3567 810 3618 moles
828 3565 938 3620 dicitur
959 3563 1104 3638 quaelibet
1122 3581 1169 3618 res
1187 3561 1286 3638 gravis
1306 3567 1333 3612 et
1348 3555 1392 3633 dil·

194 3635 320 3703 ilcultas,
338 3645 372 3689 ut
389 3635 419 3693 h.
436 3637 469 3701 l.,
487 3637 536 3690 vel
554 3637 722 3713 magnitudo
741 3645 770 3690 et
788 3637 944 3689 multitudo
963 3653 1072 3691 rerum.
1094 3668 1126 3678 -
1143 3639 1290 3704 promptus
1307 3633 1392 3696 seron·

194 3709 257 3775 bus,
277 3727 304 3762 v.
323 3709 359 3761 ad
377 3713 403 3774 4,
423 3711 514 3775 66,’3.
535 3741 567 3752 -
586 3707 932 3773 ruscinonensem.
952 3711 978 3772 3,
999 3709 1042 3771 13,
1062 3711 1089 3772 4,
1109 3709 1135 3762 8.
1156 3715 1184 3760 et
1203 3705 1242 3758 al.
1263 3715 1393 3783 nooa'nro·

194 3781 248 3834 liri
267 3783 310 3846 12,
329 3783 373 3836 32-
393 3797 479 3834 novae
496 3779 642 3834 conciones
660 3787 686 3832 ct
705 3795 775 3832 nova
792 3778 911 3832 Petrum
930 3779 1096 3844 consuitnb,
1115 3781 1143 3834 4.
1164 3776 1216 3831 Gr.
1236 3775 1268 3827 oi
1285 3787 1393 3834 νινησιις.

195 3851 295 3908 Germ.
315 3851 518 3916 Umtriebe,
537 3853 637 3906 turbae
655 3851 691 3905 ad
709 3851 899 3904 mutationem
917 3851 962 3904 rei
980 3849 1061 3920 publ.
1081 3855 1251 3920 spectantes.
1289 3845 1358 3928 Ηίιιο
1371 3847 1391 3890 tl

195 3939 298 3978 nouare
316 3939 362 3976 res
379 3923 415 3979 ll.
434 3929 462 3990 4,
483 3926 524 3978 14.
545 3923 641 3993 simpl.
662 3925 870 3986 nouare4,18.
891 3921 942 3974 Gr.
963 3922 1128 3990 νεωτερίζειν
1152 3927 1181 3972 et
1199 3922 1287 3970 κινεῖν
1309 3936 1340 3968 ιιι
1355 3929 1394 3964 ar-

193 3997 317 4048 θεσνῶια
335 3994 383 4048 vel
400 3989 434 4046 τὰ
452 3990 613 4066 πράγματα,
636 4001 670 4046 ut
694 4012 739 4063 ap.
763 3991 863 4062 Polyb.
882 3995 909 4059 2,
927 3996 972 4056 21,
991 3997 1017 4049 3.
1043 3996 1070 4059 3,
1090 3995 1116 4056 4,
1145 3993 1188 4046 12.
1216 3991 1244 4056 4,
1264 3991 1307 4052 34,
1326 3990 1349 4042 3.
1368 4013 1391 4023 ν

194 4067 254 4119 lato
271 4066 357 4133 mari,
376 4075 431 4134 „ut
448 4067 538 4120 latum
556 4083 661 4137 aequor
687 4083 733 4134 ap.
760 4063 830 4120 Hor.
851 4081 894 4135 ep.
915 4069 939 4128 l,
958 4067 986 4130 2,
1010 4067 1055 4120 20.
1081 4059 1234 4134 εὐρυχωρία
1259 4079 1304 4130 ap.
1329 4053 1394 4108 Thu·

195 4137 261 4207 cyd.
281 4142 308 4202 2,
326 4140 372 4195 86.
392 4138 493 4196 Germ.
519 4137 578 4190 das
608 4137 717 4192 weita
736 4135 865 4189 Meer.“
897 4135 990 4188 Oberl.
1027 4133 1105 4202 „sed
1129 4133 1217 4186 latum
1241 4140 1272 4184 et
1295 4132 1393 4184 tonsum

194 4223 272 4260 mare
288 4225 347 4262 non
365 4226 398 4263 eo
418 4228 503 4263 sensu
521 4209 641 4274 dicitur,
659 4208 710 4277 qui
728 4205 760 4259 b.
774 4207 796 4260 l.
816 4209 978 4262 conveniat.
998 4209 1072 4261 Vere
1087 4206 1166 4274 Lips.
1186 4201 1297 4258 ernend.
1317 4200 1394 4252 attor·

195 4277 264 4336 Ern.
293 4281 405 4346 „Immo
433 4281 522 4334 toturn
547 4295 627 4332 snare
650 4279 808 4348 opponitur
825 4279 915 4334 maria
934 4279 1077 4355 angtutiis
1096 4279 1176 4330 inter
1194 4274 1313 4339 insulas,
1336 4283 1393 4338 qun
