2904 4798
203 207 346 276 curor
367 205 528 274 xxccv.
549 203 692 272 xxxa
717 203 771 287 (s.
795 203 917 274 osea
941 205 980 290 s,
1002 201 1039 270 o.
1056 205 1124 285 aa.)
1209 207 1272 276 aas

67 377 247 434 interresset
265 377 320 434 Gr.
339 376 471 448 spptaoar
495 373 635 430 dicuntur
656 388 730 446 quse
748 379 846 428 aescts
864 375 932 426 scut
952 369 1016 426 sisa
1034 371 1176 438 eminant,
1199 391 1228 428 s.
1246 391 1271 428 c.

67 451 163 516 hesua,
180 449 291 522 capilli,
310 449 428 512 aristae,
442 445 526 502 velli.
537 479 570 490 -
586 444 667 515 picta
685 459 757 498 astro
774 443 903 514 agmina,
922 457 1048 512 quarum
1066 449 1096 498 et
1113 443 1226 500 milites
1244 455 1273 500 et
1318 465 1324 476 ·

62 541 138 577 arma
153 537 220 576 aare
237 521 318 592 picta
335 528 414 586 snut,
442 518 582 572 dutincta
604 516 654 572 sal
670 515 836 582 rutilantia,
861 513 1019 590 fulgentia,
1044 521 1078 568 ut
1095 529 1178 570 arasa
1193 515 1274 586 piato

64 611 105 666 sp.
122 593 198 670 virg.
216 593 287 648 dan.
305 593 413 657 a-eee.
432 594 477 658 ll,
495 591 557 646 eoo.
579 590 624 654 12,
642 590 705 646 181.
718 617 752 632 -
768 585 917 657 praedam,
936 586 1101 657 etquidem
1118 588 1274 655 undamn,

65 665 189 737 quorum
205 665 285 736 picta
303 669 373 718 sunt
389 677 462 716 auro
478 661 607 739 agmina·
645 689 648 714 t

473 811 668 872 CAPUT
716 809 854 868 XXXV.

136 925 312 990 Enimvero
341 921 430 1010 apud
456 921 627 988 Sarmatas
655 941 722 986 non
749 942 816 984 una
843 919 1047 988 voxduciss
1078 925 1276 1011 aequisque

60 1009 236 1089 stimulant,
257 1029 300 1072 ne
321 1027 468 1097 pugnam
488 1027 551 1090 per
571 1007 708 1094 sagittas
729 1005 872 1080 inireut3
905 1009 1035 1090 impetu
1064 1019 1099 1072 et
1127 1012 1277 1075 cominus

58 1093 344 1177 praeveniendum.
387 1091 512 1154 Variae
528 1090 606 1152 binc
626 1089 821 1152 bellantium
847 1091 987 1174 species,
1015 1109 1116 1172 quum
1134 1093 1278 1156 Parthas

59 1177 146 1260 sequi
165 1177 217 1240 rel
239 1179 356 1264 fugere
377 1177 451 1260 pari
478 1182 552 1237 erte
581 1179 695 1236 suetus
729 1169 933 1236 distraheret
959 1181 1099 1252 turmas,
1132 1177 1278 1258 spatium

56 1261 175 1322 ictibus
203 1267 398 1342 quaereret3
431 1255 602 1320 Sarmatae
636 1254 873 1336 omissorum,
911 1275 976 1340 quo
998 1255 1133 1320 brevius
1153 1262 1278 1338 valent,

56 1345 159 1407 contis
182 1339 366 1444 gladiisque
388 1348 540 1420 ruerent,
577 1335 676 1402 msido
698 1337 860 1422 equestris
883 1339 1006 1424 proelii
1033 1360 1126 1406 more
1154 1344 1279 1406 frontis

56 1435 89 1492 et
109 1437 195 1513 tergi
217 1428 321 1502 vices,
348 1422 536 1508 aliquando,
563 1431 603 1486 ut
623 1425 774 1485 conferta
788 1425 888 1500 acies,
910 1425 1109 1506 corporibus
1130 1433 1165 1488 et
1181 1425 1279 1510 pulsu

53 1530 224 1572 armorum
252 1509 425 1592 pellerent,
464 1508 682 1592 pellerentur.
737 1505 871 1588 lamque
903 1515 937 1568 et
970 1507 1090 1568 Albani
1122 1506 1280 1592 lberiqua

54 1607 236 1676 prensare·
256 1589 449 1670 detrudere,
481 1591 661 1674 ancipitem
688 1607 833 1674 pugnam
853 1587 1006 1651 hostibus
1026 1593 1150 1670 iacere,
1195 1611 1280 1676 quos

52 1695 153 1759 super
181 1693 281 1758 eques
308 1681 343 1737 et
370 1693 390 1737 a
419 1674 635 1758 propioribus
666 1671 863 1734 vulneribus
898 1671 1027 1754 pedites
1061 1675 1278 1742 afflictabant.

51 1759 143 1822 Inter
172 1777 256 1842 quaa
286 1757 524 1822 Pharasmanes
553 1753 760 1838 Orodesquc,
796 1751 874 1816 dum
906 1758 1054 1820 strenuis
1081 1755 1202 1823 adsunt
1222 1767 1281 1822 eut

50 1841 283 1908 dubitantibus
305 1841 520 1942 subveniunt,
547 1858 627 1939 pons
652 1839 720 1900 icui
741 1857 846 1920 eoque
867 1840 978 1924 goari,
1005 1839 1163 1915 clamore,
1191 1843 1280 1922 telis,

48 1945 145 2072 itt
167 1933 390 2096 {iiiiii
418 1921 1281 2088 ttfflttsit‘sstttt..”tuditibus

47 2095 235 2155 satellitum
257 2091 509 2178 protegentibus
530 2089 692 2150 saucium.
729 2087 827 2148 Fama
847 2093 959 2148 tamen
979 2089 1083 2152 occisi
1104 2091 1187 2156 falso
1208 2111 1281 2154 cre·

47 2175 121 2240 dita
144 2176 317 2239 exterruit
337 2173 490 2252 Parthos,
515 2172 757 2256 victoriamque
785 2189 990 2236 concessere.

119 2316 146 2370 1.
167 2325 227 2366 non
244 2325 301 2364 una
318 2325 373 2364 oea
391 2308 482 2376 ducis,
500 2308 598 2372 unica,
616 2305 687 2374 sals,
705 2311 740 2360 ut
757 2309 785 2372 4,
805 2307 847 2362 ta.
868 2313 899 2360 et
915 2305 954 2362 sl.
991 2307 1059 2362 Non
1077 2307 1164 2364 unias
1182 2309 1282 2378 decise

43 2383 118 2438 Era.
141 2415 177 2428 -
216 2381 341 2436 inirent:
362 2378 394 2434 in
412 2379 470 2436 MS.
489 2379 628 2436 sinerent.
644 2407 677 2418 -
707 2377 813 2447 impetu
832 2383 860 2432 et
877 2377 1013 2446 mminua
1032 2395 1102 2448 non,
1120 2389 1155 2434 ut
1171 2379 1283 2450 Parthi,

41 2455 177 2526 epatium
196 2453 301 2508 ictibus
320 2453 486 2526 quaerendo.
524 2451 625 2520 „Haec
642 2467 697 2522 per
714 2447 747 2503 lv
763 2445 812 2502 deis
829 2449 911 2502 doctr
929 2449 1017 2520 dicta,
1046 2451 1096 2506 vel
1120 2453 1162 2507 its
1184 2461 1219 2507 ut
1236 2471 1283 2509 ca·

41 2527 141 2582 nunus
160 2527 295 2598 positum
314 2526 363 2591 sit,
382 2525 450 2596 quis
462 2523 561 2578 deerat
579 2523 766 2587 adiectivum,
824 2521 934 2575 onotio
952 2521 1041 2576 huius
1058 2525 1140 2578 vocis
1152 2525 1284 2580 substan-

39 2601 106 2654 tirc
126 2600 318 2674 iungeretur,
345 2597 395 2651 vel
420 2611 475 2668 pro
501 2595 614 2669 impetu
641 2594 774 2648 caminus
806 2600 880 2660 acta,
908 2591 959 2647 rel
982 2593 1108 2666 denique
1131 2597 1173 2650 its
1195 2605 1231 2652 ut
1255 2603 1283 2652 et

38 2671 177 2725 sannaus
203 2668 364 2737 ὲξηγηιιιιῶς
388 2667 534 2722 adiectum
561 2667 601 2720 sit
624 2665 661 2719 sd
684 2663 890 2736 explanandam
907 2679 1011 2720 vocem
1034 2665 1174 2736 impetu.“
1199 2667 1282 2722 Rati.

63 2745 143 2800 ΑΒ.
165 2739 215 2798 Gi.
235 2739 301 2792 lnd.
319 2739 375 2792 111.
404 2755 434 2792 s.
461 2737 671 2807 Hmdiadycin.
695 2735 849 2790 canoniam
871 2735 934 2793 edd.
959 2737 1026 2794 Ber.
1045 2737 1140 2794 Rhen.
1167 2741 1283 2810 Micyli

35 2761 125 2886 ilipa.
148 2843 186 2858 ·-
222 2809 348 2864 Partitur
370 2810 454 2882 sequi
477 2807 661 2881 (persequi)
687 2809 731 2861 ael
756 2809 858 2875 fugere
881 2808 953 2876 pari
981 2817 1046 2864 arte
1072 2817 1186 2866 suetus.-
1214 2829 1283 2866 nam

37 2885 152 2941 Parthi
168 2889 304 2954 pugnant
321 2887 371 2936 aut
386 2881 624 2950 procurrentibus
641 2879 723 2950 equis
740 2885 790 2932 aut
810 2885 895 2948 terga
914 2881 1063 2936 dantibass
1090 2899 1173 2952 saepe
1196 2884 1285 2938 etiam

33 2962 151 3028 fugam
179 2953 328 3017 simulant,
361 2959 394 3007 ut
418 2953 595 3006 incautiores
621 2951 772 3005 aduersum
799 2951 918 3004 misera
945 2953 1126 3025 insequentes
1150 2953 1284 3008 babeant:

31 3033 216 3101 plerumque
234 3027 266 3079 in
284 3026 347 3094 ipso
358 3027 463 3080 ardore
474 3023 642 3078 eei-tamisie
657 3022 769 3091 praetia
784 3021 916 3076 deistunt
929 3039 963 3076 ae
977 3025 1065 3092 paula
1081 3032 1147 3094 post
1157 3043 1285 3094 pugnam

33 3119 74 3156 ez
95 3103 181 3170 fuga
199 3103 341 3167 repetunt,
360 3103 402 3162 ut,
423 3113 507 3169 quum
523 3095 647 3149 maxima
664 3093 768 3147 vicisse
794 3099 930 3163 tepuere,
958 3101 1026 3150 tanc
1048 3097 1104 3150 titi
1128 3097 1285 3151 discrimen

29 3172 228 3229 subeundum
245 3168 295 3234 nt,
314 3169 420 3224 lustin·
439 3171 484 3233 41,
503 3170 528 3225 2·
549 3167 594 3226 (li.
609 3165 664 3220 Dio
683 3169 765 3228 ³5&-
779 3169 824 3231 40,
845 3167 878 3222 15
887 3183 930 3238 sq.
949 3165 1073 3238 Appisn.
1093 3168 1164 3222 Bell.
1184 3169 1283 3224 Partis.

30 3265 64 3318 p.
89 3248 151 3302 14³
174 3259 218 3312 sq.
248 3241 343 3312 intpp.
367 3242 449 3328 Virg.
476 3239 530 3296 Ge.
558 3243 586 3306 t,
612 3241 655 3294 ³⁰.
688 3237 788 3294 Horat.
815 3237 860 3291 od.
885 3241 910 3302 1,
939 3241 983 3305 lo,
1012 3244 1055 3294 11.
1074 3241 1100 3304 2,
1121 3241 1165 3305 1³,
1186 3246 1229 3297 17.
1251 3271 1284 3287 -

31 3314 228 3378 distraheret
257 3317 376 3379 lamnae,
404 3312 569 3376 diduceret,
597 3309 783 3374 extenderem
808 3309 878 3362 Era.
915 3308 1061 3380 „Appiam
1090 3311 1110 3364 1.
1130 3311 1152 3364 1.
1179 3310 1286 3382 ἀνῆγον

26 3387 138 3444 ὀπίσω
171 3387 221 3438 καὶ
245 3383 412 3438 σκίδνασθαι
438 3382 583 3443 δοκοῦντες
606 3375 666 3454 ἅμα
688 3381 736 3432 snt
760 3375 883 3433 iratius
906 3381 956 3446 τῆν
981 3375 1066 3442 τάξιν.
1111 3383 1286 3439 Distradere

27 3461 159 3514 bostem
183 3461 208 3522 1,
228 3457 272 3512 ess.
310 3455 377 3509 Nan
396 3455 465 3510 satis
483 3462 565 3509 recta
583 3453 818 3524 interpretantur
836 3449 1066 3507 ausdelsnen:
1091 3455 1182 3510 immo
1208 3475 1287 3511 eer-

26 3541 159 3586 streu
171 3527 247 3582 en.“
270 3525 378 3581 Waitd.
398 3526 442 3580 Cf.
462 3525 543 3590 adl,
562 3529 607 3590 31,
627 3527 653 3580 l·
674 3555 708 3566 ·-
744 3523 895 3576 Sarmatae
921 3523 1025 3577 cadesa
1045 3541 1123 3593 arca,
1152 3545 1207 3598 pua
1225 3529 1287 3582 bre·

26 3606 104 3658 vius
124 3599 240 3666 valeat,
258 3599 351 3652 cantis
368 3597 532 3669 gladiisque
551 3601 676 3661 nuent,
696 3596 854 3660 irruerent,
872 3582 954 3649 mdia
973 3597 1117 3666 equestris
1132 3601 1239 3668 proelii
1255 3633 1286 3643 -

26 3677 240 3746 pellerentur,
268 3673 305 3726 cf.
326 3671 381 3725 lac.
401 3669 483 3725 class.
513 3669 595 3734 111,
614 3671 657 3725 to.
686 3666 785 3738 ibique
809 3675 916 3723 natata.
963 3682 1018 3737 quo
1041 3670 1156 3725 brevius
1181 3673 1287 3738 ualent,

26 3747 199 3808 breviter,
217 3742 323 3812 primis
338 3741 413 3828 scil.
428 3741 642 3828 congressibus,
662 3755 721 3826 pan
739 3737 806 3824 aim
824 3735 903 3794 Fici.
921 3745 952 3794 et
968 3739 1038 3796 Era.
1077 3779 1098 3808 „
1110 3741 1203 3795 imma
1225 3743 1288 3828 bre-

26 3809 1292 3954 ttrittititistut.tittttt.3”t²it¹a..ttttittiiittigit

26 3979 91 4033 pua
115 3971 202 4012 usus
220 3963 273 4022 esi,
292 3955 594 4024 caminus-applicitas
612 3955 738 4008 eluderet
756 3951 891 4007 Frontin.
920 3953 1010 4008 Strst.
1029 3957 1056 4022 1,
1075 3959 1103 4020 1,
1123 3958 1150 4012 5.
1188 3956 1289 4011 Passus

26 4041 77 4088 est
109 4031 243 4083 hostem
269 4027 374 4081 saeuis
399 4027 565 4094 succedere,
600 4027 692 4080 donec
720 4025 871 4094 absumpto
905 4026 999 4079 iactus
1029 4028 1123 4098 spatio
1149 4027 1290 4082 adimeret

26 4119 127 4160 usum
149 4100 335 4168 sagittas-um
351 4097 431 4152 l'ler.
450 4101 478 4164 d,
497 4097 546 4156 9.“
564 4097 653 4152 Greia
683 4097 802 4150 Rectius
820 4097 857 4150 da
877 4097 979 4167 spatio,
999 4113 1084 4167 qaam
1103 4098 1139 4153 de
1156 4107 1290 4171 tempore

26 4181 114 4231 naec
138 4172 212 4226 acci
234 4173 292 4225 ies:
321 4187 389 4224 uam
407 4187 461 4224 cur
479 4187 536 4224 nan
554 4169 605 4223 dia
624 4168 771 4222 sannaus
789 4184 860 4222 arcu
877 4167 1035 4234 valuerint,
1060 4187 1120 4224 non
1145 4173 1216 4225 satis
1240 4187 1290 4242 ap-

26 4251 154 4320 pas-eu
220 4241 290 4296 altis.
328 4237 1157 4319 lieddasGersn.snitwelchemsiemitEriolg
1174 4245 1290 4298 weni-

26 4337 103 4399 ges·
140 4315 236 4369 weit
265 4313 460 4370 achistsen
492 4313 548 4369 sie
576 4313 633 4366 die
657 4310 827 4380 Pas-theu
852 4310 962 4366 ls's'essl.
984 4343 1013 4354 -
1052 4329 1185 4383 puum-
1207 4316 1290 4370 moda

62 4412 156 4478 Opp.
187 4405 250 4459 Tac.
273 4406 305 4459 Τ.
324 4405 345 4458 1.
616 4433 620 4448 ·
1022 4387 1063 4454 34
