2774 4784
153 195 231 252 nni
594 228 597 237 ,
659 189 884 258 nlnnoeos

261 361 578 438 DlALOGUS
622 363 699 436 ΒΕ
743 363 911 438 Auru·
945 357 1270 436 ORATORIA.

404 515 446 604 Ι.
493 512 683 636 Tempus
706 549 794 636 qno
823 523 1020 636 scriptus
1049 521 1118 604 cit.

251 689 286 784 ἓ.
312 687 416 764 XIV.
458 685 600 759 Incerta
625 697 711 759 sunt
736 689 873 777 omnia,
909 709 1001 784 quae
1026 695 1109 756 tum
1135 682 1181 755 de
1205 683 1373 778 tempore

153 809 227 886 quo
254 789 411 884 scriptus
436 787 484 858 sit
508 785 694 882 dialogus,
713 795 794 857 tum
819 787 865 858 de
891 779 1142 860 auctore'eius
1171 781 1227 854 vel
1246 783 1362 880 dispu-

154 898 227 959 tata
260 899 346 960 sunt
370 911 391 958 e
415 887 505 956 viris
537 887 654 958 doctis
691 885 751 957 vel
777 885 956 981 disputari
988 893 1154 980 possunt.
1207 881 1362 977 Scriptor

153 989 233 1060 eius
258 985 347 1086 dicit
371 986 524 1082 quidem
549 1009 627 1082 cap.
659 985 714 1060 17.
740 996 777 1057 et
788 983 861 1076 24,
889 983 1116 1079 colloquium
1142 982 1214 1054 hoc
1238 1005 1260 1052 a
1284 981 1373 1052 siris*

152 1097 241 1159 tunc
266 1087 445 1182 temporis
471 1085 722 1157 disertissimis
743 1087 955 1158 institutum
981 1107 1060 1154 esse
1086 1106 1181 1153 anno
1200 1079 1373 1162 CXXmo}

153 1187 198 1258 ab
224 1187 376 1258 interitu
393 1183 594 1276 Ciceronis,
620 1187 721 1258 sexto
746 1185 972 1282 principatus
988 1183 1214 1279 Vespasiano
1237 1181 1373 1269 traditi,

154 1290 199 1376 (a.
225 1285 271 1358 U.
298 1310 328 1357 c.
357 1285 441 1361 828.
469 1308 505 1380 p.
534 1282 623 1356 Chr.
650 1310 686 1356 n.
709 1281 785 1370 75.)
812 1294 847 1356 et
873 1308 950 1380 cap.
982 1283 1013 1358 l.
1040 1305 1080 1354 se
1105 1281 1141 1353 ei
1165 1273 1373 1352 interfuisse

152 1385 357 1457 admodum
380 1385 555 1456 iuvenem
581 1393 617 1456 et
642 1385 896 1480 repetiturum,
931 1407 1023 1479 quae
1054 1392 1136 1454 tum
1162 1381 1367 1452 audivisset

153 1483 230 1558 Sed
262 1507 458 1580 nusquam
476 1507 552 1556 nos·
578 1483 696 1574 docet,
740 1507 814 1578 quo
829 1488 833 1504 ⁴
851 1493 1019 1578 tempore
1052 1491 1089 1553 et
1119 1481 1297 1575 paucisne
1329 1503 1373 1550 an¹

152 1583 282 1656 multis
315 1583 421 1654 annis
460 1593 544 1678 post
576 1605 622 1653 ex
653 1583 835 1654 memoria
876 1582 966 1654 haec
1000 1581 1221 1677 exposuerit,
1263 1589 1301 1650 et
1330 1603 1370 1648 er

127 1735 129 1739 -
152 1685 276 1780 primo
301 1681 421 1756 libelli
437 1683 553 1778 capite
577 1679 807 1777 intelligitur,
834 1706 922 1753 eum
947 1705 969 1752 a
993 1683 1074 1752 viro
1099 1682 1175 1766 iam
1197 1681 1373 1750 maturina

154 1785 205 1854 ris
230 1783 356 1856 aetatis
381 1783 562 1878 scriptum
586 1806 683 1856 esse:
701 1817 702 1825 κ
717 1803 806 1852 nam
831 1781 969 1854 Fabius
993 1782 1117 1854 luctus
1142 1801 1217 1850 non
1252 1775 1373 1850 adnot

152 1879 236 1955 dum
273 1882 432 1955 invene»
465 1881 609 1976 saepius
634 1883 777 1976 'rogasse
803 1881 1006 1953 censendus
1032 1889 1097 1972 est,
1123 1887 1171 1950 'ut
1194 1903 1306 1950 suam
1332 1878 1373 1950 dd

153 1981 365 2078 quaestione
406 1981 620 2078 gravissima
657 1981 876 2054 sententiam
926 1981 1115 2076 proferret.
1184 1979 1373 2066 Praeterea

151 2081 253 2154 haud
286 2081 398 2154 dubie
429 2080 525 2153 illud
559 2079 789 2178 colloquium
822 2103 898 2152 non
924 2103 1010 2151 vere
1035 2080 1175 2153 faotrmr
1199 2089 1268 2170 est,
1314 2069 1373 2160 sed

150 2181 275 2277 potius
308 2181 354 2254 ad
389 2203 475 2254 vere
507 2177 593 2254 facti
624 2179 911 2252 similitudinem
934 2179 1103 2252 effictum
1128 2191 1165 2253 et
1189 2171 1373 2274 composil

150 2293 247 2373 tum,
271 2292 320 2354 ut
338 2279 475 2352 similia
498 2304 521 2351 a
545 2279 710 2371 Platone,
743 2278 922 2352 Cicerone
945 2290 982 2352 et
1006 2279 1099 2352 aliis.
1153 2277 1247 2362 Quis
1275 2280 1373 2356 enini

152 2377 357 2473 crediderit,
391 2379 554 2478 aliquem
586 2389 641 2452 tot
665 2400 881 2454 sermonum
905 2379 1016 2478 paulo
1039 2389 1137 2478 post,
1166 2379 1317 2452 nedum
1341 2379 1373 2464 iq

151 2479 252 2554 virili
285 2490 411 2572 aetate,
449 2481 483 2552 si
515 2503 578 2552 eos
603 2481 754 2554 ineunte
787 2477 1032 2552 adolescentia
1056 2479 1275 2575 excepisset,
1303 2479 1373 2574 mel

150 2603 297 2654 morem
322 2604 402 2651 esse
426 2581 592 2675 potuisse
623 2590 661 2651 et
693 2579 846 2678 quidem
870 2569 934 2672 ite}
974 2589 1019 2651 ut
1048 2579 1193 2674 singula
1226 2588 1266 2650 et
1295 2581 1373 2662 conl

72 2701 85 2718 “
151 2680 261 2754 traria
282 2701 310 2760 o
331 2677 673 2781 praestantissimis
697 2679 793 2752 ciris
814 2689 851 2754 et
870 2678 1090 2775 excogitato
1115 2673 1315 2752 subtiliter
1349 2667 1373 2758 el

150 2777 258 2854 dicto
282 2779 459 2876 graviter
484 2773 788 2868 iicdennuntcris,
815 2775 944 2851 iisdem
969 2777 1180 2852 rationibus
1197 2789 1373 2879 persequi

151 2881 330 2978 quivisset
358 2873 669 2951 servoto'ordinc
694 2873 992 2980 disputationis?
1026 2879 1118 2992 (cap.
1152 2875 1198 2964 l.)
1237 2879 1373 2970 Quem

151 2977 355 3052 admodum
371 2979 494 3073 itaque
510 2977 645 3066 omnia,
670 2979 776 3052 itaet
798 2975 880 3048 illa:
907 3001 1000 3074 quoe
1025 2977 1166 3052 toneris
1184 2971 1355 3051 admodo

150 3076 280 3154 oatdiot'
304 3089 342 3150 et
365 3099 438 3150 non
462 3077 625 3174 ingenio,
651 3073 720 3148 ced
741 3077 914 3150 memorio
931 3101 978 3150 cc
1002 3073 1268 3150 recordatione

151 3193 220 3270 eat,
246 3177 397 3250 ethaeo
423 3175 575 3273 quidem
601 3179 729 3248 veniae
753 3177 935 3250 lectorum
967 3177 1220 3272 impetrandae
1257 3155 1373 3278 causi

149 3279 323 3350 videntur
347 3301 427 3348 esse
451 3275 545 3348 ficta.
597 3277 742 3348 Eodem
773 3276 965 3349 retulerim
999 3277 1152 3348 nentina
1168 3293 1373 3372 moresqiq

150 3379 245 3474 Apri
286 3387 323 3449 et
355 3375 523 3466 Materni,
572 3399 731 3472 quorum
773 3387 869 3458 certe
906 3401 982 3448 non
1024 3375 1114 3447 alibi
1145 3375 1188 3448 fit
1220 3371 1373 3452 mentid

151 3477 256 3559 Quae
297 3500 415 3573 quum
447 3477 499 3548 ita
543 3471 636 3566 sint,
686 3475 820 3550 frustra
854 3500 875 3548 a
908 3476 1037 3548 multis
1071 3485 1298 3571 consumpta
1337 3459 1373 3560 el

150 3601 271 3674 opera,
297 3587 339 3650 ut
364 3577 609 3671 anquirerent,
634 3585 762 3647 utrum
787 3575 853 3648 illa
877 3577 1057 3674 temporis
1074 3575 1283 3670 designatio
1306 3591 1373 3676 cap

499 3757 502 3768 ¹
1372 3751 1373 3778 l

148 3815 249 3861 omnes
273 3813 329 3852 nos
345 3798 448 3852 latine
470 3805 502 3852 et
526 3797 731 3875 intelligebant
757 3803 787 3852 et
810 3795 1016 3868 loquebantur.
1035 3828 1070 3842 -
1107 3798 1199 3852 lllulta
1223 3797 1255 3850 in
1275 3795 1373 3858 Tacit

150 3887 224 3924 nova
243 3869 308 3924 istis
332 3869 481 3936 ridentur,
504 3887 578 3940 quae
605 3888 641 3924 cx
668 3869 774 3924 ultima
797 3869 972 3940 antiquitate
1000 3869 1127 3940 repetita
1151 3877 1220 3924 sunt
1245 3867 1373 3942 qaiaeqi

147 3941 225 4014 apud
250 3940 398 4006 Catonem,
421 3941 592 4007 Varronem,
617 3939 801 4005 Sallustium,
825 3940 966 4010 quaedam
995 3941 1084 3994 etiarn
1108 3941 1186 4012 apud
1204 3938 1373 3997 cicerone<

149 4015 245 4086 ipsum
257 4012 409 4090 leguntur,
427 4011 566 4082 qudam
581 4015 715 4066 temesis
730 4019 844 4074 novata,
864 4011 968 4066 sedita
985 4018 1019 4063 ut
1039 4011 1204 4088 elegantius
1223 4029 1287 4066 non
1300 4009 1373 4090 P⁰²l

148 4087 237 4152 erint,
258 4084 397 4170 quaedam
416 4091 505 4154 parce
522 4101 559 4138 ex
577 4083 689 4168 Graeco
707 4086 789 4172 fpnte
807 4081 930 4169 detorta,
956 4081 1060 4153 quibus
1078 4084 1173 4138 oratio
1198 4083 1301 4154 ipsius
1328 4096 1373 4160 ttq

147 4155 595 4299 iilrillifflsirsss
608 4153 1271 4298 tittttnttttttmbittit:
1299 4153 1373 4300 {il

148 4300 213 4354 dam
231 4301 266 4354 ab
284 4301 348 4370 ipso
367 4315 448 4354 cusas
468 4308 498 4353 et
513 4307 635 4354 nonus
654 4299 791 4356 notant.“
810 4316 813 4324 ·
835 4293 881 4352 Of.
900 4306 969 4352 nota
988 4299 1031 4356 2⁰.
1372 4289 1373 4352 l
