2774 4784
220 235 282 298 DE
303 234 417 298 ARTE
439 233 672 300 annuatur.
716 237 745 320 §.
767 236 858 305 XXI.
881 239 989 306 XXII.
1109 239 1221 322 lm

20 406 257 496 quaesiverunt
275 401 278 408 ’
295 405 437 478 nodum
474 407 520 476 ab
562 406 643 478 aliis
679 408 755 478 iam
793 412 890 481 varie
932 411 1144 505 expeditum
1164 417 1219 486 'at

19 505 123 574 omnia
144 507 297 599 ingenio
322 506 477 578 Materni
501 508 879 580 accommodatissima
912 519 1009 582 sunt.
1050 509 1106 582 Cf.
1133 523 1219 585 nota

20 601 62 673 to.
85 613 119 674 et
142 603 221 676 Th.
248 605 307 675 Fr.
335 603 558 676 Strodtbecii
582 605 705 701 Progr.
742 629 810 702 quo
836 606 1046 682 ostenditur
1070 607 1219 684 Mater-

17 702 106 772 rirue
132 726 324 804 personae
358 703 396 775 in
429 699 584 799 dialogo
616 701 663 777 de
696 705 911 778 oratoribus
942 707 1071 782 obviae
1095 708 1219 786 cuitus

18 800 159 874 ironicus
187 803 440 874 Heilbronnae
468 801 573 878 1831.
602 804 635 877 4.
686 805 759 876 Hic
783 806 970 899 ingeniose
1004 811 1219 904 suspicatur,

17 902 120 971 aarum
151 903 246 972 inde
282 925 405 997 acap.
432 900 494 975 36.
526 903 719 982 tribuenda
751 929 830 975 esse
864 907 1028 978 Materno
1060 933 1219 1005 emaque

19 1023 73 1068 non
95 1002 193 1072 serio
221 1001 394 1096 pleraque
420 1002 566 1090 dixisse,
600 1003 663 1074 sed
690 1011 868 1103 εἰρωνικῶς
892 1006 1072 1078 obtexisse
1105 1011 1221 1080 animi

18 1123 100 1170 susa
123 1111 163 1172 et
189 1126 219 1172 c.
248 1100 306 1174 39.
334 1100 477 1194 singula
501 1107 727 1176 extenuasse.
778 1104 885 1176 Idem
917 1105 963 1176 de
996 1108 1119 1178 verbis
1141 1109 1221 1182 sine

17 1201 182 1272 seruitute
207 1225 284 1296 cap.
312 1200 372 1289 40,
398 1223 490 1295 quae
514 1201 677 1272 multum
703 1204 841 1296 negotii
875 1202 1135 1278 facessiverunt
1165 1209 1220 1278 in·

17 1301 234 1392 terpretibuS,
260 1301 347 1370 scite
372 1299 509 1370 iudicat
534 1301 661 1371 etita:
686 1303 915 1392 „Maternus,
942 1302 1125 1376 disserens
1139 1329 1220 1399 par-

16 1399 85 1468 inde
107 1425 148 1470 ac
178 1399 275 1469 siin
301 1399 392 1469 vitio
417 1409 511 1470 esset
535 1423 661 1470 vacare
684 1403 872 1490 servitute,
901 1425 985 1472 vere
1011 1402 1135 1474 illudit
1159 1406 1221 1476 ad.

16 1501 171 1588 i‘ersario,
196 1499 303 1568 cuius
328 1521 538 1570 sermonem
569 1499 744 1588 imitatur,
776 1501 914 1595 quippe
945 1525 1057 1596 quem
1087 1503 1221 1576 servile

17 1621 108 1667 snum
137 1599 335 1692 ingenium
366 1619 452 1668 cum
485 1597 639 1670 ridicida
673 1599 831 1693 quadam
871 1599 1136 1694 pinguetudine
1171 1603 1224 1676 ci·¹

16 1696 134 1768 [annm
162 1697 318 1767 inducit.
327 1691 352 1732 “
528 1697 529 1700 ’

95 1800 133 1891 ξ.
164 1796 292 1868 XXII.
344 1795 498 1866 Materia
523 1819 739 1868 sermonum
773 1798 852 1869 sive
883 1812 1144 1893 argumentum
1178 1801 1222 1874 li·

16 1895 85 1966 belli
111 1897 213 1966 varie
240 1905 275 1966 et
301 1893 473 1966 definitur
497 1920 519 1965 a
542 1897 632 1966 viris
658 1895 775 1968 doctis
800 1907 837 1968 et
860 1899 900 1970 in
919 1901 1222 1994 inscriptionibus

17 1997 222 2090 designatur.
281 1995 426 2065 Harum
461 1996 736 2089 antiquissimae
775 2007 860 2066 sunt
890 1999 931 2068 in
960 1999 1069 2072 MSS.
1104 2001 1221 2073 Vatic.

16 2109 43 2166 et
64 2097 210 2168 Fames.
238 2090 416 2168 dicineus
441 2089 487 2165 de
514 2092 728 2166 oratoribus
753 2095 854 2165 etin
879 2097 936 2166 ed.
963 2095 1060 2193 Spir.
1088 2109 1124 2170 et
1153 2101 1222 2172 Mi-

17 2196 84 2290 1111.
118 2191 299 2290 dialogus
330 2148 376 2265 de
411 2191 626 2266 oratoribus
658 2191 798 2276 clariss
840 2195 905 2266 sed
939 2206 1090 2294 utraque
1116 2222 1223 2293 repu-

15 2298 136 2367 dianda
161 2305 229 2384 est,
257 2294 433 2388 quoniam
458 2315 533 2363 non
559 2315 687 2363 omnes
712 2315 827 2386 paene
859 2297 1029 2366 omnium
1064 2307 1222 2368 aetatum

17 2407 162 2468 aratores
188 2403 226 2464 et
252 2392 383 2464 Graeci
409 2402 445 2463 et
468 2392 637 2480 Romani,
677 2401 763 2462 uta
789 2390 965 2465 Cicerone
990 2397 1030 2466 in
1054 2393 1150 2467 libro
1177 2396 1223 2470 de

15 2495 109 2564 claris
134 2493 351 2583 oratoribus,
378 2493 438 2562 cui
462 2490 526 2561 ille
552 2491 702 2562 titulum
729 2487 849 2564 Bruti
873 2494 985 2583 dedit,
1019 2497 1083 2566 sed
1116 2498 1224 2591 pauci

16 2605 145 2665 unnim
170 2616 239 2664 nec
264 2592 335 2662 nisi
361 2615 436 2686 cap.
468 2589 512 2664 15
531 2633 582 2644 -
602 2591 660 2666 25.
696 2615 814 2686 neque
849 2590 920 2662 alio
954 2593 1107 2665 consilio
1141 2615 1223 2691 per-

14 2704 209 2783 censeatur,
234 2715 346 2786 quam
372 2701 414 2761 ut
439 2690 620 2779 doceatur,
646 2689 715 2760 hos
740 2691 956 2786 neutiquam
981 2718 1001 2764 a
1029 2695 1126 2766 vitiis
1151 2698 1222 2766 im·

16 2817 135 2864 numes
160 2793 282 2863 fnisse.
333 2789 449 2883 Magis
476 2788 628 2884 quadrat
650 2790 842 2884 inscriptio
867 2792 908 2862 in
934 2791 1013 2864 MS.
1031 2793 1222 2865 Vindobo-

16 2896 111 2964 nensi
135 2893 212 2962 sive
237 2887 412 2961 Sambuci
437 2884 613 2984 dialogus
639 2883 685 2960 de
711 2887 926 2962 oratoribus
953 2891 1030 2964 suia
1055 2893 1220 2981 (fortasse

16 3103 76 3147 sunt
104 3093 186 3147 haec:
223 3093 410 3160 „Maternum
441 3107 499 3144 nun
527 3092 596 3144 satis
624 3091 680 3144 sibi
705 3101 835 3148 constare
860 3093 916 3146 iam
947 3093 1062 3147 monuit
1085 3093 1223 3171 bangius.

14 3167 65 3219 ilie
83 3167 220 3218 nimirum
246 3181 308 3234 cap.
327 3167 370 3220 ro.
391 3163 422 3216 in
439 3162 519 3215 hunc
536 3163 655 3216 modurn
674 3163 819 3234 loquitur=
840 3165 950 3230 Magna
967 3165 1020 3218 itia
1044 3171 1069 3217 et
1093 3165 1226 3218 notabitis

14 3237 156 3306 eloquentia
173 3239 279 3289 stanna
298 3233 437 3300 licentiae,
455 3249 530 3302 quarn
547 3235 627 3286 atriti
646 3235 848 3288 libertatem
866 3243 972 3301 raccant,
1001 3251 1085 3288 corner
1107 3237 1226 3290 reditio-

17 3327 78 3372 rm,
104 3309 225 3376 effrenati
248 3307 342 3374 popuii
364 3305 568 3368 incitamentum,
595 3306 653 3357 cine
671 3306 804 3374 obsequio,
831 3307 890 3359 sine
907 3309 1044 3370 seruitm,
1073 3315 1224 3372 contuntur,

18 3381 159 3444 tartaria,
182 3391 328 3444 arragone,
361 3376 479 3445 quaein
507 3377 570 3428 tene
596 3377 750 3430 constitutis
774 3377 931 3431 ciuitatibus
955 3395 1005 3431 non
1030 3381 1125 3432 onear.
1163 3377 1224 3445 Quo

19 3453 97 3504 medo
112 3450 160 3504 hic
178 3466 274 3504 sermo
293 3449 429 3502 convenit
443 3449 582 3514 Materno,
601 3449 653 3518 qui
669 3451 747 3502 sarna
764 3449 913 3504 ferebatur
925 3451 1121 3522 potentiorum
1140 3467 1224 3504 aures

19 3523 131 3574 hier-ins
146 3521 290 3592 loquendo
309 3519 463 3573 offendisse
482 3517 519 3584 (c.
538 3521 579 3586 2.)
608 3527 638 3573 et
661 3527 759 3574 tamen
786 3523 969 3576 securitatem
998 3539 1077 3575 suam
1096 3537 1155 3575 non
1174 3539 1225 3574 cu-

20 3611 79 3646 rans
98 3595 245 3666 respondet
268 3607 293 3644 c.
313 3593 339 3647 3.
380 3591 464 3657 Leges
487 3589 552 3658 quid
566 3589 709 3644 Maternus
732 3592 786 3644 ribi
808 3594 928 3645 debuerit
952 3599 978 3645 et
1002 3607 1135 3658 agnosces
1158 3609 1226 3662 quae

21 3667 131 3718 audisti.-
147 3665 240 3732 madri
259 3679 311 3731 qna
329 3662 416 3715 omisit
437 3661 517 3724 Cato,
534 3663 656 3732 sequenti
673 3663 833 3716 recitatione
855 3663 983 3733 Thyestes
1000 3663 1091 3717 dicet!
1125 3663 1224 3718 Facile

23 3736 125 3804 quidem
140 3737 191 3790 hic
216 3737 308 3789 nodus
325 3733 553 3805 praecideretur,
579 3734 603 3785 ri
622 3731 689 3785 cuin
707 3734 895 3789 Woltmanno
921 3733 1086 3801 contendas,
1114 3751 1224 3790 sermo·

22 3827 83 3858 ann
99 3809 175 3862 illum
193 3825 253 3862 non
272 3824 331 3862 esse
350 3805 482 3870 Materni,
502 3805 552 3859 sed
569 3805 713 3870 Messalae,
732 3807 819 3860 initio
838 3825 898 3878 cap.
919 3811 963 3863 rt.
988 3807 1142 3884 legendum
1162 3823 1223 3860 esse

24 3879 275 3934 fidortMessaia.
306 3879 369 3932 Tun
388 3877 541 3941 Maternus,
560 3876 647 3929 verba
705 3893 779 3947 oque
796 3880 885 3946 poetis
903 3886 932 3934 et
949 3878 1113 3946 antiquariis
1129 3886 1224 3931 trans·

24 3953 229 4018 mmmmm
281 3947 1224 4017 &immemmmihommcwwmimmmm

25 4023 138 4090 ridetur,
153 4043 240 4094 quum
258 4023 339 4094 Aper
358 4037 381 4075 c.
403 4017 547 4076 radicat:
567 4019 759 4081 Nouaesium,
788 4022 921 4085 Messala,
953 4027 1045 4074 cetera
1069 4027 1169 4073 tantum
1196 4023 1223 4071 et

27 4097 123 4160 reipsa
137 4095 240 4155 mirari,
258 4099 406 4146 nostrorum
424 4097 509 4142 autem
527 4097 667 4157 temporum
691 4091 783 4143 studia
806 4093 922 4146 irridere
949 4099 1027 4158 atque
1051 4099 1221 4149 contemnere,

32 4165 185 4221 Mirantem
204 4167 256 4220 ille
275 4172 377 4218 orator
394 4162 491 4228 sentit,
511 4162 568 4216 alia
587 4161 733 4232 loquitur:
765 4172 880 4228 accusat
904 4163 1101 4239 arrogantiam
1128 4169 1158 4216 et
1181 4168 1223 4214 te-

26 4237 172 4294 meritatem
190 4239 291 4293 aetatis
310 4235 455 4304 antiquae,
473 4232 570 4288 laudat
587 4233 812 4290 moderationem
833 4243 861 4290 et
880 4236 1008 4304 quietem
1028 4251 1093 4286 suae
1111 4231 1222 4286 aetatis.
1249 4279 1266 4288 ,.

29 4305 115 4376 iturae
129 4309 312 4366 Woitmanni
331 4305 484 4362 arbitraria
501 4305 658 4361 verborum
677 4311 799 4362 mutatio
818 4307 926 4360 nodam
944 4319 1002 4360 non
1024 4301 1171 4374 expedit.“

70 4398 120 4464 οη.
139 4402 199 4456 rac.
227 4403 258 4458 Τ.
278 4400 302 4454 1.
974 4377 998 4436 F
