2872 4792
173 209 234 276 158
574 205 819 272 ANNALIUM
850 207 933 271 LlB.
956 205 998 272 11.

91 427 98 445 ,
174 374 251 428 idem
264 374 412 429 eumalio
430 373 679 446 petentem31ira.
700 407 732 418 -
751 373 951 440 cohibebantur,
969 374 1000 427 ni
1019 401 1051 414 ·-
1070 375 1233 442 11Ιί1111111,
1259 395 1286 428 v.
1304 375 1374 440 adl,

172 448 218 514 35,
236 449 263 503 3.
283 447 465 515 -proetiun,
481 463 541 502 nou
558 455 704 502 certamen
723 445 888 524 singulas-ej
907 445 1028 503 Freineh.
1050 477 1082 490 -
1100 453 1130 500 ut
1147 446 1202 516 qui,
1220 466 1248 501 e.
1266 447 1325 501 lnd.
1343 449 1374 502 ll.

543 655 546 660 -
626 616 820 673 CAPUT
875 617 937 674 Xl.

255 725 395 794 Postero
417 693 471 788 did
485 724 729 790 Germanorum
750 729 838 789 acies
859 739 952 789 trans
964 727 1139 816 Visurgim
1161 731 1264 790 stetit.
1303 725 1377 789 'Cae-

175 829 240 888 sur,
262 811 326 870 nisi
347 811 503 890 pontibus
526 809 766 892 praesidiisque
787 812 951 892 impositis
980 811 1061 874 dare
1089 815 1124 872 in
1145 811 1320 873 discrimen
1339 813 1377 872 le-

175 895 288 1037 giones
309 891 399 954 haud
421 895 676 976 imperatorium
698 901 802 972 ratus,
825 895 967 976 eqditeni
988 894 1073 956 vado
1089 896 1256 956 tramittit.
1291 893 1377 956 Prae·

188 995 268 1038 uera
289 974 472 1038 Stertinius
495 983 528 1037 et
549 996 567 1038 e
590 995 729 1038 numero
751 977 1010 1060 primipilarium
1032 977 1208 1056 Aemilius,
1241 975 1379 1039 distanti-

174 1059 235 1124 bus
258 1059 338 1122 locis
359 1059 496 1136 invecti,
516 1067 556 1120 ut
576 1057 704 1120 hostem
727 1056 933 1128 diducerent.
979 1061 1051 1125 Qua
1065 1062 1261 1123 celerrimus
1274 1063 1378 1138 amuis,

176 1139 398 1204 Chariovalda
440 1141 506 1202 dux
538 1141 740 1206 Batavorum
779 1144 902 1227 erupit.
953 1143 1035 1204 Eum
1069 1142 1246 1221 Cherusci,
1280 1147 1311 1206 iu
1335 1164 1379 1204 am

109 1258 117 1268 ³
175 1227 380 1304 simulantes,
417 1226 451 1285 iu
480 1225 649 1308 planitiem
680 1225 819 1287 saltibus
848 1227 1094 1288 circumiectam
1128 1239 1278 1289 traxere:
1312 1165 1378 1289 dein

175 1311 285 1370 coorti
316 1317 349 1370 et
377 1307 525 1390 undique
555 1311 651 1370 effusi
678 1307 821 1370 trudunt
849 1307 1017 1383 adversos,
1045 1313 1171 1372 instant
1199 1309 1378 1372 cedentibus

176 1393 393 1472 collectosque
420 1394 454 1452 in
484 1391 599 1452 orbem
621 1411 698 1474 pars
726 1396 907 1476 congressi,
937 1391 1071 1474 qnidam
1099 1395 1227 1454 eminus
1255 1403 1379 1476 protur-

175 1475 265 1537 bant.
308 1473 543 1551 Chariovalda,
575 1476 634 1536 din
661 1475 844 1536 sustentata
875 1475 1021 1538 hostium
1056 1478 1203 1553 saevitia,
1239 1475 1379 1538 hortatus

175 1577 264 1634 suos,
298 1566 337 1618 ut
366 1559 559 1644 ingruentes
583 1565 739 1619 catervas
765 1559 866 1657 globo
894 1562 1098 1648 frangerent,
1131 1569 1232 1641 atque
1258 1562 1379 1642 ipsein

175 1639 387 1704 densissimos
415 1643 604 1724 irrumpens
633 1647 798 1726 congestis
826 1641 902 1704 telis
929 1651 963 1704 et
991 1645 1130 1704 suffosso
1161 1663 1245 1725 equo
1267 1643 1380 1704 labitur

175 1743 214 1786 ac
235 1723 331 1784 multi
353 1723 516 1784 nobilium
538 1726 644 1784 circa:
673 1731 802 1786 ceteros
824 1727 874 1785 vis
896 1745 954 1788 sna
976 1735 1034 1788 aut
1055 1729 1180 1808 equites
1202 1745 1278 1788 cum
1299 1725 1380 1790 Ster-

176 1809 261 1868 tinio
283 1805 489 1889 Aemilioque
510 1807 743 1868 subvenientes
772 1807 923 1890 periculo
950 1821 1112 1871 exentera.

139 1961 144 1972 ·
246 1929 271 1980 1.
291 1925 479 1979 Germanorum
497 1924 572 1976 acies
589 1931 667 1976 trane
688 1923 829 1990 Visurgim
846 1925 933 1992 stetit,
951 1927 987 1982 ad
1003 1927 1136 1981 dextram
1155 1930 1216 1982 eius
1234 1927 1336 1998 ripam,
1353 1935 1381 1978 nt

175 1996 371 2051 Rornanorum
389 1996 425 2050 ad
444 1996 593 2050 sinistram
611 2003 641 2064 et
660 1995 878 2052 occidentalem.
899 2031 931 2041 -
953 1999 1060 2052 Caesar
1077 1999 1134 2052 nisi
1149 1999 1277 2066 pontibus
1299 1999 1334 2065 (v.
1352 1997 1381 2050 nd

176 2062 236 2140 cip·
255 2071 281 2124 8.
301 2087 329 2122 n·
349 2066 501 2134 2·),iaetis
521 2067 555 2123 in*
573 2067 696 2122 flumine
713 2069 911 2138 praesidiisque
938 2071 976 2138 (v.
991 2069 1053 2124 lud.
1068 2069 1126 2132 il.)'
1138 2069 1272 2137 impositis
1293 2087 1328 2122 sc.
1340 2069 1381 2123 bie

107 2137 110 2146 ’
175 2139 321 2211 pontibus.
347 2137 600 2206 01112212
623 2167 655 2178 -
673 2139 748 2194 hand
765 2141 962 2206 imperatorium
980 2149 1065 2207 ratus,
1091 2141 1267 2214 imperatori
1289 2157 1381 2195 cunra-

175 2214 276 2278 niens3
294 2211 361 2267 arn.
379 2205 557 2284 ἡγεμονικόν,
575 2210 764 2282 arpaeqycuin.
785 2211 890 2264 Walth.
910 2211 959 2267 Sic
977 2213 1123 2285 oratorium
1142 2231 1186 2285 ap.
1203 2211 1265 2266 (iic.
1281 2213 1316 2268 11
1331 2213 1381 2288 leg.

175 2289 202 2350 1,
215 2287 241 2340 2.
261 2315 293 2326 -
303 2282 374 2334 oudo
391 2283 529 2348 tramittit,
548 2291 582 2341 ut
599 2301 643 2354 ap.
655 2281 723 2337 Sall.
743 2286 788 2336 ira
841 2283 927 2337 ,hist
942 2288 968 2341 2.
988 2301 1051 2338 -e
1067 2283 1383 2352 nuneraprinipilariuu

84 2396 87 2415 .
176 2373 215 2410 se.
234 2353 446 2408 centurionum.
481 2355 685 2422 prinitliariun
703 2354 760 2408 MS.
837 2356 975 2424 nipituris
993 2375 1014 2409 s.
1031 2355 1225 2425 prinopitarie,
1241 2357 1383 2424 prinsipilu-

174 2429 242 2490 rins,
263 2425 419 2494 primipilus
443 2427 622 2498 (πριμοπίλος
639 2444 683 2498 ap.
708 2426 830 2499 Dionys.
858 2429 905 2480 11.
930 2431 1038 2500 pilii.
1065 2437 1094 2482 et
1121 2427 1212 2495 Suid.)
1240 2437 1270 2482 et
1294 2429 1384 2496 priam

173 2498 256 2566 pilus,
287 2494 317 2550 h.
332 2515 355 2551 1.
380 2498 472 2568 primi
495 2499 554 2582 pili
579 2517 600 2552 s.
628 2497 738 2556 ordinis
763 2501 908 2566 centurio,
934 2499 979 2566 (ut
998 2503 1023 2564 l,
1043 2499 1099 2562 23.)
1132 2502 1237 2568 prinus
1263 2501 1383 2560 centurio,

175 2587 248 2640 quem
265 2583 333 2620 nunc
350 2567 499 2636 primipilo
517 2571 719 2624 centurionem
737 2573 876 2638 appeliant
895 2572 958 2624 Liv.
979 2575 1005 2637 7,
1024 2575 1067 2628 11.
1092 2569 1197 2627 damon
1219 2572 1311 2644 primi
1334 2571 1383 2644 pili

176 2659 198 2696 ι.
217 2639 330 2694 ordinis
347 2637 525 2710 pilauorum,
550 2642 732 2707 triariorum,
750 2643 871 2707 insignis
889 2643 1008 2695 centum
1033 2649 1059 2708 t,
1086 2644 1129 2698 73.
1161 2660 1227 2696 nam
1248 2643 1310 2696 eius
1328 2661 1383 2695 mu·

175 2729 230 2766 nus
249 2727 309 2765 non
327 2710 413 2764 modo
432 2719 637 2780 quaestuosum
656 2721 728 2778 erat,
748 2713 798 2766 sed
816 2714 904 2767 etiam
921 2713 1116 2767 honorificum
1134 2723 1163 2768 et
1180 2714 1288 2791 gradus
1307 2731 1384 2786 eque·

176 2783 262 2838 stris:
289 2781 365 2836 uude
384 2781 536 2837 ambitiose
554 2785 690 2853 petitum,
709 2783 808 2837 veleb
828 2785 899 2856 ipsis
918 2785 1044 2838 tribunis
1062 2785 1202 2852 militum,
1232 2786 1310 2858 quad
1327 2787 1384 2863 lege

174 2853 311 2909 vetitum.
338 2851 381 2906 cf.
401 2853 437 2906 ad
456 2857 498 2920 12,
518 2859 543 2920 7,
564 2859 590 2910 1.
609 2859 653 2920 13,
674 2856 717 2909 36.
737 2855 772 2907 11.
793 2861 819 2922 1,
839 2859 882 2913 87.
903 2859 928 2922 1,
948 2856 1074 2913 111111.
1094 2861 1121 2924 7,
1141 2862 1184 2914 11.
1204 2857 1383 2920 1111111111,

176 2929 236 2982 137.
274 2923 461 2978 obtinebatur
478 2932 575 2979 autem
592 2943 648 2998 per
664 2927 771 3003 gradus
790 2936 821 2980 et
839 2927 972 2982 ordines:
1005 2945 1072 2981 nam
1097 2929 1128 2981 iu
1153 2930 1257 3000 quavis
1277 2929 1385 3016 legione

176 2997 317 3052 erantLX
331 2996 447 3050 ordines
461 3016 482 3051 s.
497 2999 657 3065 centuriae,
677 2997 737 3062 (XX
747 2996 938 3066 hastatorum,
957 3000 1006 3052 XX
1015 3001 1193 3071 principum,
1212 3000 1262 3054 XX
1275 3002 1385 3055 truria·

174 3069 254 3136 rum)
272 3067 452 3139 totidemque
471 3070 667 3136 centuriones,
686 3085 812 3140 quarum
830 3069 948 3124 infimus
967 3080 1030 3124 erat
1049 3072 1165 3126 decimus
1182 3071 1383 3126 1111111111.

175 3137 367 3206 hastatorum,
398 3139 510 3194 medius
535 3144 598 3196 iere
620 3142 746 3209 princeps
768 3143 869 3208 primus
894 3161 915 3194 s.
933 3142 1013 3208 prior
1032 3144 1162 3209 centurio,
1189 3144 1265 3209 (Liv.
1285 3145 1385 3210 2111.

153 3273 156 3280 ι
176 3211 255 3264 Caes.
275 3213 305 3265 B.
326 3210 357 3264 C·
377 3213 404 3279 3,
424 3212 480 3278 ot.)
500 3231 628 3266 summus
646 3213 833 3280 primipilaris.
859 3213 901 3267 Ab
920 3211 976 3267 hoc
995 3214 1082 3268 etiam
1102 3214 1199 3284 aquila
1217 3215 1327 3292 gestari
1347 3229 1385 3266 so·

176 3281 261 3349 lebat,
282 3281 384 3336 saltem
404 3281 555 3336 custodiri.
576 3284 620 3338 Gi.
640 3285 676 3337 11.
695 3288 722 3352 3,
741 3287 785 3341 22.
805 3287 845 3339 Ve
869 3293 905 3339 11.
924 3288 952 3350 2,
972 3288 997 3341 8.
1017 3285 1147 3338 11111111.
1168 3289 1212 3352 11,
1235 3289 1298 3344 137.
1316 3285 1384 3337 Plin.

120 3355 127 3360 “
176 3359 222 3419 lt,
243 3359 267 3407 l.
287 3351 366 3408 Suet.
387 3351 447 3406 cal.
466 3359 510 3410 11.
529 3354 585 3408 Dio
603 3358 648 3422 51,
668 3359 712 3411 25.
731 3359 777 3423 55,
795 3359 839 3412 23.
885 3357 937 3427 ips.
957 3356 993 3410 de
1016 3357 1080 3410 mil.
1104 3357 1233 3424 111112,
1259 3361 1287 3415 8.
1313 3357 1385 3410 Cart.

167 3423 212 3485 ..a
230 3423 300 3478 Sall.
319 3425 382 3501 lug·
402 3427 446 3480 38.
465 3425 595 3480 Fabretti
613 3425 698 3497 Syut.
717 3427 753 3480 ad
772 3427 827 3480 col.
847 3427 925 3481 Trai.
952 3446 977 3481 c.
997 3433 1021 3482 7.
1048 3445 1077 3498 p·
1097 3433 1149 3485 188
1169 3448 1182 3483 s
1204 3466 1211 3479 ·
1239 3462 1273 3472 -
1300 3436 1328 3482 ut
1345 3427 1386 3478 lta·

175 3503 241 3550 etern
264 3497 431 3558 diducet-ent,
462 3516 490 3550 v.
516 3497 553 3551 ad
578 3503 603 3564 Ι,
629 3501 674 3564 32,
692 3501 718 3554 2.
751 3499 823 3554 Male
850 3501 1007 3552 deducerent
1032 3495 1089 3552 ns.
1117 3447 1227 3554 11111
1246 3509 1306 3554 vet.
1326 3507 1387 3552 ante

175 3565 254 3638 [ripe.
281 3600 311 3612 -
334 3569 391 3623 Qua
409 3575 493 3637 parte
513 3577 583 3622 erat.
604 3600 636 3612 -
657 3568 843 3623 Chariovalda
860 3570 967 3642 scripsi
984 3587 1039 3641 pro
1058 3571 1235 3626 Curioautda.
1262 3590 1291 3624 v.
1311 3571 1346 3624 ad
1361 3573 1386 3634 2,

174 3641 247 3702 3,1.
285 3671 318 3682 -
336 3639 510 3700 Batauorum,
529 3639 728 3708 auxiliarium,
753 3643 907 3700 sociorum.
927 3659 954 3697 r·
975 3659 1035 3714 cap·
1054 3645 1081 3700 8.
1119 3675 1151 3688 -
1178 3642 1268 3710 erupit
1292 3660 1330 3698 sc.
1355 3657 1387 3695 ex

174 3725 271 3775 amne,
291 3728 378 3782 quem
398 3709 470 3764 vado
488 3712 662 3779 transierat,
681 3714 747 3769 Era.

241 3799 271 3856 '2
297 3799 435 3866 planitiem
457 3801 576 3854 saltibus
602 3802 797 3870 circumiectam
820 3819 899 3858 nova
920 3797 1042 3870 dictum,
1068 3819 1127 3856 non
1151 3823 1224 3876 quae
1250 3803 1388 3858 ambiebat

175 3869 276 3936 saltus,
297 3871 347 3925 sed
365 3889 451 3944 (1111111
470 3873 561 3926 saltus
580 3873 748 3951 cingebant,
768 3875 832 3930 ΕΜ.
853 3903 885 3917 -—
905 3877 1032 3927 collectae
1049 3873 1079 3926 in
1096 3875 1192 3943 orbem,
1211 3885 1245 3929 nt
1262 3895 1308 3947 ap.
1328 3877 1386 3928 bie.

173 3941 204 4006 2,
222 3943 266 3997 51).
285 3945 313 4010 1,
332 3946 377 3999 28.
397 3947 440 4000 33.
459 3945 504 4010 21,
523 3945 567 4000 56.
586 3947 632 4012 22,
651 3949 695 4002 23.
713 3949 758 4011 28,
777 3949 820 4002 22.
845 3946 977 4012 colligere
1004 3954 1034 4001 et
1051 3947 1158 3999 oolam
1182 3949 1278 4010 orbem,
1302 3947 1331 3999 in
1349 3961 1389 3997 ar·

175 4013 232 4065 ben
247 4029 373 4080 pugnare
391 4024 421 4069 11
438 4031 468 4068 se
486 4015 582 4082 tutari,
600 4019 680 4070 facto
698 4017 767 4071 orbe
786 4025 816 4071 11
833 4019 932 4072 fronte
956 4018 988 4070 in
1012 4033 1112 4071 omnes
1136 4027 1236 4090 partes
1258 4017 1388 4072 hostibus

175 4083 301 4140 obversa.
329 4086 373 4140 Gi.
393 4086 430 4141 ad
447 4087 483 4142 G.
502 4091 528 4144 s.
547 4105 577 4138 n.
597 4091 639 4144 13.
660 4121 693 4132 -
710 4105 777 4156 pars
794 4089 946 4154 congressi,
965 4091 1003 4142 ct.
1023 4089 1060 4142 ad
1077 4091 1112 4142 11.
1132 4093 1159 4156 2,
1177 4094 1223 4156 22,
1242 4093 1266 4146 5.
1296 4121 1329 4132 -
1346 4089 1388 4140 io

175 4156 253 4208 ttiurn
270 4158 398 4222 saeuitia,
417 4177 445 4212 v.
465 4159 502 4212 ad
520 4163 546 4224 l,
566 4161 611 4224 57,
632 4165 656 4212 l.
676 4191 709 4204 -
729 4161 892 4226 frangerent
910 4159 973 4215 edd.
992 4161 1071 4232 lips.
1091 4159 1170 4214 Pich.
1191 4171 1221 4216 et
1238 4179 1297 4214 rec.
1322 4161 1388 4225 frin-

99 4290 103 4302 .
174 4234 271 4290 gerent
288 4227 345 4281 MS.
365 4239 394 4284 et
412 4229 475 4284 edd.
495 4238 554 4283 vet.
573 4231 729 4294 fringerent
745 4239 824 4299 atque
839 4232 911 4298 ipsis
928 4232 1100 4284 densissimos
1117 4231 1174 4286 1118.
1184 4240 1310 4286 cateruae
1326 4233 1388 4295 glo·

176 4297 209 4348 bo
226 4298 398 4367 frangerent,
417 4317 484 4356 cum
501 4301 590 4356 densa
607 4309 638 4356 et
656 4311 789 4358 conserta
806 4303 937 4360 militum
952 4301 1145 4360 multitudine
1162 4305 1388 4382 perfungerent,
