2872 4792
189 207 251 274 1911
579 197 823 304 ANNALIIJM
854 197 937 264 LlB.
969 197 1011 264 11.

188 364 249 439 ιιι,
268 369 347 428 amr.
365 363 561 439 carasseon·
576 348 641 425 saa.
659 367 738 440 asp..
774 365 832 422 sse
857 333 1066 436 campumt
1089 365 1147 423 us.
1166 373 1197 420 a
1209 365 1277 422 era.
1298 367 1353 422 m.
1374 399 1405 409 -
1430 393 1431 402 .

187 459 247 507 aaa,
264 445 352 508 iusta,
369 439 471 510 spatia,
488 441 632 494 mensium
642 439 823 512 dierumque,
841 439 1007 492 exercendae
1024 437 1226 494 00011ἑά010ηο
1243 438 1407 504 industriae,

187 514 319 587 petendis
336 511 505 577 honoribus,
524 512 596 567 olim
615 511 728 588 legibus
745 511 875 568 delinita.

1053 601 1059 634 l

588 653 655 708 CA
672 655 693 707 1³
710 655 736 708 U
753 652 780 706 'P
824 652 1000 712 xxxvll.

268 763 457 840 Favorabili
486 765 697 846 inspeciem
723 765 876 826 oratione
903 763 972 826 vim
999 763 1136 846 imperii
1167 763 1293 831 tenuit:
1330 781 1406 824 cen·

188 871 309 934 susque
339 847 545 932 quorundam
577 855 769 910 senatorum
800 848 898 908 iuvit.
931 845 1014 910 'Quo
1044 848 1149 933 magis
1176 849 1301 908 mirum
1330 847 1406 922 fuit,

189 934 277 1018 quod
310 951 426 1017 preces
447 931 496 992 M.
520 930 657 992 Hortali
683 930 803 991 nobilis
830 931 961 993 iuvenis
993 931 1027 990 in
1049 937 1245 1012 paupertate
1266 931 1406 992 manife-

186 1029 237 1080 sta
252 1017 427 1099 superbius
442 1015 631 1096 accepisset.
667 1005 780 1094 Nepos
802 1021 876 1074 erat
895 1015 1042 1075 oratoris
1057 1013 1245 1091 Hortensii,
1273 1011 1407 1072 illectus

187 1120 207 1162 a
235 1099 314 1162 divo
343 1098 395 1160 Au
459 1107 494 1160 to
526 1096 728 1159 liberalitate
759 1094 867 1158 decies
903 1098 1062 1174 sestertii,
1094 1095 1217 1158 ducere
1251 1113 1405 1171 uxorem,

186 1185 357 1266 suscipere
384 1118 521 1259 lffildros,
553 1199 596 1241 ne
618 1179 802 1242 clarissima
822 1179 948 1242 familia
970 1183 1250 1267 exstingueretur.
1295 1177 1407 1262 Igitur

185 1275 331 1350 quatuor
361 1265 440 1326 filiis
469 1271 546 1326 aute
578 1263 680 1326 limen
712 1263 827 1324 curiae
856 1259 1073 1342 adstantibus,
1103 1263 1176 1324 loco
1207 1263 1405 1338 sententiae,

185 1369 288 1432 quum
309 1351 345 1410 in
367 1347 496 1430 palatia
513 1355 646 1410 senatus
672 1345 863 1423 haberetur,
889 1344 990 1406 modo
1011 1345 1187 1408 Hortensii
1214 1345 1308 1406 iuter
1329 1364 1404 1406 ora-

185 1443 278 1495 tores
300 1434 397 1494 sitam
426 1431 616 1515 imaginem,
645 1427 744 1490 modo
764 1427 909 1516 Augusti
934 1429 1066 1491 intuens
1094 1427 1246 1490 adhunc
1268 1426 1404 1489 modum

185 1517 310 1598 caepit:
332 1511 449 1577 Patres
470 1514 656 1594 camcricti,
688 1509 757 1590 hos,
784 1529 916 1593 quaram
936 1531 1090 1574 nnmerum
1113 1521 1145 1573 et
1163 1513 1336 1591 paen-iliam
1359 1513 1425 1572 ni-'

184 1598 281 1684 detis,
302 1617 366 1660 nan
387 1605 501 1676 spuma
521 1596 650 1674 mutuli,
677 1595 735 1657 sed
754 1597 831 1678 qnia
851 1591 1007 1676 Princeps
1063 1593 1194 1657 caedat:
1226 1594 1322 1680 simul
1341 1609 1404 1655 ma-

71 1721 78 1734 ,
184 1683 268 1744 iores
288 1683 347 1744 mei
376 1691 564 1754 uenierunt,
596 1687 634 1742 ot
654 1687 803 1758 posteros
830 1677 993 1742 labarent.
1071 1697 1119 1742 am
1145 1697 1219 1760 ego,
1251 1681 1309 1758 qai
1339 1697 1405 1738 non

181 1767 357 1846 peccantiam,
388 1783 454 1825 nan
479 1762 591 1834 stadia
615 1762 728 1842 papali
758 1781 857 1844 nepae
884 1761 1102 1846 eloquentiam,
1140 1761 1264 1843 gentile
1293 1762 1404 1823 donnus

184 1858 314 1912 nostrae
335 1847 459 1925 bonam,
481 1849 639 1909 varietate
660 1855 827 1925 temporam
849 1851 993 1926 accipere
1014 1845 1065 1908 vel
1078 1863 1199 1926 parare
1214 1849 1404 1926 potuissem,

182 1935 267 1996 satis
287 1929 450 2008 latebam,
481 1931 513 1993 si
539 1938 647 1992 tennes
673 1949 724 1991 res
743 1949 827 1992 meae
848 1947 906 1990 nec
925 1929 1001 1993 nuli
1026 1930 1145 2010 padari
1171 1948 1229 1990 nec
1257 1930 1403 2010 caiprsan

183 2017 275 2080 oneri
305 2013 426 2096 forent.
469 2011 581 2076 Iasona
608 2012 648 2075 ab
669 2014 863 2094 Imperatore
888 2021 1017 2077 acorem
1038 2012 1127 2077 duxi.
1170 2013 1224 2076 En
1244 2015 1350 2092 stirps
1372 2021 1402 2072 et

181 2102 357 2182 progenies
385 2105 436 2160 tot
464 2095 635 2174 conatam,
664 2105 713 2158 tot
741 2097 952 2162 dictatorum!
992 2097 1063 2160 Nec
1083 2095 1128 2159 ad
1149 2095 1301 2160 invidiam
1322 2099 1402 2172 ista,

131 2195 134 2204 '
182 2184 241 2248 sed
261 2180 482 2245 conciliandae
516 2179 753 2261 misericordiae
779 2180 896 2260 refero.
945 2177 1028 2245 Asse
1051 2191 1166 2242 nentar
1192 2181 1331 2262 florente
1361 2189 1402 2256 te,

183 2267 317 2344 Caesar,
346 2284 426 2350 qnos
455 2263 591 2343 dederis,
612 2263 763 2328 lenones:
793 2267 919 2330 interim
941 2267 977 2336 Q.
1037 2263 1172 2328 ortensii
1194 2273 1402 2345 pronepotes,

108 2383 112 2392 ,
182 2351 252 2416 dici
271 2346 419 2432 Augusti
446 2347 587 2411 alumnos
614 2347 655 2410 ab
676 2350 787 2429 inopia
808 2347 952 2429 defende.

253 2456 278 2508 l.
307 2451 459 2519 Censusque
475 2449 634 2516 quorundam
651 2456 800 2502 senatorum
817 2449 898 2514 iavit,
917 2448 1074 2520 supplevit,
1094 2447 1233 2520 explevit,
1253 2445 1401 2511 itsanxit,

180 2529 215 2576 ut
241 2521 277 2577 ad
303 2529 435 2594 sumptus
458 2521 633 2575 necessarios
656 2521 814 2577 sufficeret.
843 2520 888 2578 Cf.
913 2519 969 2575 Dio
994 2523 1039 2586 57,
1068 2525 1110 2576 111.
1138 2519 1215 2575 vat
1241 2521 1352 2584 2129.
1374 2528 1400 2574 et

76 2665 80 2674 .
180 2592 260 2650 Suet.
279 2591 344 2650 Tib.
364 2595 408 2650 47.
436 2591 488 2644 ubi
507 2609 535 2644 r.
554 2591 627 2648 Ern.
665 2593 815 2660 Cassasque
831 2609 886 2664 pro
904 2608 998 2646 ceam
1016 2607 1114 2660 000001
1136 2609 1158 2644 s.
1174 2591 1262 2654 eliam,
1285 2599 1401 2646 01100-

180 2667 247 2736 pius
266 2681 325 2734 qne,
343 2671 423 2732 atque
441 2670 471 2716 et
489 2661 541 2718 Gr.
562 2663 698 2717 enclitica
715 2665 752 2718 τέ.
772 2683 799 2717 r.
821 2667 847 2729 1,
865 2667 909 2722 28.
928 2666 972 2720 65.
997 2666 1025 2730 t,
1043 2667 1087 2720 33.
1106 2665 1150 2720 52.
1171 2665 1215 2719 5⁷.
1235 2664 1279 2718 68.
1306 2665 1336 2729 ll,
1356 2667 1399 2718 74.

180 2735 968 2878 c.¹temese.-.f⁸..u.²·.c⁷·..nef-cc,
986 2731 1400 2872 ostreas-..ute

72 2899 78 2908 ·
179 2880 217 2936 ss
232 2893 279 2952 pr.
298 2877 426 2945 maleae
464 2891 497 2929 m
516 2875 597 2929 more
613 2892 710 2946 qnoque
759 2875 923 2934 ,nass
944 2875 1087 2941 of.a‹1s‚
1108 2881 1151 2943 ro,
1174 2881 1197 2934 1.
1227 2875 1401 2932 wama

180 2955 208 3018 1,
225 2952 270 3006 18.
289 2949 362 3006 Ern.
382 2947 418 3003 ad
456 2953 514 3004 aet.
533 2947 603 3005 Ner.
623 2947 767 3005 38111011.
787 2948 823 3001 ad
840 2947 904 3004 Lir.
924 2951 951 3014 5,
970 2951 1014 3005 id.
1033 2949 1132 3004 Bur-m.
1144 2948 1179 3002 ad
1197 2946 1399 3005 8001011011.

74 3054 77 3062 ·
180 3020 414 3079 lunensium.
436 3017 1039 3092 (1101011513.514.11011108001ιο(111
1065 3020 1102 3076 N.
1120 3019 1232 3074 Archiv
1248 3021 1270 3076 f.
1290 3019 1399 3076 Philol.

180 3110 206 3150 a.
227 3095 304 3150 1819.
323 3111 353 3164 p.
372 3095 408 3149 85
427 3109 469 3162 sq.
505 3091 548 3146 De
566 3091 732 3146 differentia
746 3091 916 3163 copularum
934 3098 959 3144 et
978 3107 1010 3146 ac
1028 3107 1077 3159 qne
1094 3109 1122 3149 r.
1141 3091 1177 3145 ad
1197 3094 1240 3158 12,
1261 3093 1304 3158 12,
1327 3097 1399 3148 1.-

179 3165 224 3218 M.
242 3163 393 3218 Hortensii
410 3163 535 3230 Hortali,
555 3191 588 3202 -
615 3163 667 3234 qui
685 3179 766 3230 nepas
784 3169 843 3216 erat
867 3163 897 3229 Q.
918 3161 1058 3216 Hortensii
1075 3164 1194 3216 oratoris
1218 3164 1335 3228 summi,
1361 3163 1400 3216 de

136 3241 138 3248 “
179 3237 264 3289 cuius
282 3236 458 3306 eloquentia,
476 3235 539 3288 vita
556 3244 585 3290 et
602 3245 696 3290 marta
715 3253 742 3292 r.
762 3234 822 3290 cic.
843 3233 925 3290 Brut.
946 3239 969 3290 1.
990 3236 1079 3290 0188.
1117 3235 1247 3288 Oratoris
1265 3235 1346 3298 filins
1368 3244 1400 3288 et

179 3308 275 3360 nostri
293 3309 330 3362 H.
350 3305 500 3359 Hortensii
538 3315 601 3360 ater
618 3307 677 3360 fuit
694 3313 814 3378 praetor
831 3305 937 3361 Maced.
967 3313 996 3358 et
1022 3305 1129 3358 cecidit
1153 3307 1185 3358 in
1202 3305 1281 3360 bello
1300 3306 1398 3362 cirili.

179 3395 207 3431 r.
228 3378 302 3432 Vell.
321 3379 349 3442 1,
368 3379 412 3432 11.
438 3375 498 3432 Cic.
566 3379 597 3432 il.
618 3381 662 3442 1⁰,
682 3379 708 3434 5.
729 3381 755 3434 li.
776 3377 812 3431 ad
829 3376 936 3443 Atti,
954 3379 981 3433 1.
1006 3377 1081 3433 Plut.
1102 3377 1246 3442 1111001.
1273 3395 1302 3447 p.
1330 3381 1397 3434 895.

179 3447 338 3515 „Dubitant
362 3449 547 3518 interpretes,
577 3465 614 3502 an
642 3449 719 3502 idem
743 3449 795 3502 ille
820 3447 961 3502 Hortensii
979 3464 1060 3516 nepas
1084 3449 1131 3513 sit,
1156 3465 1243 3518 quem
1261 3447 1399 3502 Valerius

179 3521 388 3586 11001154.
413 3519 488 3572 mala
510 3522 589 3574 ferna
611 3521 734 3574 natavit.
770 3521 833 3597 Ego
852 3520 897 3573 nil
915 3519 1053 3575 dubitem.
1091 3519 1172 3586 Quod
1195 3527 1293 3574 autern
1311 3520 1399 3573 Vale·

179 3593 242 3646 rius
260 3607 448 3662 quaecunque
465 3593 564 3662 turpia
581 3592 723 3646 invidiose
742 3593 773 3644 in
793 3610 859 3646 cum
878 3591 1016 3658 cumulat,
1036 3592 1101 3662 quis
1120 3607 1178 3644 non
1196 3592 1288 3657 videt,
1307 3591 1342 3646 ab
1363 3609 1399 3646 eo

179 3663 323 3734 scriptore
368 3662 449 3716 uaeri
473 3665 596 3736 gratiam
620 3661 734 3718 Tiberii
758 3671 787 3718 et
813 3665 944 3717 excusari
971 3661 1059 3718 huius
1087 3662 1224 3716 adversus
1242 3661 1398 3717 hominem

179 3737 206 3788 ri
247 3751 320 3790 rem.
377 3733 442 3787 lane
469 3735 500 3788 id
524 3736 661 3790 convenit
687 3735 769 3805 turpi
795 3733 949 3801 adulatori,
978 3751 1063 3805 quem
1082 3731 1163 3786 audis
1190 3737 1221 3788 in
1239 3733 1399 3812 1101ος0).ιι

180 3751 286 3861 aguam
331 3805 385 3872 ‚,Q.
421 3805 579 3861 Hortensia
604 3809 715 3861 oratori
746 3823 856 3860 summa
884 3807 944 3858 init
969 3807 1150 3877 piscinarum
1182 3806 1398 3881 signorumque

179 3875 400 3932 Corinthiorum
419 3894 496 3932 cura.
514 3895 542 3934 r.
562 3878 637 3935 Plin.
665 3879 711 3946 st,
735 3879 761 3934 8.
782 3881 827 3945 85,
848 3881 890 3933 11.
909 3878 992 3932 Varr.
1012 3877 1046 3935 R.
1065 3877 1098 3934 R.
1117 3881 1144 3939 o,
1164 3879 1206 3932 11.
1244 3879 1312 3931 Non
1337 3881 1397 3931 mi·

178 3967 254 4016 rum,
281 3947 410 4003 hominis
434 3949 677 4029 eloquentissimi,
705 3948 940 4016 sed'ranissimi,
964 3957 1095 4020 posteros
1113 3965 1254 4019 pauperes
1271 3950 1398 4006 fnisse.“

178 4021 256 4078 Brol.
294 4021 328 4074 10
352 4019 407 4076 hac
429 4017 525 4091 Taciti
544 4021 711 4076 narratione
734 4019 794 4076 We
837 4039 919 4075 erum
941 4027 1080 4074 usserunt
1098 4037 1164 4073 scru
1186 4022 1240 4089 uli,
1274 4037 1347 4092 quos
1369 4023 1396 4074 ei
1430 4025 1431 4034 ’

178 4093 304 4148 eximere
328 4101 447 4146 conatus
469 4101 513 4148 est
529 4091 665 4164 Walper.
691 4111 720 4150 r.
745 4091 798 4148 See
817 4093 877 4147 odii
900 4091 1010 4146 Archiv
1035 4039 1185 4148 11111101
1206 4099 1228 4156 l,
1245 4095 1270 4148 2.
1289 4112 1319 4164 p.
1340 4097 1394 4149 391

178 4183 220 4235 sq.
241 4169 314 4232 etl,
333 4167 359 4221 i.
402 4207 408 4220 .
428 4165 481 4221 795
498 4183 540 4236 sq.
566 4165 615 4218 ubi
633 4163 684 4218 hic
701 4173 809 4232 monet,
829 4167 866 4218 lll.
886 4165 1041 4218 Hortalum
1065 4161 1143 4218 haud
1159 4164 1324 4236 profudisse
1342 4182 1396 4234 pe·

178 4237 294 4288 cuniam
319 4235 353 4289 ab
396 4228 511 4312 ugusto'
527 4237 632 4304 datam,
700 4237 728 4290 ia
747 4234 805 4290 hoc
828 4237 856 4290 ei
880 4252 938 4290 non
961 4235 1036 4289 vitia
1059 4243 1204 4304 vertatur,
1235 4243 1265 4290 et
1287 4253 1396 4308 preces

179 4307 241 4362 eius
259 4323 317 4361 nou
336 4307 394 4362 nisi
417 4307 453 4360 ad
475 4307 607 4362 filiarum
631 4323 661 4362 sa
675 4315 754 4363 utem
773 4315 803 4361 et
825 4307 998 4384 dignitatem
1026 4309 1199 4362 senatoriam
1218 4309 1255 4361 iis
1274 4324 1397 4379 campa·
