2762 4788
155 189 199 256 ii
559 189 805 258 ANNALIUM
837 192 922 259 LIB.
943 193 968 259 1.

156 371 215 410 nan
233 371 300 410 rura
318 357 350 410 in
368 357 527 412 tumultum
552 357 677 426 exibant,
706 360 796 416 immo
812 375 852 430 pn
873 377 951 424 num,
976 359 1066 416 imma
1089 359 1214 414 casiam.
1250 361 1300 414 iiis
1322 363 1359 415 ir·

156 428 301 482 ctionibus
327 429 382 482 dar
408 437 438 484 et
463 429 592 506 signiter
612 427 661 496 (ut
687 448 731 501 sp.
758 429 837 485 Suet.
883 449 923 490 er.
944 431 1003 499 bi.)
1030 432 1197 486 levissimus
1215 433 1358 504 quioques

154 499 249 624 higna,
268 499 434 566 erilingun
450 517 610 573 manusque
626 501 663 556 ai
681 503 804 556 iniwiaa
822 512 851 558 et
870 503 1062 558 contumeliae
1087 502 1271 574 pmmptae.“
1294 505 1358 571 lips.

185 570 192 584 ¹
216 569 410 626 obietrionale
429 571 544 624 etuiian
562 581 593 626 et
610 573 641 626 0.
659 576 703 630 13.
720 573 890 630 histrionalis
901 576 1005 641 savaro
1032 573 1103 628 irinc
1130 590 1246 646 quoque
1262 575 1362 628 mucore

154 648 254 714 captur,
274 649 303 696 et
321 647 348 709 1,
367 645 409 698 77.
429 647 474 706 11,
493 647 535 699 13.
555 645 599 710 1³,
618 647 660 702 24.
679 647 724 702 tt.
748 646 863 700 licentio
879 645 1024 700 sternatis
1042 653 1071 700 et
1095 645 1213 710 ludicra,
1229 646 1360 711 furtorum

154 714 273 767 lasciuia
296 722 326 768 et
348 721 527 782 mactmus-arn
552 716 725 770 innalselia.
769 718 874 785 Operae
899 718 1039 771 dicuntur
1066 715 1213 781 homines,
1286 735 1362 771 orum

154 801 242 856 opera
260 785 293 839 in
309 802 343 840 re
362 793 391 840 et
408 786 506 840 labaro
529 787 628 858 aliquo
652 787 772 846 utimur.
809 787 860 844 Sia
883 805 980 856 operas
999 788 1150 842 clodianae
1175 805 1220 860 ap.
1272 791 1306 842 ic.
1332 789 1362 842 ai

153 859 214 912 Att.
234 861 261 922 1,
280 858 324 914 13.
343 861 387 914 14.
404 861 431 920 4,
450 860 477 914 3.
504 873 602 926 operae
616 859 750 928 palliam,
776 861 930 924 cmiuctae,
957 859 1139 914 nummariae
1163 860 1292 932 apilio.
1323 858 1360 925 (r.

154 927 272 984 Solunte.
291 927 373 994 Lex.)
391 943 489 995 operm
507 936 611 984 uelem
628 945 744 984 arcena
762 931 794 985 in
813 931 898 986 ome.
918 933 1006 986 insen
1024 949 1054 1002 p.
1073 933 1138 995 441,
1166 933 1191 986 i.
1216 947 1315 998 sperae
1337 933 1374 983 in,

152 1000 229 1125 tlt
242 1015 282 1124 :t
285 1037 290 1050 '
300 1001 478 1127 iiiiii·
491 1000 676 1126 „it-“tt
693 1018 791 1128 ‘tit
807 1002 999 1130 111113,
1007 1004 1200 1128 iiiiiiim
1221 1019 1308 1130 ΞἛ
1324 1002 1363 1129 t·

151 1143 222 1200 Ner.
242 1145 285 1198 11.
311 1141 430 1199 Terent.
449 1089 526 1214 11101.
545 1109 676 1215 iiecyrae
695 1153 724 1198 et
741 1146 881 1200 Heauton.
918 1143 1031 1210 „linum
1049 1143 1115 1201 lul.
1134 1091 1233 1211 φηξναε
1251 1145 1364 1198 menre-

152 1217 193 1267 leo
211 1221 280 1267 eunt
333 1223 485 1280 notatores,
547 1215 747 1286 'plaudebant
764 1217 821 1287 ipsi
840 1217 932 1287 primi
950 1218 1126 1270 attentares
1143 1217 1280 1270 mercede
1303 1233 1364 1270 can·

151 1287 253 1340 ductos
283 1303 303 1356 p
333 1303 491 1356 urensque
504 1231 715 1340 (iiiior-ionibus
742 1303 805 1340 com
859 1288 954 1341 abant.
986 1288 1032 1342 Oi.
1059 1287 1139 1342 Suet.
1166 1287 1235 1344 Ner.
1256 1290 1302 1343 2⁰.
1323 1291 1362 1343 ‘lb

152 1357 243 1412 Plaut
258 1357 334 1412 Prol.
348 1357 403 1410 Am
447 1359 495 1414 itr.
516 1375 544 1413 v.
563 1359 651 1428 tiso.
671 1361 707 1414 81
716 1375 759 1428 sq.
779 1357 821 1411 Ρ·
873 1364 956 1430 spi,
975 1361 1018 1416 14.
1037 1359 1155 1412 hunino.
1171 1361 1235 1428 περὶ
1254 1361 1310 1412 reis
1325 1359 1365 1410 ini

174 1429 245 1497 salui
270 1428 292 1494 1.
311 1431 354 1484 18.
453 1444 482 1480 es
508 1427 679 1482 theatralium
702 1444 849 1496 operaturi,
879 1438 914 1483 ut
935 1431 1029 1498 capita
1046 1429 1202 1496 sectionum
1224 1447 1273 1500 ep.
1294 1430 1363 1484 suet

58 1539 61 1548 .
149 1447 216 1555 iiio.
237 1517 262 1556 c.
281 1503 325 1555 37.
354 1499 523 1552 Hiotrianati
539 1501 638 1560 studio,
657 1499 733 1570 quot
751 1482 938 1555 solitus‘omt
954 1510 1103 1574 praestare
1125 1499 1322 1554 histrionibus
1338 1504 1365 1554 in

151 1570 354 1642 comparandis
371 1569 540 1640 plausor-orn
558 1571 765 1624 factionibua.“
783 1573 864 1627 Grae.
884 1599 921 1612 -··
943 1574 1080 1640 imperitae
1101 1572 1205 1624 animoa
1225 1572 1365 1639 inpellere,

150 1641 289 1719 agitabat,
307 1641 470 1696 concitabat
487 1641 523 1695 ed
539 1642 710 1698 tumultum.
742 1643 787 1700 Gi.
806 1643 842 1698 asi
859 1647 885 1710 1,
904 1647 950 1710 31,
967 1648 994 1700 3.
1013 1674 1047 1688 -
1076 1643 1194 1710 Nupta
1216 1645 1366 1697 ufiaribur

150 1715 184 1767 in
201 1713 329 1766 tentoria
356 1729 416 1775 aaa,
440 1721 475 1766 ut
491 1713 573 1780 113,
599 1717 632 1769 10
655 1719 729 1770 extr.
765 1713 811 1768 Ae
828 1716 954 1770 eurania
971 1731 1110 1787 corpora,
1135 1713 1210 1768 Mur.
1246 1716 1366 1783 dilapsu,

149 1793 185 1838 nt
201 1787 229 1849 1,
247 1789 273 1841 ’1.
292 1781 329 1840 11.
348 1789 376 1847 1,
394 1787 438 1840 31.
455 1788 486 1846 3,
505 1787 548 1840 lii.
575 1801 612 1837 ex
634 1785 746 1838 mend.
772 1788 846 1842 biur.
874 1787 997 1854 aelopsie
1019 1787 1081 1842 edd.
1110 1785 1174 1842 Ber.
1192 1784 1287 1842 liban.
1307 1789 1364 1841 md.

119 1885 123 1898 ·
150 1857 229 1981 ἕξοι.
247 1857 372 1980 pristinos.
392 1883 426 1894 -
444 1856 691 1911 condonabuntur:
710 1858 742 1910 in
760 1857 804 1912 ed.
824 1857 888 1912 Bor.
907 1859 1145 1920 contionabundus,
1170 1858 1203 1910 in
1220 1858 1282 1914 MS.
1308 1875 1366 1912 cun·

219 1929 306 1982 mn
325 1943 365 1982 iu·
426 1953 429 1962 ’

573 2081 766 2138 CAPUT
818 2083 935 2138 xvtt.

233 2206 303 2274 Car
331 2210 446 2289 mucis
479 2209 728 2288 centurionibus,
757 2208 967 2290 paucioribus
999 2209 1150 2290 tribunis,
1182 2216 1216 2275 in
1252 2214 1369 2275 modum

148 2291 519 2380 servorumpbedirenti
550 2293 677 2374 orando
699 2311 836 2357 ausuros
864 2311 1033 2374 exposcere
1055 2297 1199 2376 remedio,
1228 2301 1299 2360 nisi
1319 2317 1369 2358 no-

148 2396 216 2440 vum
243 2384 276 2440 et
306 2385 469 2439 nutantem
494 2375 599 2440 adbuc
629 2374 811 2458 Principem
839 2375 990 2458 precibus
1019 2377 1070 2440 oei
1095 2383 1191 2443 annis
1219 2379 1370 2445 adirent?

147 2459 241 2526 Satis
259 2479 318 2542 per
340 2469 389 2524 tot
410 2480 511 2523 annos
532 2463 668 2542 ignauia
686 2469 862 2540 peccatum,
885 2461 972 2544 quod
1000 2463 1122 2526 triceno
1149 2471 1206 2526 aut
1227 2465 1369 2546 quadra-

146 2565 244 2627 gena,
260 2543 423 2630 stipendia
448 2563 538 2606 senes
564 2553 597 2606 et
621 2545 768 2626 plerique
798 2555 947 2608 truncato
968 2565 1009 2608 ex
1030 2545 1213 2610 uulneribus
1237 2567 1375 2628 corpore

148 2627 294 2692 tolerent.
336 2628 388 2692 lie
408 2628 690 2709 dimissis-quiden
702 2626 804 2707 finem
824 2648 893 2691 esse
912 2629 1057 2702 militiae,
1086 2632 1144 2694 sed
1163 2632 1252 2712 apud
1273 2631 1371 2695 nerii-

147 2711 210 2776 lum
238 2719 379 2774 retentor
405 2711 471 2774 alio
497 2711 653 2773 matulo
679 2711 801 2774 eosdem
831 2711 957 2774 labores
978 2707 1135 2796 perferre,
1171 2734 1211 2776 ac
1238 2718 1271 2778 si
1301 2719 1372 2798 ouis

148 2803 198 2858 tot
231 2813 323 2858 casus
351 2796 421 2857 aito
447 2799 657 2874 superaverit,
687 2793 776 2856 trabi
804 2794 909 2858 adbuc
938 2795 1084 2860 diversae
1110 2802 1287 2879 interrae,
1316 2799 1375 2862 ubi

143 2881 205 2960 'per
224 2897 334 2941 nomen
355 2895 506 2962 agrorum
526 2877 668 2962 uligines
693 2877 844 2958 paludum
866 2879 917 2942 vel
935 2878 1059 2942 inculta
1078 2884 1226 2946 montium
1250 2885 1371 2964 accipi-

146 2973 214 3026 ant.
256 2961 426 3028 Enimuero
457 2959 601 3024 militiam
631 2965 732 3044 ipsam
757 2981 900 3044 grovero,
930 2958 1179 3048 infmrctuosomz
1217 2966 1313 3030 denis
1339 2970 1372 3028 in

145 3047 227 3112 dien
254 3043 383 3110 assibrm
410 3047 543 3108 animam
569 3055 744 3127 eucarpus
770 3047 942 3110 aestimari.
983 3045 1076 3110 Hinc
1107 3059 1234 3125 restem,
1267 3071 1371 3126 arma,

146 3133 298 3210 tentoria,
327 3129 403 3192 irinc
422 3131 588 3192 saeoitiom
609 3133 825 3192 centuriornnn
844 3139 876 3192 et
897 3134 1082 3194 vacationes
1101 3152 1261 3196 murmura
1286 3134 1372 3195 redi-

143 3217 195 3278 mi.
236 3210 284 3277 At
305 3211 430 3276 bertulo
450 3214 583 3276 uerbera
609 3223 642 3276 et
662 3212 805 3292 vulnero,
833 3213 943 3276 detrun
970 3211 1105 3292 hiemen,
1136 3221 1300 3281 exercitae
1322 3237 1374 3278 ae-

131 3307 257 3376 states,
286 3295 397 3360 bellum
424 3303 523 3359 atrox
549 3303 608 3358 out
634 3296 771 3360 sterilem
795 3315 904 3378 pacem
931 3302 1129 3380 sempiterno.
1180 3301 1251 3364 Nec
1280 3299 1375 3363 aliud

144 3381 357 3452 levamentum,
379 3397 471 3462 quam
490 3383 521 3443 si
543 3383 640 3442 certis
659 3379 719 3442 sub
741 3379 868 3462 legibus
883 3381 998 3444 militia
1012 3385 1168 3456 iniretur,
1191 3393 1229 3446 ut
1250 3387 1306 3448 sin
1337 3405 1373 3447 u-

145 3463 195 3530 los
215 3463 367 3528 denarios
387 3471 558 3542 mererent,
580 3472 690 3526 sextus
710 3463 848 3528 decimus
867 3463 1022 3546 stipendii
1036 3463 1246 3546 onnusfinem
1269 3403 1372 3554 affer-

103 3543 110 3558 *
144 3559 214 3627 ret,
234 3567 275 3610 ne
295 3547 383 3609 ultro
403 3545 463 3610 aab
492 3545 620 3610 vexillis
648 3557 841 3622 tenerentur,
866 3548 924 3623 sed
943 3549 1053 3616 iisdem
1073 3553 1108 3615 in
1129 3555 1250 3615 caetris
1269 3571 1373 3633 prae-

143 3635 235 3696 mium
252 3633 390 3714 pecunio
409 3629 595 3694 solueretur.
636 3625 691 3694 An
709 3634 893 3711 praetoriae
914 3631 1072 3710 cobortes,
1093 3653 1175 3715 quoe
1196 3633 1295 3699 binas
1318 3637 1375 3698 eie·

143 3719 254 3778 nerias
274 3716 465 3795 occeperint,
487 3733 568 3796 quoe
585 3725 661 3794 past
676 3714 809 3779 sedecim
830 3733 931 3779 annos
942 3715 1115 3797 penatibus
1135 3721 1204 3782 suis
1226 3719 1375 3781 reddan-

145 3811 208 3871 tur,
235 3797 310 3878 plus
332 3797 544 3879 periculorum
571 3798 756 3878 susciperet
798 3799 873 3862 Non
899 3799 1078 3864 obtrectari
1105 3821 1125 3862 a
1156 3819 1190 3864 se
1220 3801 1375 3864 urbanas

143 3881 309 3983 excubias:
336 3881 401 3946 sibi
422 3889 523 3946 tamen
544 3881 631 3962 opud
649 3881 800 3948 torridos
820 3891 935 3966 gentes
956 3905 972 3946 e
993 3883 1215 3950 contuberniis
1242 3881 1375 3950 hostem

143 3987 256 4048 aspect

213 4081 352 4152 Locutio
370 4081 579 4146 centurionibus,
598 4081 687 4151 (LX.)
704 4085 879 4151 paucioribus
896 4084 1013 4139 tribunis
1030 4084 1112 4154 (vt.)
1138 4087 1169 4138 in
1196 4087 1308 4158 quevis
1330 4089 1375 4141 le-

143 4157 239 4234 gione,
259 4157 291 4208 in
309 4171 365 4228 qua
383 4161 466 4210 erent
482 4155 556 4207 m
572 4155 728 4226 manipuli,
756 4154 896 4227 (qaorum
915 4157 1038 4228 quisque
1062 4177 1098 4212 ex
1117 4155 1189 4212 CXX
1214 4157 1375 4212 militibus

143 4229 301 4294 constabat)
330 4233 359 4281 et
385 4227 433 4281 LX
451 4227 599 4282 centuriae
617 4245 640 4278 s.
659 4225 792 4292 ordines,
818 4227 867 4280 XX
885 4227 1082 4294 hastatorum,
1106 4227 1156 4280 XX
1178 4229 1375 4300 principum,

142 4299 189 4353 XX
208 4299 387 4354 triariorum
425 4297 470 4354 Gt.
493 4299 529 4354 ed
553 4303 585 4367 1,
609 4299 663 4362 31,
688 4301 713 4354 1.
732 4299 766 4366 b,
785 4303 826 4356 11.
865 4298 985 4371 Dionys.
1011 4300 1076 4357 iiai.
1101 4301 1133 4366 3,
1152 4301 1178 4358 i.
1206 4301 1315 4376 Vrget.
1344 4305 1375 4366 2,
