2774 4784
67 1679 69 1684 '
180 1681 303 1747 exitum,
330 1680 362 1733 in
380 1680 521 1736 Historiis
540 1696 682 1734 smumam
700 1678 785 1734 vacui
804 1677 862 1732 iam
879 1677 1083 1749 debilitatique
1101 1679 1286 1749 principatus

178 202 244 258 mv
445 189 658 266 INTERIOR
679 191 737 264 ΕΤ
757 195 918 264 exitus
940 195 1133 264 INDOLES

178 385 224 444 ut
248 384 309 443 est
332 384 475 444 memo
498 363 674 454 incidias
700 381 739 441 st
763 363 1046 441 mumolum
1070 361 1217 442 orcibeta
1246 357 1371 434 arum

182 486 257 544 tur.
300 470 408 546 Cous.
435 482 522 545 nota
545 472 605 546 20.

279 574 315 669 ἓ.
342 573 429 646 ΧΠ,
470 573 660 644 Praeterea
686 569 835 644 Tacitus
860 593 948 659 non,
973 579 1015 642 ut
1040 567 1241 641 Suetonius
1265 577 1300 638 et
1322 567 1371 638 Dic

182 672 343 764 Cassius,
369 695 619 768 quaecamque,
644 673 755 743 etiam
780 670 977 762 letissima,
1014 669 1094 740 sine
1121 667 1270 740 delectu*
1289 691 1371 738 nexu

180 797 254 868 que
279 773 445 845 interiori
471 773 633 861 corrasit,
661 771 725 842 sed
752 770 933 842 Herodoti
959 779 995 840 et
1019 768 1254 862 Thucydidis
1279 791 1371 838 exem

180 872 244 968 plo
270 894 390 975 opero
415 871 515 944 artis
540 871 749 966 composuit
776 865 842 960 ¹⁶),
868 867 904 940 h.
927 893 958 941 e.
987 869 1112 940 omnia
1137 867 1191 938 ita
1213 866 1336 960 selegit
1356 891 1371 944 a

181 1029 424 1042 nom

255 1105 289 1175 ¹⁶)
307 1107 455 1164 Historiae
465 1107 609 1163 Herodoti
625 1115 655 1162 et
663 1105 846 1178 Thucydidis
864 1107 987 1174 ποὶῆσεις
1005 1107 1144 1160 dicuntur
1152 1105 1294 1178 Dionysio
1307 1103 1371 1160 Hali(

179 1181 397 1266 sdPompeium
414 1185 442 1248 3,
461 1183 506 1238 tl.
525 1187 555 1234 et
567 1182 613 1246 51,
627 1183 653 1237 3.
666 1181 711 1234 ed.
730 1180 866 1257 Krtigeri.
887 1179 962 1246 „Ubi
980 1177 1107 1234 Annales
1126 1179 1326 1248 Historinsque
1341 1175 1371 1228 ts?

180 1253 234 1306 citi
252 1252 378 1329 legimus
404 1261 434 1306 et
453 1269 525 1323 quae
543 1252 655 1327 singuli
672 1249 797 1306 meliore
815 1267 886 1306 aero
905 1251 989 1328 digni
1008 1258 1150 1305 conantur
1168 1259 1273 1306 centra
1290 1245 1371 1320 Prisci

179 1341 251 1394 pum
278 1325 428 1378 saevitiam
455 1319 626 1394 morumque
650 1339 837 1377 communem
862 1322 1062 1394 corruptelam
1093 1321 1129 1376 ad
1154 1322 1277 1376 irritum
1300 1321 1371 1373 ceder

179 1395 323 1462 ridemus,
343 1394 433 1450 simul
451 1403 549 1448 tamen
568 1395 619 1448 sub
637 1392 722 1448 malis
742 1395 831 1448 etiam
844 1393 1029 1465 Principibus
1046 1393 1136 1447 bonos
1154 1395 1304 1463 fortesque
1322 1391 1371 1446 vin

180 1484 242 1521 esse
261 1483 346 1538 posse
364 1466 572 1538 perspicimus,
598 1465 647 1518 ubi
672 1468 832 1531 fortunam,
861 1469 966 1530 tatum,
994 1465 1063 1520 deos
1081 1467 1160 1536 ipsos
1180 1467 1259 1518 miro
1278 1479 1329 1518 nec
1344 1473 1371 1528 ur

124 1589 126 1595 .
180 1555 267 1607 quam
286 1538 355 1592 satis
374 1537 493 1614 cognito
512 1536 683 1590 mortalibus
711 1536 797 1590 inodo
822 1553 927 1612 regere
949 1538 1096 1590 cernimus
1115 1536 1211 1588 varios
1229 1553 1327 1590 rerum
1343 1533 1371 1602 hu

179 1625 332 1662 manarum
356 1627 448 1676 casus,
477 1609 509 1662 in
532 1606 690 1662 Annalium
707 1606 793 1660 libris
817 1606 1009 1677 contemplati
1027 1609 1176 1660 funestum
1194 1605 1289 1660 Iuliae
1307 1615 1367 1732 dm

1327 1693 1371 1732 ena

179 1751 373 1812 confirmandi
392 1751 628 1816 contentionem,
647 1766 743 1821 nonne
762 1752 905 1836 tragicam
923 1750 1051 1820 aliquam
1062 1750 1315 1820 compositionem,
1332 1739 1371 1817 qut

178 1823 221 1877 les
247 1831 315 1876 sunt
337 1823 432 1877 Aesch
453 1822 493 1888 li,
521 1819 691 1892 Sophoclis,
719 1819 882 1891 Euripidis,
912 1819 1012 1898 legere
1035 1821 1118 1875 nobis
1141 1820 1300 1874 ridemur?
1334 1817 1371 1890 No]

179 1895 272 1950 oculis
290 1895 401 1949 nostris
419 1841 594 1948 obversatus·
611 1891 716 1946 Niobes
735 1891 907 1946 tristissima
923 1893 1030 1969 imago,
1057 1907 1116 1947 non
1133 1891 1261 1946 horrore
1279 1891 1371 1963 quoda

178 1965 386 2038 perfundimur
403 1965 488 2019 velut
504 1964 678 2025 Laocoontis
697 1971 816 2034 aspectu
834 1963 914 2016 diros
926 1965 1109 2034 serpentium
1120 1963 1210 2018 nodos
1220 1963 1371 2040 disrumpet

179 2041 290 2091 frustra
308 2037 472 2091 tentantis?
508 2033 564 2088 Est
581 2049 652 2090 vero
672 2035 794 2110 dignum
813 2033 932 2100 Tacito,
955 2035 1076 2112 dignum
1100 2036 1188 2090 etiarn
1206 2035 1329 2090 Romani
1345 2037 1371 2096 in

179 2110 256 2180 perii
274 2109 424 2162 maiestate
434 2107 600 2170 consilium,
619 2113 715 2160 tantae
734 2105 807 2160 artis
825 2105 922 2158 studio
942 2105 1072 2160 adhibito
1092 2123 1247 2178 exponere,
1267 2124 1324 2178 quo
1340 2105 1371 2170 fet

180 2181 341 2252 quibusque
359 2197 460 2234 rerum
479 2177 590 2232 casibus
607 2178 662 2230 iam
679 2177 782 2245 pridem
798 2171 985 2244 praeualentis
999 2179 1093 2244 populi
1110 2179 1183 2232 vires
1200 2195 1231 2230 se
1248 2179 1325 2245 ipsae
1341 2177 1371 2248 cot

180 2251 304 2316 fecerint,
325 2251 403 2319 (mv.
423 2251 454 2302 in
473 2249 583 2315 Praei.)
607 2247 713 2320 quibus
732 2255 761 2303 et
780 2247 891 2303 civium
910 2257 939 2304 et
957 2249 1128 2318 Principum
1148 2250 1230 2303 vitiis
1250 2251 1368 2304 immori

178 2323 254 2376 lium
272 2323 400 2378 deornm
412 2327 534 2392 poenam
554 2319 790 2392 suppliciumque
803 2321 1030 2392 provocantibus
1050 2323 1155 2396 ingens
1174 2321 1296 2392 imperii
1315 2321 1368 2374 mol

180 2397 211 2448 in
229 2411 367 2470 praeceps
385 2409 472 2447 ruere
492 2393 631 2477 coeperit.
668 2391 715 2445 En
733 2393 844 2447 iterum
863 2391 1029 2463 Scipionem
1047 2409 1106 2446 non
1125 2393 1201 2448 altae
1216 2392 1371 2468 carthagin

179 2469 240 2520 fato
261 2467 318 2519 iam
336 2465 453 2519 functae
472 2465 577 2532 ruims,
599 2462 648 2516 sed
666 2463 773 2518 Romae
792 2465 884 2534 ipsius
903 2464 961 2518 iam
981 2467 1040 2520 iem
1058 2463 1231 2519 collabentis
1251 2465 1315 2520 solo
1334 2467 1371 2584 inq

104 2567 112 2590 a
180 2537 298 2590 dentem
321 2537 494 2608 patriaeque
528 2534 675 2588 excidium
704 2533 836 2588 lacrimis
867 2533 977 2592 obortis
1005 2535 1215 2590 vaticinantem
1246 2537 1371 2608 aspicim¹

180 2605 314 2662 Tacitum
333 2623 459 2676 euinque
482 2621 543 2659 non
565 2606 695 2676 qsraesito
725 2621 758 2659 ac
782 2606 870 2683 longe
894 2609 1032 2662 arcessito
1061 2607 1171 2675 studio,
1200 2607 1251 2662 sed
1276 2597 1371 2676 nudiq

181 2677 274 2732 obviis
294 2686 324 2734 et
341 2679 396 2732 tali
414 2677 534 2754 ingenio
552 2696 565 2730 s
604 2684 654 2730 nte
674 2691 705 2730 se
724 2675 912 2738 offerentibus
931 2680 1371 2764 rerumt'ormistampraeclarq

181 2749 372 2820 omnibusque
396 2747 528 2820 partibus
554 2747 715 2800 asolutam
743 2748 898 2803 convulsae
922 2757 951 2803 et
974 2749 1179 2809 collabefactus
1223 2753 1345 2806 atriaei

203 2823 281 2875 'nem
311 2817 510 2874 meditantem.
553 2819 656 2887 Neque
683 2819 829 2874 minorem
859 2829 947 2892 quam
977 2822 1009 2874 in
1035 2821 1182 2894 Olympici
1201 2767 1288 2878 lovis
1316 2831 1368 2876 stat

165 2839 211 2948 ξ
226 2893 323 2960 'diam
343 2893 376 2944 in
394 2891 504 2946 divinis
523 2890 584 2946 suia
601 2890 760 2967 tragoediis
780 2889 965 2962 Sophoclem,
992 2889 1029 2947 ad
1047 2895 1071 2948 si
1134 2893 1163 2947 la
1182 2895 1269 2949 etiarn
1290 2911 1371 2952 com,

182 2964 276 3020 nenda
301 2973 331 3018 et
356 2979 408 3017 suo
433 2979 562 3034 quaeque
586 2961 651 3016 loco
675 2963 862 3033 proponenda
880 2971 973 3018 artem
992 2983 1058 3020 eum
1071 2911 1242 3022 ¹ddliibuis'so
1260 2967 1359 3022 videm

182 3039 236 3091 Per
253 3051 353 3089 omnes
373 3035 456 3105 qussi
475 3024 599 3087 actionis
620 3035 760 3088 stationes
787 3041 816 3090 et
835 3033 870 3088 ad
888 3037 964 3106 ipsas
983 3053 1030 3090 res
1050 3043 1079 3090 et
1097 3035 1133 3090 ad
1151 3039 1222 3091 artis
1240 3037 1324 3115 leges
1343 3057 1356 3090 a

154 3149 156 3156 ,
182 3113 435 3182 congruenterque
452 3103 597 3160 dimensas
616 3104 702 3158 modo
722 3107 811 3160 citato
828 3105 915 3159 modo
933 3107 1056 3162 remisso
1070 3115 1156 3179 atque
1169 3107 1299 3164 inhibito
1315 3127 1365 3188 gra

182 3179 343 3254 legentium
362 3178 444 3230 ducit
462 3175 605 3230 animos.“
649 3175 809 3232 Boetticber
834 3179 865 3230 in
890 3179 959 3233 hex.
978 3177 1046 3232 Tac.
1064 3197 1094 3250 p.
1114 3179 1188 3236 XXX
1206 3199 1248 3251 sq.
1288 3181 1369 3234 Cui'

182 3251 259 3303 dicio
277 3247 464 3326 adiungimus
484 3238 559 3300 illud
578 3246 683 3300 Ferlets'
700 3247 734 3302 dc
754 3249 863 3303 veteris
882 3257 911 3302 et
929 3251 1101 3305 recentioris
1115 3253 1178 3306 aevi
1190 3251 1345 3308 historicis
1360 3251 1368 3302 i

182 3321 387 3374 observatione
412 3329 464 3372 sur
486 3318 529 3372 les
553 3317 693 3372 histoires
718 3319 753 3373 de
771 3319 872 3373 Tacite
890 3321 917 3386 2,
938 3323 980 3379 7⁷.
1000 3319 1035 3374 T.
1055 3321 1078 3375 1.
1097 3339 1126 3394 p.
1145 3325 1206 3379 275.
1244 3265 1371 3392 „Quelri

182 3392 276 3446 curel!
297 3391 395 3462 quelle
413 3389 576 3466 grandem!
602 3389 701 3460 quelle
719 3393 790 3446 aner
812 3392 854 3445 ie!
879 3391 977 3462 quelle
994 3393 1141 3466 potitique
1160 3393 1301 3450 sublime!
1330 3389 1371 3462 Ad

204 3463 252 3517 uel
291 3461 376 3515 lsisir
394 3459 429 3515 de
447 3459 555 3534 pereils
574 3476 732 3514 morceaux
750 3479 780 3516 se
791 3411 864 3517 lent
881 3461 939 3520 lire
958 3473 987 3519 et
1006 3463 1193 3520 soutiennent
1211 3475 1299 3521 notre
1313 3475 1371 3592 sttq

183 3538 259 3588 troni
308 3549 363 3587 eux
382 3529 484 3586 choses
504 3529 713 3601 empdcheront
731 3533 872 3601 tunicum,
918 3553 955 3592 ue
979 3552 1052 3591 nous
1076 3536 1196 3608 n’ayons
1222 3537 1257 3592 de
1283 3556 1358 3616 gran

182 3605 322 3660 histoires
340 3605 488 3658 vrsiment
506 3605 724 3670 interessentes,
744 3553 931 3661 1’exactitude
948 3609 1128 3675 minitiense,
1148 3609 1221 3663 dont
1239 3627 1316 3664 nous
1334 3595 1371 3664 nd

181 3679 291 3733 saisons
309 3693 367 3729 une
385 3677 438 3741 loi,
466 3682 496 3728 et
514 3675 542 3730 la
561 3676 730 3730 monotonie
748 3677 783 3730 de
800 3676 830 3730 la
854 3681 1013 3736 narration.
1051 3679 1127 3736 G'est
1143 3699 1184 3735 un
1202 3681 1323 3748 masnil,
1351 3673 1371 3744 ai

183 3748 355 3819 occupation
379 3744 508 3818 penible,
535 3764 592 3818 que
616 3745 652 3799 de
676 3745 734 3801 lire
752 3749 805 3801 nos
823 3747 961 3804 histoires
980 3751 1015 3804 de
1033 3749 1155 3820 Fratres,
1174 3753 1250 3808 celle
1269 3745 1371 3830 d’Angl

182 3828 262 3874 terre
280 3835 335 3889 par
346 3819 441 3872 Hume
460 3824 490 3870 et
507 3827 606 3872 autres
625 3817 802 3876 semblables.
839 3821 894 3874 hes
913 3837 1056 3899 ouvrages
1075 3825 1125 3878 des
1143 3821 1263 3879 enciens
1282 3817 1371 3890 dans}

182 3908 272 3968 genre
292 3897 359 3944 sont
376 3908 413 3944 au
432 3891 578 3944 contraire
596 3888 727 3954 tcuiours
769 3891 882 3962 iqusns,
914 3901 944 3948 et
961 3893 1062 3960 jamnis
1080 3893 1119 3948 ils
1137 3913 1183 3962 ne,
1193 3894 1304 3952 lassent
1325 3891 1371 3968 qul

183 3981 240 4032 que
258 3961 343 4038 longe
363 3959 448 4030 qn'ils
464 3961 601 4082 puissent
619 3959 691 4016 dtre.
764 3970 807 4016 est
827 3961 911 4034 qu’ils
930 3983 968 4018 ne
1006 3970 1230 4038 scientemque
1249 3969 1285 4023 de
1297 3981 1371 4050 graq

183 4033 321 4086 resultats
349 4040 379 4088 et
402 4029 489 4101 qu'is
515 4039 581 4085 sont
600 4033 691 4085 sesnes
710 4031 745 4088 de
764 4033 906 4101 discours,
946 4037 976 4089 ui
985 3985 1061 4092 1leur
1079 4037 1207 4093 donnent
1226 4059 1266 4094 un
1285 4057 1371 4106 mous

183 4112 264 4159 ruent
287 4103 479 4174 drunatique.
517 4103 557 4158 Ge
583 4119 621 4156 ne
649 4113 716 4188 sont
740 4122 791 4176 pse
809 4105 844 4160 de
862 4055 955 4160 froids
968 4110 1075 4192 meite,
1093 4109 1220 4168 herines
1240 4111 1277 4167 de
1294 4113 1371 4178 disci

181 4245 218 4300 a
244 4247 361 4317 ,ame
391 4247 521 4317 esque,
549 4174 1371 4310 0,ttttttt⁰⁸at⁶2tttfittt,22:321liciti*

183 4317 396 4394 l'imagination
414 4325 444 4372 et
462 4316 497 4372 de
515 4316 725 4389 l'eloquence.“
1241 4347 1249 4364 ·

182 4177 260 4230 siens
279 4166 535 4260 chronologiques,
554 4178 608 4252 geo
