2890 4790
136 239 151 275 e
183 209 326 276 CAPUT
347 207 683 276 xnw-xuvnl:
711 207 754 287 (A
766 205 815 270 ,11
827 205 901 275 779.
923 207 963 271 Α.
974 151 1013 271 ¹C.
1024 204 1092 285 26.)
1185 205 1248 272 627

21 391 54 438 et
79 379 287 435 Rbonnelalces
311 377 468 450 poscebant
492 374 631 444 uenirent,
658 390 718 430 non
742 374 860 430 ueniret.
889 373 974 429 md
996 368 1108 439 e‚1t.“
1138 367 1246 424 Wallle.

21 471 108 524 quum
129 485 159 496 -
189 449 367 506 uenereedd.
389 449 594 519 bipertito.
618 463 704 518 quum
723 479 755 490 -
775 447 917 502 uenissent
939 447 1015 502 coni.
1042 443 1067 496 1.
1086 443 1135 498 Fr.
1156 442 1247 497 Gron.

22 534 53 579 et
74 541 157 594 queem
177 554 207 564 -
227 522 337 576 ueniret
356 519 488 590 Lempel.
525 517 582 573 Sed
600 535 683 589 quum
702 551 734 561 —
755 536 817 573 aum
836 551 868 561 -
887 533 949 571 mm
975 531 1060 570 aures
1079 513 1201 568 offendit
1220 519 1250 566 et

22 600 55 650 in
76 593 133 648 MS.
156 601 198 648 est
216 611 309 666 quarm
328 608 387 646 non
410 607 502 661 puunu
532 607 627 661 neque
650 591 724 646 tun.
745 615 779 628 -
798 589 968 660 Pomponius
985 587 1088 652 Lateo,
1107 603 1137 640 r.
1156 585 1183 651 6,
1203 586 1248 640 29.

22 701 56 711 -
80 665 298 732 ttlsoemetutces,
330 683 360 716 v.
387 663 450 716 Ind.
480 661 503 714 1.
524 693 557 705 -
595 662 697 714 addita
719 661 867 730 praesenti
891 660 974 729 copia
1001 659 1139 710 militum.
1166 673 1195 712 r.
1215 653 1251 708 ad

21 743 53 804 1,
72 742 101 804 4,
120 741 148 796 2,
184 737 268 791 Licet
286 734 369 788 nulla
387 741 462 788 esset
480 733 559 808 legio
578 734 610 786 in
628 731 764 800 Thracia,
784 733 906 792 Sabinus
925 739 1022 784 tamen
1039 727 1150 796 copiam
1164 741 1251 808 prae-

22 816 142 876 sentem,
162 825 270 874 secum,
287 805 408 860 habebnt
425 805 539 876 aliquot
556 803 732 872 cohortium,
751 822 823 876 quas
842 803 956 858 addidit
974 799 1117 870 legionis
1135 799 1252 852 Moesta

22 882 165 936 adductae
184 888 213 934 et
231 879 351 934 auratis
369 875 534 942 Threcum
560 877 645 932 Brot.
668 907 698 920 -·
735 876 928 946 conpositum,
958 890 1014 944 per
1036 869 1202 942 manipulos
1222 876 1252 922 et

23 953 156 1018 ordines,
175 951 225 1006 vel
237 951 302 1018 ‚suis
320 949 394 1002 locis
414 948 599 1018 dispositum,
618 948 803 1004 collocatum.
832 966 861 1004 r.
881 945 961 1012 adl,
982 949 1009 1010 1,
1027 945 1054 1000 4.
1075 951 1126 984 —'
1145 941 1253 1024 nuden-

24 1024 52 1076 ti
54 1039 86 1075 uo
100 1051 132 1060 -
142 1023 316 1086 mordentur,
327 1039 355 1076 v.
366 1019 401 1074 ad
412 1023 438 1084 1,
450 1021 491 1085 16,
501 1021 527 1074 3.
538 1027 567 1073 et
580 1023 621 1086 11,
632 1021 677 1084 22,
688 1023 714 1075 1.
724 1047 757 1058 -
776 1017 916 1088 sanguine
934 1015 1120 1071 barbarorum
1131 1013 1252 1080 modico,

23 1094 142 1148 modice
162 1091 262 1150 effuso.
283 1092 326 1149 Cf.
347 1090 411 1148 Ind.
430 1089 485 1146 111.
505 1109 533 1143 r.
552 1090 704 1145 Adieatlva
722 1091 755 1144 iu
772 1098 853 1144 serto
872 1105 938 1144 casu
957 1087 1084 1140 absolute
1098 1085 1205 1155 posita.

97 1169 125 1222 2.
155 1165 261 1218 castris
285 1164 316 1218 in
339 1164 400 1218 loco
427 1161 616 1228 communitis,
642 1181 671 1219 r.
692 1163 728 1221 od
747 1167 773 1229 1,
793 1166 838 1230 63,
857 1165 884 1218 t.
911 1169 941 1216 ct
964 1159 1033 1235 Agr.
1059 1161 1103 1214 33.
1123 1175 1152 1209 ιι.
1171 1159 1197 1212 2.
1218 1188 1251 1224 ε

22 1253 136 1306 neagnn
152 1237 197 1290 cis
215 1243 328 1289 mmata
345 1241 396 1288 aut
415 1233 573 1298 incondita,
593 1231 719 1288 imbellis
739 1243 768 1290 et
786 1235 918 1298 inermis,
937 1239 970 1285 ut
982 1233 1085 1300 iugens
1099 1227 1253 1283 multitudo

23 1309 207 1374 bellatumn
226 1307 381 1362 imbellium
399 1323 460 1378 cop.
471 1309 515 1363 te.
539 1305 614 1360 ltlele
629 1311 661 1358 at
678 1323 733 1377 pro
751 1313 801 1360 aut
818 1305 924 1360 dedero
942 1302 1035 1358 Rhen-
1052 1299 1119 1358 1116.
1139 1298 1253 1369 Micyll.

24 1399 81 1436 nec
101 1379 240 1434 meliores
265 1379 392 1432 aliorum
410 1379 595 1434 coniecturae
619 1377 671 1432 sed
695 1386 725 1432 et
742 1376 826 1432 taut.
847 1397 875 1434 r.
893 1376 930 1430 ad
947 1381 975 1442 l,
996 1377 1040 1441 16,
1060 1379 1086 1432 1.
1106 1405 1139 1418 -
1175 1385 1255 1424 mm

22 1451 127 1520 gentis
146 1467 208 1502 cum
225 1449 398 1503 comunibus
422 1456 449 1504 et
474 1449 612 1520 tripudiis
641 1449 851 1517 persultabant,
878 1445 1050 1518 (saltabant)
1069 1477 1102 1490 -
1121 1449 1256 1498 cantuum

24 1529 50 1576 et
72 1539 220 1575 armorum
243 1519 366 1576 tumultu
390 1527 497 1575 trucem
524 1517 683 1574 cohortem.
711 1539 740 1578 v.
759 1521 796 1574 od
813 1521 849 1578 ll.
868 1524 895 1587 2,
914 1521 959 1586 22,
977 1521 1004 1577 3.
1038 1514 1254 1586 praesonabam

24 1593 92 1648 edd.
114 1593 193 1664 lips.
213 1625 247 1635 -
283 1591 379 1645 inulta
406 1590 553 1664 (impune)
581 1589 644 1647 edd.
671 1599 728 1648 vet.
755 1601 784 1646 et
809 1610 869 1648 rec.
894 1591 952 1646 nisi
973 1589 1051 1662 quod
1067 1587 1157 1644 mulla
1175 1587 1253 1658 lips.

24 1665 134 1716 reltima
166 1663 256 1717 Gron.
281 1661 374 1732 Ryck.
399 1664 482 1719 aliae.
510 1695 542 1705 -
584 1661 705 1730 propius
737 1663 907 1730 incedentes,
938 1679 965 1715 r.
992 1659 1028 1718 ed
1052 1663 1078 1726 1,
1102 1660 1149 1725 36,
1172 1659 1199 1714 3.
1221 1683 1255 1694 -·

23 1732 205 1800 Sugambrae
223 1731 286 1786 edd.
308 1733 386 1803 lips.
408 1740 438 1786 et
456 1748 516 1788 reo.
535 1731 721 1802 Sugraubrae
739 1734 797 1790 166.
817 1735 986 1805 Sycambros
1003 1729 1067 1786 edd.
1094 1738 1153 1785 ret.
1171 1745 1200 1782 r.
1220 1725 1255 1782 cd

21 1808 52 1866 2,
72 1806 122 1868 26,
141 1805 166 1859 3.
187 1811 217 1857 et
235 1802 307 1878 Agr.
326 1806 372 1859 31.
393 1821 423 1856 n.
444 1808 469 1860 1.

423 1925 616 1983 CAPUT
670 1926 860 1986 XLVIII.

114 2033 294 2098 Translata
331 2033 452 2098 dehinc
489 2043 599 2099 uestra
636 2034 766 2100 hostem
827 2043 956 2120 ropter,
1002 2036 1131 2099 relictis
1167 2032 1258 2116 apud

23 2119 150 2202 priora
177 2119 383 2180 munimento
412 2117 611 2198 Threcibus,
646 2139 729 2202 quos
762 2056 857 2182 nolis
889 2119 1023 2182 affuisse
1051 2118 1255 2183 memoravit

23 2205 138 2285 iisque
166 2201 364 2284 permissum
384 2209 530 2282 vastare,
551 2219 665 2281 urere,
686 2203 823 2266 trahere
843 2199 994 2284 praedes,
1017 2197 1096 2263 dum
1116 2200 1256 2284 popula·

23 2289 80 2348 tio
102 2285 212 2347 lucem
233 2285 323 2348 intra
344 2285 524 2348 sisteretur
544 2292 742 2368 noctemque
762 2287 799 2348 in
820 2285 938 2348 cestrie
953 2291 1062 2348 tutem
1074 2283 1257 2370 etvigilepn

23 2375 255 2451 capesserent.
289 2367 329 2430 16
348 2371 460 2454 primo
482 2377 670 2436 servatumt
692 2389 769 2432 mox
789 2369 882 2432 versi
902 2369 939 2433 in
959 2367 1076 2430 luxum
1094 2373 1129 2430 et
1149 2368 1256 2448 raptis

23 2451 185 2535 opulenti
216 2451 375 2514 omittere
406 2453 579 2531 stationes,
611 2452 746 2514 lascivia
777 2451 954 2534 epularum
983 2458 1043 2512 eut
1074 2467 1191 2514 somno
1222 2457 1258 2511 et

24 2539 113 2598 vino
136 2535 369 2614 procumbere.
414 2533 525 2620 Igitur
545 2534 669 2614 hostes,
690 2535 823 2598 incuria
844 2553 962 2596 eornm
982 2543 1166 2616 comperto,
1188 2527 1256 2594 duo

21 2619 167 2706 agmina
195 2623 329 2697 perant,
363 2635 505 2700 quorum
536 2618 644 2682 altero
671 2619 889 2704 populatores
914 2616 1168 2698 invaderentur,
1196 2615 1256 2678 alii

22 2710 142 2764 castra
162 2699 311 2762 Romana
332 2709 575 2788 oppugnarent,
601 2721 669 2764 non
691 2721 749 2784 spe
770 2697 933 2783 capiendi,
962 2697 1021 2764 sed
1041 2709 1082 2762 ut
1101 2701 1258 2778 clamore,

21 2786 119 2864 telis,
161 2803 222 2846 suo
251 2785 389 2867 quisquo
419 2785 571 2866 periculo
606 2785 756 2847 intentus
785 2803 942 2848 sonorem
969 2783 1108 2847 alterins
1134 2784 1257 2867 proelii

22 2887 97 2930 non
126 2867 304 2950 acciperet.
357 2864 532 2929 Tenebrae
558 2869 697 2950 insuper
724 2866 869 2931 delectae
905 2885 948 2928 au
972 2865 1091 2928 endam
1118 2866 1161 2929 ed
1188 2870 1257 2930 tor.
1310 2879 1316 2900 ·

23 2951 206 3012 midinem.
240 2947 304 3012 Sed
326 2951 382 3032 qui
403 2951 528 3012 vallum
549 2949 720 3054 legionum
741 2951 926 3023 tentabant,
948 2887 1046 3013 docile
1064 2951 1256 3034 pellunture

22 3033 205 3096 Thracum
232 3033 356 3094 auxilia
382 3036 559 3116 repentino
589 3051 726 3096 incursu
748 3035 881 3110 territa,
910 3051 1010 3116 quum
1039 3051 1116 3114 pars
1145 3035 1257 3094 muni·

22 3117 183 3180 tionibus
215 3114 417 3194 adiacerent,
455 3117 568 3199 plures
601 3125 698 3178 extra
728 3117 937 3199 palarentur,
971 3123 1066 3177 tento
1094 3115 1258 3178 infensius

26 3202 136 3278 caesi,
160 3207 282 3282 quanto
304 3201 463 3285 perfugae
485 3208 520 3262 et
540 3198 732 3282 proditores
758 3203 850 3264 ferre
875 3217 971 3262 arma
1001 3195 1045 3262 ad
1072 3217 1171 3262 suum
1196 3217 1256 3282 pa·

23 3287 188 3366 triaeque
216 3283 393 3344 servitium
420 3283 670 3348 incusabantur.

105 3388 133 3439 1.
152 3381 310 3436 lbanslata
329 3380 429 3438 debinc
447 3391 544 3436 castra
561 3379 666 3436 bostem
681 3389 811 3452 propter,
828 3397 932 3456 prope,
950 3385 1072 3454 propius
1090 3381 1125 3437 ad
1143 3382 1258 3438 hostem

21 3479 55 3514 v.
78 3455 117 3509 ad
137 3457 165 3516 l,
183 3455 228 3519 66,
246 3457 272 3510 3.
294 3462 324 3508 et
344 3455 407 3512 ind.
427 3454 528 3507 111.‘v.
547 3454 780 3523 Praepositiones
804 3455 964 3509 nominibus
985 3453 1171 3524 postpositae.
1208 3453 1258 3510 Sic

22 3539 57 3583 et
77 3542 154 3580 mox
171 3525 258 3578 lucem
278 3527 367 3583 intr'a.
389 3557 421 3568 -
456 3525 610 3579 mernoraoi
627 3541 687 3595 cap.
707 3529 752 3583 47.
767 3557 798 3569 -
829 3527 904 3592 dmn,
922 3525 1091 3592 dummodo,
1109 3526 1258 3596 populatio

19 3604 122 3654 luem
141 3597 232 3660 t'nlro,
256 3597 396 3662 interdiu,
424 3597 584 3665 eietmtur,
609 3615 637 3652 v.
664 3597 700 3652 ad
717 3601 744 3664 3,
767 3601 812 3664 52,
832 3601 858 3656 3.
878 3631 912 3641 -
949 3605 1056 3652 noctem
1073 3598 1106 3650 in
1124 3616 1147 3654 c.
1168 3605 1260 3652 tutam

20 3691 62 3726 ac
81 3667 343 3738 vigilemoap.,r.
364 3669 525 3735 ed12,49,
546 3673 569 3724 1.
590 3676 768 3737 capesserent
793 3669 835 3724 ed.
861 3669 926 3724 Ald.
953 3671 998 3732 cf.
1025 3669 1061 3725 ed
1088 3675 1192 3738 11,31.
1214 3673 1258 3736 12,

21 3749 75 3800 ll.
96 3741 135 3795 al.
159 3771 191 3782 -
228 3739 324 3808 raptio
348 3740 474 3810 opulenti
499 3738 557 3794 MS.
580 3739 642 3796 edd.
670 3740 749 3793 Pich.
772 3741 850 3814 Lipe.
877 3759 900 3798 a.
929 3745 1007 3799 1607.
1029 3745 1106 3801 1627.
1127 3744 1204 3798 lete.
1230 3749 1260 3794 et

20 3832 88 3869 rec,
117 3810 200 3880 rapti
226 3811 372 3880 opulentia
395 3813 459 3868 edd.
485 3820 543 3866 ret
565 3811 641 3882 quod
666 3813 790 3885 tortasse
814 3831 917 3870 verum
942 3822 994 3870 est.
1020 3833 1045 3867 v.
1066 3813 1102 3870 nd
1121 3817 1164 3882 lt,
1183 3815 1209 3879 5,
1229 3816 1255 3869 6.

18 3883 111 3953 capti
129 3883 277 3950 opulentia
298 3883 361 3941 edd.
381 3884 459 3955 Lips.
478 3884 603 3954 priores.
1171 3909 1177 3924 =

105 3957 133 4011 2.
155 3969 273 4023 quorum
290 3955 383 4008 altero
399 3955 583 4024 populatores
600 3953 814 4021 invaderentur,
838 3955 903 4022 atii,
921 3958 1023 4022 ceteri,
1048 3953 1091 4021 (v.
1112 3956 1148 4009 ad
1168 3961 1193 4021 1,
1211 3957 1256 4020 33,

17 4029 71 4088 3.)
94 4032 195 4080 castra
213 4026 293 4079 ltcen.
314 4033 522 4095 oppugnarent,
541 4026 668 4080 alterum
686 4035 781 4080 cestra
803 4027 836 4081 R.
855 4035 1045 4104 oppugnaret,
1071 4043 1126 4080 nou
1143 4041 1192 4096 spe
1209 4041 1258 4079 ca·
1336 4051 1345 4076 e

16 4097 135 4170 piendi
151 4115 193 4162 ea,
212 4097 263 4151 oed
280 4103 312 4150 ut
330 4099 463 4168 clamore,
483 4091 562 4164 telis,
580 4107 703 4168 propter
720 4098 879 4154 clunorem
895 4107 924 4153 et
941 4098 1080 4164 telorum,
1098 4113 1256 4162 armorum,

16 4169 201 4240 strepitum,
220 4169 408 4239 unoquisque
427 4203 458 4212 -
479 4185 535 4222 non
553 4169 696 4238 acciperet
713 4169 841 4237 auribus,
861 4169 974 4224 audiret
1001 4167 1100 4226 0166
1119 4175 1145 4236 1,
1164 4171 1209 4236 67,
1232 4175 1255 4224 1.

18 4245 243 4311 oppugnarent,
262 4259 290 4296 r.
310 4240 346 4293 sd
362 4243 389 4306 2,
408 4243 452 4306 81,
472 4245 496 4296 1.
509 4273 543 4284 -
578 4241 727 4308 repentino
744 4241 861 4296 incursu
880 4250 910 4296 et
925 4242 1094 4311 palarentur
1113 4239 1170 4293 MS.
1191 4240 1254 4296 edd.

19 4311 111 4368 Pich.
133 4319 164 4366 et
182 4327 241 4366 rec.
278 4312 425 4380 repentino
443 4325 579 4366 concur-eu
598 4319 628 4367 et
649 4311 856 4382 protelarentur
874 4312 938 4368 edd.
959 4323 1015 4370 vet.
1038 4339 1067 4352 -
1107 4319 1186 4367 tanto
1211 4313 1256 4370 in·
