2890 4790
176 207 321 274 oscus
342 209 485 276 xxm
509 211 670 277 xxvm.
693 212 745 294 (s.
769 213 809 280 u.
832 187 910 281 ⁷an
925 217 963 282 s.
986 213 1023 280 c.
1046 217 1115 298 cs.)
1157 219 1263 316 »sse
1371 159 1374 165 ⁵

45 373 209 430 meminit“
236 373 316 444 Lips.
347 373 410 442 „Oi
440 373 531 432 Gron.
550 378 586 432 ed
603 377 667 434 lis.
687 383 731 444 lo,
749 382 793 438 so.
818 380 970 436 lleinesins
986 389 1079 454 putet,
1101 380 1181 438 bunc
1197 401 1259 440 esse

44 449 81 500 Μ.
101 445 214 502 Staium
233 447 381 513 Flaccum,
400 449 451 518 qui
468 466 495 502 ee
507 447 543 504 U.
559 453 620 506 784.
640 451 779 506 duumvir
795 453 886 508 Nolae
902 454 970 510 init.
989 471 1016 510 s.
1031 453 1148 510 Gruter.
1165 457 1257 514 inser.

43 518 328 590 p-1tt87,l.“Ern.
349 549 381 566 -ι-
417 520 565 588 prosimos
588 522 710 576 audone
734 539 773 579 sc.
793 525 871 578 duci.
908 523 942 578 ld
959 524 1142 580 iamdudum
1161 529 1259 582 conie-

44 607 141 643 cersm
165 597 195 644 et
219 607 298 644 nunc
327 588 393 644 decli
417 591 549 662 exemplo
573 593 664 647 lielsk.
691 595 723 648 iu
749 593 794 648 ed.
821 595 862 648 11.
892 596 1011 649 audatia
1036 595 1093 650 ns.
1118 598 1258 654 audaciae

42 679 144 714 omnes
163 659 224 714 edu
245 692 277 704 -
314 661 534 731 ioemtrspidons
554 663 772 721 eduenses.
792 669 818 722 ³,
838 674 868 720 et
891 667 959 720 dein
982 683 1089 724 omnes.
1116 669 1175 722 iam
1198 676 1258 722 tre·
1299 656 1302 676 ¹

40 733 112 800 pido
130 731 331 786 ediliceret
348 731 442 814 liben.
463 739 488 789 1.
527 734 607 800 „lloc
629 744 727 806 potest
752 737 891 813 coniungi
914 754 980 792 cum
1004 739 1113 793 minore
1139 740 1170 794 in
1195 739 1258 794 dies

40 805 118 870 plebe
137 804 270 872 ingenuo.
306 803 458 859 Molestum
488 823 556 860 esne
581 813 625 860 est
649 807 791 875 trepidam
809 809 841 862 ob
858 809 1076 874 multitudinem
1102 829 1158 866 uec
1176 813 1259 866 iuvet

41 875 162 950 virgnis
179 894 196 930 a
213 875 365 928 nonnullis
382 883 449 946 post
466 877 608 946 trepidam
629 879 759 948 posits.“,
774 877 880 936 Waitb.
898 879 1048 934 Molestum
1066 883 1163 952 potius
1182 875 1259 937 esset'

40 947 100 1000 iens
118 947 234 1016 trepida
253 973 286 984 -
304 946 415 1000 minore
429 949 523 1016 plebes
555 966 650 1019 nsque
667 959 711 1004 est
729 947 806 1021 quod
822 951 904 1006 nobis
921 951 1072 1022 displisen
1089 953 1256 1030 vulg-etum:

41 1019 72 1072 in
90 1019 189 1072 urbem
205 1019 264 1070 iarn
282 1018 433 1086 trepidum,
452 1037 524 1090 quse
543 1021 601 1074 ism
618 1021 733 1090 trepide
756 1029 818 1076 esst
842 1021 875 1074 ob
897 1021 1109 1076 multitudinem
1126 1024 1257 1092 faenilia-

42 1107 114 1154 ruos,
134 1095 297 1155 servorum,
316 1087 355 1154 (a.
375 1089 411 1142 sd
428 1093 456 1156 3,
474 1094 519 1155 bb,
538 1091 577 1157 3.)
603 1106 673 1162 quas
694 1092 833 1162 gliscebat
857 1091 896 1158 (v.
917 1093 980 1146 lud.
999 1093 1055 1161 11.)
1082 1095 1255 1160 insessnsusn,

40 1162 161 1226 minore,
180 1161 373 1226 decrescente,
393 1161 424 1214 in
443 1162 504 1216 diss
517 1162 597 1232 plebe
615 1163 756 1230 ingessum
782 1166 820 1221 ci.
840 1163 902 1218 ind.
922 1165 974 1218 lll.
997 1183 1026 1216 v.
1049 1165 1200 1222 Adiectiua
1224 1167 1257 1220 iss
1302 1223 1306 1228 ,

39 1239 121 1286 sesto
141 1247 207 1286 casu
226 1231 351 1286 absolute
366 1233 471 1299 posita.
509 1233 591 1288 Plebs
609 1233 686 1288 Urbe
707 1236 808 1290 cedere
826 1251 860 1289 co
883 1235 983 1290 ebatur
1005 1253 1115 1290 aunone
1140 1237 1255 1292 acriore

38 1306 180 1380 fatigem
198 1303 281 1358 Brot.
318 1304 482 1358 immensum
520 1319 553 1357 ro
571 1305 603 1358 s'n
621 1305 794 1371 inmersum,
812 1314 846 1360 ut
861 1255 890 1370 fi,
910 1310 954 1361 bb.
973 1307 1016 1364 bl·
1048 1305 1097 1361 Sic
1115 1316 1145 1362 st
1162 1315 1255 1362 aster-
1311 1377 1314 1384 Ι

39 1391 105 1430 num
124 1377 153 1441 3,
172 1377 216 1432 uo.
236 1376 342 1440 1228.
367 1383 395 1430 et
419 1376 477 1431 elie
494 1323 646 1430 idisenus
663 1385 760 1432 neutr.
780 1395 846 1455 gen.
873 1377 905 1432 in
923 1378 998 1458 sing.
1017 1394 1071 1449 pro
1089 1378 1252 1435 Aduerbiis.

345 1541 350 1550 ·
436 1519 628 1593 ceput
681 1497 855 1596 'xxvm

122 1643 244 1708 lisdem
264 1645 457 1710 consulibus
479 1649 690 1712 miseriarum
712 1668 751 1709 ec
771 1647 929 1712 saevitiae
950 1649 1134 1732 exemplum
1156 1657 1254 1716 atros

37 1747 115 1790 reus
137 1737 244 1811 peter,
266 1739 440 1793 eccusetor
460 1729 566 1792 iilius:
587 1750 706 1792 nomen
728 1733 862 1810 utrique
884 1731 1004 1794 Vibius
1026 1731 1180 1795 Serenus.
1215 1733 1254 1794 ln
1303 1799 1309 1814 ,
1376 1741 1379 1748 ’

37 1819 190 1872 senatum
211 1811 339 1875 inducti
360 1813 498 1874 suntab
520 1813 636 1874 exsilio
659 1821 825 1876 retrectus
847 1814 1025 1898 illuvieque
1046 1834 1085 1876 ec
1101 1816 1253 1896 squalore

37 1895 168 1958 obsitus
197 1903 230 1958 et
251 1903 321 1958 tum
350 1903 465 1958 cetone
490 1897 623 1958 vinctus
675 1905 749 1958 eter
777 1904 895 1960 orente
923 1896 1006 1976 filio,
1035 1907 1253 1980 praeparetur

36 1977 241 2056 adolescens,
275 1979 388 2040 multis
416 1977 601 2058 munditiis,
636 1917 738 2040 electi
765 1981 873 2041 vultu.
922 1978 1073 2042 Structes
1102 1979 1214 2042 Princi
1240 1981 1253 2041 i

36 2060 190 2140 insidias,
211 2063 326 2124 missos
348 2061 383 2122 in
396 2059 539 2124 Gelliam
550 2061 736 2124 concitores
765 2061 844 2122 belli
871 2059 970 2122 index
991 2060 1079 2122 idem
1101 2071 1134 2125 et
1155 2071 1250 2126 testis

35 2141 170 2206 dicebat
197 2143 465 2227 annectebetque,
494 2141 674 2206 Caecilium
703 2141 890 2206 Cornutum
917 2145 1123 2226 praetorium
1153 2145 1251 2208 mini·

35 2227 198 2290 stravisse
219 2229 412 2308 pecuniem3
435 2229 493 2308 qui
514 2225 625 2288 teedio
646 2245 816 2304 curarum,
838 2234 872 2288 et
893 2221 1171 2310 quispericulus'u
1188 2247 1251 2310 pro

35 2311 140 2372 exitio
174 2309 369 2387 hebebatur,
413 2315 555 2371 mortem
583 2312 619 2371 iu
648 2327 683 2371 se
715 2310 896 2370 festinavit.
947 2309 992 2370 At
1023 2317 1140 2372 contre
1171 2329 1251 2372 reus

34 2391 122 2452 nibil
146 2393 288 2455 infracto
310 2395 419 2454 animo
440 2393 599 2453 obversus
617 2394 651 2452 iu
676 2391 781 2454 filium
803 2401 939 2474 quatere
962 2393 1107 2470 vincula,
1128 2411 1251 2455 vocure

33 2476 167 2537 ultores
188 2473 279 2554 deos,
300 2485 339 2537 ut
359 2477 423 2538 sibi
444 2473 578 2558 quidem
598 2473 777 2538 redderent
794 2475 957 2554 exsilium,
979 2473 1038 2536 ubi
1054 2477 1169 2557 procul
1189 2475 1251 2540 teli

33 2575 131 2620 more
158 2577 177 2618 e
201 2567 283 2638 eret,
314 2559 421 2622 filium
449 2567 559 2621 entem
595 2557 789 2642 quandoque
821 2557 1248 2645 supplicielsequerentur:

32 2649 322 2724 assererentque,
351 2644 561 2706 innocentem
583 2637 768 2704 &cnutum
796 2647 828 2704 et
850 2643 932 2704 ielse
960 2643 1169 2720 exterritum,
1199 2639 1252 2704 id.

31 2743 96 2804 que
119 2725 216 2786 iecile
237 2724 418 2802 intellectu,
448 2727 477 2788 si
498 2721 723 2806 proderentur
750 2724 824 2786 elii:
854 2743 920 2786 uon
943 2725 1034 2786 enim
1056 2743 1091 2786 se
1114 2723 1249 2788 ceedem

31 2805 201 2889 Principis
222 2813 256 2870 et
276 2826 330 2870 res
352 2825 455 2870 noves
476 2826 544 2868 uno
566 2809 656 2870 socio
678 2809 853 2896 cogitasse.
1241 2823 1248 2831 ·

105 2947 132 2998 1.
161 2957 227 2996 rsus
246 2949 340 3012 pater,
367 2949 515 2998 aceruatos
537 2942 631 3008 filius.-
663 2929 761 2998 maen
784 2941 899 3012 utrique
923 2940 1024 2998 Vibius
1046 2941 1175 2998 Serenus.
1212 2944 1249 3000 ln

29 3019 165 3068 senatum
183 3047 216 3058 -
234 3015 344 3068 cinctus
364 3021 449 3084 poter
467 3023 568 3070 monte
589 3015 659 3080 filio,
681 3020 871 3083 praeparatus
895 3022 950 3069 oet.
987 3015 1050 3082 „lte
1066 3014 1139 3068 hsce
1157 3023 1186 3070 et
1203 3015 1249 3070 le-

29 3086 128 3161 gende
155 3093 184 3142 et
210 3085 413 3162 distmffsonde
435 3087 582 3141 videntur.
625 3085 771 3140 Describit
797 3093 909 3148 auctor,
937 3085 1037 3157 quales
1056 3085 1167 3140 inducti
1186 3087 1248 3140 sint

28 3165 117 3228 peter
138 3145 274 3223 eitfilius,
293 3173 397 3228 nempe
414 3157 612 3212 diversmimo
635 3165 758 3228 uterque
780 3153 881 3210 bebitu
908 3164 938 3210 et
955 3155 1135 3220 conditione:
1160 3164 1247 3226 pater
1326 3157 1334 3166 “

27 3229 65 3280 ab
83 3227 192 3282 exsilio
210 3235 352 3282 retractus
377 3245 432 3282 nec
449 3237 635 3300 praeparatus
658 3227 694 3282 sd
717 3243 840 3293 censam,
867 3227 1027 3282 adolescens
1042 3235 1246 3296 prmatuss

29 3299 83 3353 ille
115 3299 215 3352 illunis
241 3317 276 3354 ac
298 3299 430 3370 squalore
461 3301 578 3364 obsitus,
609 3298 660 3353 bic
682 3298 782 3350 multis
802 3297 970 3363 munditiis;
999 3299 1051 3352 ille
1069 3305 1127 3352 tum
1144 3305 1247 3352 catena

26 3371 146 3424 uinctus
164 3379 193 3429 et
205 3371 328 3496 ff‘idm
346 3377 446 3424 oram
462 3371 534 3438 filio,
553 3371 630 3440 quod
647 3371 799 3424 tristitiem
817 3367 945 3424 multum
1036 3369 1092 3437 bst,
1119 3369 1169 3424 bic
1187 3370 1246 3426 sls-
1359 3379 1366 3386 '

232 3451 260 3497 te

26 3443 185 3495 crivultu.
261 3441 432 3496 nimoronte
449 3443 509 3510 filio
521 3441 643 3496 ininime
659 3449 702 3495 est
719 3439 890 3496 wibrend
908 3441 973 3496 der
1015 3437 1085 3496 obn
1102 3440 1244 3506 sedete,

27 3531 128 3584 neque
146 3513 203 3589 leg.
219 3520 373 3582 perorente
390 3514 461 3580 filio,
479 3531 546 3568 nem
565 3513 590 3566 is
607 3511 809 3565 tumnensium
827 3513 998 3583 perorsbst;
1017 3513 1067 3566 sed
1084 3518 1183 3566 oronte
1203 3528 1243 3565 sc.

25 3603 147 3638 causam
166 3583 196 3640 b.
216 3603 241 3641 e.
261 3593 422 3652 accusante,
440 3586 489 3640 sel
507 3593 645 3672 precante
664 3591 693 3637 et
749 3582 874 3638 stulsnte
891 3583 967 3650 tilio.-
985 3585 1049 3668 eui
1064 3583 1244 3670 Ankssl‘sge,

25 3657 92 3710 eni
115 3655 382 3764 Eriorderuug
405 3657 465 3711 des
484 3675 516 3712 es
549 3673 637 3710 enen
656 3653 699 3708 So
733 3671 809 3707 nes:
835 3673 901 3708 nem
920 3653 1095 3726 respscstad
1113 3664 1244 3709 catenum

27 3732 88 3778 turn
106 3727 189 3798 petri
208 3727 353 3782 iniectum.
394 3726 504 3783 Waitis.
538 3747 557 3780 n
568 3725 625 3780 MS.
645 3741 743 3780 nomen
759 3723 870 3796 oiriqsoe
893 3725 994 3780 Vibius
1003 3725 1033 3780 S.
1053 3727 1087 3779 ln
1106 3725 1169 3781 edd.
1184 3731 1243 3781 vet

25 3813 94 3850 rsus
110 3803 200 3866 pater
223 3807 372 3854 accusator
393 3799 473 3866 filius
492 3815 589 3854 nomen
606 3797 666 3852 viri
684 3799 716 3854 Q.
737 3796 838 3852 Vibius
855 3797 986 3864 Serenus,
1005 3798 1037 3850 iu
1055 3805 1181 3852 senatum
1197 3795 1244 3850 in-

25 3869 109 3922 ducti
129 3875 206 3934 sunt,
224 3869 260 3924 ab
278 3871 382 3924 exsilio
400 3877 552 3937 retractus,
571 3869 669 3924 illuvie
687 3885 721 3922 ac
738 3869 988 3938 squaloreobsitus
1006 3875 1032 3920 st
1052 3875 1111 3922 tuns
1126 3863 1243 3920 catienus
1302 3879 1305 3886 ’

23 3939 142 3994 rinctus
157 3947 310 4008 perorante
327 3941 399 4008 filio.
426 3941 620 4012 stasparotur
639 3941 799 3995 adolescens
816 3939 914 3994 multis
932 3939 1086 3993 munditiis
1105 3947 1157 3993 cet.
1187 3935 1243 3992 Sed

22 4027 130 4064 nemen
151 4011 265 4082 utrique
286 4011 387 4067 Vibius
410 4013 547 4082 Samus„
561 4011 622 4078 (ci.
648 4030 709 4082 cap.
734 4009 798 4078 36.)
822 4011 880 4063 ism
905 4027 981 4065 corr.
1001 4011 1126 4080 Lipsius,
1158 4015 1243 4078 potes·

22 4087 132 4136 orante
160 4079 248 4148 (num
272 4091 424 4152 perorante
452 4101 487 4138 ex
508 4101 552 4152 pr.
572 4089 670 4136 orante
687 4089 784 4134 ortum
802 4081 1242 4158 uidetur)1l1iol.empugnsnus

21 4171 38 4208 e
57 4153 129 4208 cod.
148 4155 270 4206 lelirsnd.
288 4155 337 4208 vel
349 4157 447 4226 petius
461 4154 605 4208 Frebsrus
624 4171 660 4207 ex
677 4154 797 4276 inienio
815 4159 844 4206 et
861 4151 918 4210 lac.
934 4152 1036 4218 (brom,
1052 4157 1243 4220 praeparatus

21 4224 202 4280 Venturius.
239 4225 316 4279 llinc
334 4241 400 4279 rsus
415 4233 509 4294 pater,
528 4229 676 4278 accuscster
692 4225 713 4290 pi
731 4224 771 4276 'us
788 4221 898 4288 (nomen
915 4224 1027 4294 ute-iesu
1041 4223 1142 4278 Vibius
1159 4222 1241 4276 Scre-

21 4299 90 4364 sus)
121 4295 155 4355 ts
177 4302 307 4354 senatus
332 4297 444 4378 inducti
462 4303 537 4358 suut.
575 4297 620 4350 Ab
633 4294 746 4352 -sssiis'o
764 4319 797 4336 -·
815 4293 925 4352 nudus
938 4303 1034 4372 poter,
1052 4301 1153 4353 uranu
1169 4294 1245 4360 fitia,
