2872 4792
204 211 304 276 aaa.
379 293 381 297 ι
594 207 839 270 suasurum
873 205 956 271 um.
980 205 1022 272 11.

89 339 97 362 '
203 376 306 430 reste
331 372 436 428 essen.
462 372 489 424 a.
516 371 550 424 r.
579 373 601 425 1.
619 389 647 444 p.
675 377 718 430 ar.
748 375 869 428 nosen
893 373 963 426 ua.
983 372 1101 427 omaus.
1122 375 1146 425 ι.
1162 339 1199 442 ’μ
1218 369 1276 426 aas.
1309 371 1393 424 um.

201 446 348 510 Teutschl.
368 443 509 522 Urgeaoh.
529 443 556 512 ᾗ.
576 447 637 500 tut.
658 479 689 488 -
728 454 756 498 at
775 446 854 513 ripae
880 445 970 511 (Dat.)
991 443 1114 505 staminia
1128 447 1225 494 emat
1242 443 1329 506 odiar,
1357 450 1395 496 nst

201 519 280 585 (aliis
302 519 433 590 partibus
459 525 489 570 et
507 516 592 582 locis)
617 517 795 582 prominentia
812 517 934 569 nostium
955 517 1101 568 restitans
1133 513 1210 573 anda
1235 513 1395 584 inaequaliter

200 594 327 644 sinuatur
353 603 480 660 campus,
512 589 599 642 modo
623 588 750 652 latiores,
778 587 865 642 modo
888 587 1072 664 angustiores
1090 579 1170 638 ninus
1189 583 1288 638 efficit.
1322 585 1395 648 ,dile-

222 671 305 715 anter
321 669 480 730 utramque
497 660 621 713 verbum
638 660 750 712 dicitur·
767 660 798 713 iu
816 660 870 713 tali
888 659 1096 728 descriptione,
1120 665 1154 710 ut
1171 671 1307 708 oronam
1323 664 1349 710 et
1362 673 1394 708 re-

231 747 298 798 gere
316 751 361 802 ap.
380 732 454 785 l’lim
474 732 509 784 11.
527 733 564 786 Ν.
584 734 611 797 5,
629 735 672 788 21.
692 731 766 784 Ptin.
785 729 877 804 apli,
897 734 940 786 17.
960 734 988 794 5,
1006 731 1095 794 aas.
1116 736 1146 782 at
1163 727 1223 784 al.“
1248 727 1310 782 En.
1332 729 1396 780 llaec

162 847 166 854 .
200 805 271 858 bene
295 805 425 856 monuit:
458 803 508 857 sed
531 804 608 856 male
638 804 782 874 expressit
813 821 939 867 sensum,
967 810 1001 854 ut
1024 809 1054 854 et
1073 799 1167 854 Obarl.
1195 799 1247 870 (pai
1268 799 1346 850 notter
1368 797 1395 852 ad

201 885 359 946 utrumque
375 873 496 928 verbum
508 874 618 930 retulit.
639 875 805 944 Utrumque
816 871 1113 937 refutavitWaltber‚
1128 872 1180 942 qui
1194 877 1274 925 mete
1288 871 1395 934 monuit,

200 964 258 1000 non
276 947 352 1012 ripas
370 947 464 998 cedere
481 961 577 1016 posse,
596 945 645 998 aad
663 947 799 1010 fluvium,
819 955 848 1000 et
866 946 901 1001 de
919 963 976 998 uua
991 951 1104 998 tantam
1122 943 1253 996 fluminis
1270 944 1333 1011 ripa
1345 941 1370 992 h.
1379 941 1394 995 1.

201 1035 365 1073 sermonem
383 1035 456 1084 esse,
484 1017 607 1070 alteram
630 1031 689 1070 non
711 1017 860 1088 pertinere
883 1017 918 1071 ad
936 1033 998 1069 mm
1020 1033 1070 1067 um
1089 1015 1162 1066 citra
1179 1014 1314 1086 positum.
1347 1029 1395 1078 pro

199 1090 326 1142 minantia
345 1089 453 1140 collium
469 1091 509 1160 μέ
524 1107 549 1156 η,
578 1097 611 1142 ut
630 1104 698 1142 mox
714 1089 800 1154 primo
818 1090 957 1142 citnaram.
1014 1089 1035 1141 l.
1055 1084 1091 1138 ad
1108 1089 1136 1148 2,
1154 1089 1199 1142 80.
1219 1090 1247 1150 l,
1265 1090 1306 1140 41.
1328 1085 1395 1146 tta,

199 1165 243 1218 ts.
262 1160 325 1215 ind.
345 1159 396 1214 111.
416 1177 445 1212 v.
472 1107 619 1213 Adiectiuo
637 1167 734 1212 neutro
749 1175 799 1224 pro
816 1159 954 1216 Sabrtont.
983 1165 1013 1211 et
1032 1155 1154 1210 Genitini
1171 1155 1307 1222 partitiai,
1332 1154 1396 1206 llud·

83 1279 85 1286 ,
200 1231 268 1288 dim.
290 1232 357 1287 inst,
378 1249 468 1308 gram.
488 1230 521 1283 Τ.
542 1231 579 1286 11.
598 1250 629 1302 p.
649 1234 694 1286 bl.
713 1231 757 1286 65.
777 1263 810 1274 -
846 1247 914 1298 paro
931 1229 1016 1294 Muto,
1035 1230 1073 1283 cf.
1093 1227 1156 1280 lud.
1177 1227 1277 1282 tltrv.
1300 1223 1396 1292 Etllpst'r

199 1303 275 1356 bebi
292 1299 422 1358 substerit.
442 1302 471 1353 in
488 1304 586 1368 partic:
606 1303 679 1356 lbra
697 1300 798 1366 lunae,
817 1311 852 1355 ut
869 1315 977 1368 catapan
985 1315 1084 1368 pane,
1103 1299 1170 1351 sine
1186 1299 1280 1363 silvis,
1301 1299 1329 1350 vi
1376 1297 1395 1348 l·

198 1375 238 1427 tis
256 1373 448 1442 collibusque,
467 1374 530 1429 ltin
549 1377 594 1438 ut,
614 1376 655 1430 lt·
675 1373 712 1426 al.
732 1382 859 1443 apertus,
877 1381 990 1444 patens,
1006 1368 1121 1442 pluuiis,
1140 1369 1171 1421 tr
1189 1371 1302 1440 astupet
1349 1385 1394 1420 om.

198 1445 239 1498 Jl.
258 1449 286 1511 8,
304 1449 365 1502 ast.
385 1445 517 1516 ἐμφανῶς
535 1445 634 1516 Polyb.
653 1447 680 1510 ³,
698 1445 744 1510 ὅθ,
761 1447 788 1500 8·

268 1550 294 1608 2
320 1567 376 1603 can
394 1551 498 1604 duabu
513 1551 665 1617 praetoriis
682 1551 845 1618 cohortibus,
864 1549 949 1604 lectis
967 1547 1113 1620 peditibus
1131 1566 1146 1602 a
1190 1547 1339 1617 itibusque,
1355 1547 1395 1616 qui

198 1622 377 1746 praesidium
396 1621 583 1707 imperatorie
602 1629 695 1676 eraut.
714 1640 742 1674 v.
761 1623 799 1675 ed
817 1625 842 1707 l,
862 1623 906 1688 tt,
925 1627 949 1676 l.
969 1629 1000 1675 et
1013 1621 1094 1744 dulps.
1114 1622 1178 1672 mi.
1197 1621 1278 1704 Rom.
1297 1623 1321 1682 1,
1337 1621 1358 1673 l·
1370 1647 1394 1658 -

214 1701 319 1778 tuentur
334 1701 500 1777 paratusque
518 1702 683 1770 iungamtur
700 1711 717 1746 a
734 1692 805 1746 sill.
826 1711 857 1746 un
872 1692 934 1778 Cat.
947 1695 991 1749 tt.
1010 1709 1043 1744 m
1076 1709 1125 1768 ug.
1138 1694 1183 1775 db·
1203 1691 1264 1776 (ubi
1281 1709 1307 1742 a.
1320 1688 1395 1772 Cort)

198 1765 608 1906 titttttohttitt·
620 1765 1091 1912 ,ritatt'iittittth
1104 1781 1229 1911 :³2:33⁰
1247 1769 1395 1902 titt

199 1913 300 1971 staret,
318 1907 380 1960 acie
399 1914 512 1960 structa
530 1907 579 1962 vel
597 1907 632 1961 ad
651 1907 855 1980 excipiendum
882 1905 985 1960 velud
1011 1903 1207 1959 invadendum
1225 1853 1348 1968 bostem
1371 1909 1396 1956 ut

198 1983 274 2032 esset
301 1975 415 2032 stabilis
441 1984 491 2030 aut
517 1978 603 2032 firma
631 1979 713 2031 acies.
750 1977 795 2032 Ita
818 1977 864 2031 hic
888 1977 969 2046 pedes
993 1978 1103 2031 adstitit
1121 1994 1182 2048 cap.
1205 1981 1239 2033 ts
1257 1981 1326 2029 extr.
1343 1991 1396 2026 nam

199 2049 329 2100 meistere
346 2051 375 2099 in
394 2047 477 2100 aden
495 2058 540 2104 est
557 2050 703 2102 incessum
722 2049 826 2104 sistere
851 2057 880 2103 et
906 2047 1040 2102 inhibere
1065 2051 1194 2102 lonnata
1216 2047 1277 2103 acie
1297 2044 1396 2106 velita,

199 2127 232 2172 ut
255 2126 333 2172 stent
359 2119 391 2171 in
455 2118 510 2174 adu
533 2121 644 2174 milites
670 2119 706 2174 ad
729 2119 942 2191 proeliandum.
988 2119 1032 2174 De
1058 2117 1113 2172 tali
1140 2120 1256 2174 incessu
1273 2118 1347 2171 locun
1362 2121 1396 2168 est

199 2189 257 2245 insi
301 2186 413 2245 isselt.
448 2209 496 2268 ug.
515 2195 559 2249 19.
599 2209 666 2246 uem
684 2191 898 2264 explicavimus
917 2191 948 2244 in
966 2191 1082 2246 omissis
1101 2191 1177 2244 Obse-
1200 2193 1227 2258 4,
1248 2194 1287 2248 lt.
1307 2189 1393 2254 „Gran

151 2331 160 2352 r
199 2259 244 2316 cf.
279 2260 326 2316 nd.
346 2261 383 2316 ll.
402 2279 430 2316 v.
450 2261 483 2316 ln
500 2271 530 2318 et
547 2209 610 2318 lni.
629 2261 682 2329 111„
700 2280 729 2316 v.
751 2263 921 2318 Constructio
938 2277 1105 2330 praegnans.

624 2415 817 2472 CAPUT
876 2417 988 2472 xvlt.

280 2541 373 2604 Visis
385 2539 631 2604 Cheruscorum
648 2545 805 2622 catervis,
827 2563 909 2625 quae
929 2563 990 2626 per
1007 2544 1165 2604 ferociam
1178 2543 1395 2626 proruperant,

198 2623 420 2694 validissimos
442 2625 592 2707 equitium
612 2627 789 2688 incurrere
820 2625 920 2703 latus,
949 2627 1147 2690 Stertinium
1180 2647 1256 2688 curn
1294 2623 1394 2686 ceteris

192 2709 319 2767 'turmis
341 2706 567 2794 circumgredi
588 2715 642 2768 ter
665 2729 747 2791 aque
774 2707 935 2772 invadere
965 2709 1070 2786 iubet,
1099 2713 1170 2790 ipse
1200 2715 1236 2771 in
1265 2717 1395 2788 tempore

199 2792 376 2853 affuturus.
410 2789 541 2850 Interea
564 2729 824 2872 pulcberrimum
841 2793 1021 2875 augurium
1045 2801 1120 2853 octo
1152 2793 1285 2876 aquilae
1299 2799 1395 2869 petere

198 2873 299 2934 silvas
320 2881 354 2933 et
374 2874 503 2934 intrare
521 2875 611 2935 visae
627 2875 863 2956 imperatorem
882 2873 1068 2936 advertere.
1112 2873 1291 2950 Exclamat,
1312 2874 1394 2940 trent,

198 2967 406 3038 sequerentur
427 2955 588 3018 Romanos
610 2965 693 3032 artes,
714 2959 849 3037 propria
871 2959 1029 3038 legionum
1051 2961 1187 3020 numina.
1233 2957 1332 3020 Simul
1352 2971 1395 3035 pe-

196 3036 321 3112 destris
342 3041 429 3100 acies
452 3041 600 3102 infertur
620 3047 654 3100 et
675 3043 873 3123 praemissus
903 3061 1002 3124 eques
1030 3049 1217 3124 postremos
1247 3060 1286 3100 ac
1307 3039 1395 3098 latera

197 3123 348 3202 impulit3
382 3124 571 3205 mirumque
590 3121 700 3200 dictu,
729 3123 795 3184 duo
823 3123 968 3186 hostium
1004 3127 1135 3211 agntina
1164 3123 1296 3190 diversa
1322 3123 1396 3204 tuga,

198 3207 255 3284 qui
287 3206 404 3265 silvam
439 3213 627 3283 tenuerant,
666 3211 850 3288 inaperta,
884 3210 941 3288 qui
973 3209 1097 3290 campis
1129 3207 1334 3281 adstiterunt,
1368 3203 1395 3262 iu

198 3287 315 3348 silvam
337 3287 489 3354 ruebant.
531 3287 638 3350 Medii
658 3291 747 3349 inter
760 3286 827 3349 'hos
849 3287 1007 3353 Cherusci
1029 3292 1168 3353 collibus
1192 3288 1395 3353 detrudeban-

160 3408 163 3416 ·
199 3379 271 3430 tur:
296 3373 386 3430 inter
408 3389 488 3450 quos
510 3372 648 3456 insignis
669 3371 839 3431 Arminius
860 3393 971 3452 manu,
1001 3393 1093 3452 voce,
1121 3376 1264 3437 vulnere
1285 3379 1396 3433 sualen-

199 3451 289 3513 tabat
310 3471 466 3594 pppnam
494 3455 753 3534 incubueratque
781 3456 963 3538 sagittariis
992 3457 1244 3542 dirempturus,
1274 3459 1308 3516 ni
1328 3453 1396 3514 llae-

198 3541 310 3596 torum
366 3533 648 3620 indelicorumque
670 3545 703 3597 et
725 3534 871 3600 Gallicae
898 3539 1053 3602 cohortes
1079 3543 1173 3630 signa
1202 3541 1395 3601 obiecissent.

200 3617 285 3678 Nisu
306 3625 416 3678 tamen
437 3621 588 3700 corporis
619 3627 654 3680 et
684 3621 811 3700 impetu
842 3625 918 3704 equi
949 3625 1107 3704 pervasit,
1140 3625 1261 3686 oblitus
1293 3621 1396 3682 faciem

199 3719 259 3781 spo
281 3718 414 3772 cruore,
443 3721 484 3762 ne
507 3711 710 3766 nosceretur.
753 3701 895 3766 Quidam
921 3708 1071 3789 agnitum
1101 3729 1121 3770 a
1147 3706 1289 3768 Chaucis
1319 3705 1396 3764 inter

198 3783 321 3844 auxilia
358 3783 506 3845 Romana
583 3785 711 3848 entibus
749 3788 969 3870 emissumque
1010 3789 1232 3852 tradiderunt.
1288 3787 1396 3847 Virtus

200 3885 258 3928 seu
285 3869 376 3928 treus
410 3865 524 3928 eadem
570 3871 768 3956 nguiomero
798 3873 958 3958 effugium
992 3871 1094 3935 dedit.
1148 3869 1261 3934 Ceteri
1286 3869 1395 3952 passim

200 3948 369 4026 trucidati,
397 3957 432 4010 et
456 3951 630 4034 pterosque
657 3961 794 4014 tranare
815 3953 989 4040 Visurgim
1018 3963 1174 4017 conantes
1202 3956 1322 4016 iniecta
1342 3949 1396 4010 teta

122 4103 130 4112 ·
199 4040 257 4094 aut
277 4034 328 4096 vis
348 4035 505 4112 fluminis,
538 4043 706 4118 postremo
735 4035 838 4096 molis
865 4039 1036 4100 ruentium
1058 4049 1092 4100 et
1113 4036 1292 4099 incidentes
1315 4035 1396 4114 ripae

198 4133 372 4195 operuere.
412 4115 553 4180 Quidam
581 4119 675 4200 turpi
702 4121 781 4203 iuga
807 4120 842 4179 in
866 4140 994 4184 summa
1020 4122 1178 4184 arborum
1205 4123 1270 4182 nisi
1291 4117 1396 4180 ramis·

199 4215 263 4278 qne
290 4217 326 4259 sa
353 4198 558 4263 occultantes
584 4199 727 4264 admotis
756 4201 938 4286 sagittariis
971 4224 1032 4287 per
1053 4205 1234 4268 ludibrium
1262 4201 1396 4288 figeban-

198 4287 273 4340 turr
295 4281 378 4345 alios
399 4291 558 4348 prorutae
578 4284 716 4348 arbores
738 4283 893 4347 afflixere.
