2890 4790
273 195 417 280 clror
439 211 481 281 ιι.
504 171 564 280 iu.
584 211 638 292 (ι.
659 211 699 278 o.
720 211 793 280 ne.
816 212 855 278 ι.
878 209 914 277 c.
935 179 1029 293 ean*
1180 207 1252 320 ¹tres

48 385 128 442 etiam
145 385 176 440 in
192 390 296 438 senatu
315 399 346 437 ss
362 381 515 437 venditare
533 397 567 436 ac
584 379 745 458 gratiosum
764 389 793 433 et
816 385 968 451 potentem
991 377 1122 446 reddare,
1147 395 1213 432 nem
1329 408 1333 443 ,
1425 357 1426 446 i

49 475 98 511 non
114 453 247 528 patiendo
265 455 301 508 ud
318 453 443 508 hencres
461 460 491 508 et
509 453 633 526 imperia
649 452 815 524 pervenire,
834 451 893 507 nisi
911 449 1014 522 quibus
1032 451 1094 575 ippa
1112 451 1187 522 apud
1225 452 1251 504 i·
1425 453 1426 524 i

48 530 149 583 barium
167 525 342 604 suffragatus
361 531 442 582 esset.
481 523 542 594 Quo
560 523 768 592 animadverso,
794 523 860 594 quis
878 523 1024 576 dubitaret
1069 541 1127 576 unc
1152 529 1251 594 patro·

47 619 108 654 num
134 597 314 678 adoptare?“
348 597 430 654 eron.
475 597 634 652 Senatorio
657 595 771 648 ambitur
801 602 845 648 est
874 596 987 671 gratiae
1013 595 1089 666 apud
1118 601 1249 648 senatum

47 673 172 744 captatio,
195 679 230 724 ut
254 670 306 722 inf.
333 685 357 724 c.
376 671 420 725 61.
454 668 625 738 mmicipolir
648 668 760 721 ambitio
784 666 912 720 studium
936 667 1048 743 gratiae
1067 667 1250 736 municipum

46 742 208 814 captandae,
226 743 293 794 Em.
313 739 357 794 cf.
379 739 416 792 ad
433 740 468 795 H.
492 745 515 805 Ι,
535 743 561 806 l,
579 743 607 796 ὅ.
625 740 659 793 Α.
679 742 723 796 18.
742 737 773 790 0.
792 741 836 793 et.
872 737 1056 803 „Sesamus
1071 738 1189 796 ondita
1205 745 1251 790 cst

47 815 163 869 studium
182 820 327 868 senatores
344 810 394 865 val
413 819 543 866 senatum
561 811 618 866 sibi
635 809 821 876 conciliandi,
846 808 1004 886 congaudi,
1022 811 1054 864 in
1070 817 1168 880 partes
1185 826 1251 864 suas

46 885 180 951 trahendi,
199 892 233 937 ut
251 886 278 948 3,
298 887 340 940 14.
359 883 468 936 coditio
487 885 626 946 militaris,
644 883 693 938 cui
710 880 740 934 h.
752 882 774 934 l.
795 881 963 952 opponitur.
999 880 1055 936 Dio
1072 885 1117 948 48,
1127 884 1154 936 4:
1172 875 1201 932 Ὀ
1217 877 1252 932 o

45 955 75 1023 di
91 951 207 1024 Σηῒανός
221 957 271 1008 ecl
287 953 389 1028 μείζων
406 955 453 1006 rol
470 949 658 1026 φοβερώτερος
675 949 719 1008 dei
729 953 870 1041 iytyraro,
898 949 962 1012 eirea
977 955 1029 1006 seul
1050 949 1113 1012 τοὺς
1137 953 1250 1018 βουλευ-

45 1025 86 1088 ιὰς
101 1031 147 1080 καὶ
164 1023 226 1087 τοὺς
247 1020 347 1086 ἄλλους
364 1023 459 1092 ἐκείνῳ
475 1025 531 1098 μὲν
548 1022 584 1087 ὥς
602 1028 649 1078 sol
667 1023 846 1094 uisoxporeps
863 1025 1019 1094 προςέχειν,
1044 1021 1093 1078 τὸν
1119 1023 1150 1076 di
1170 1023 1249 1090 Τιβί·

45 1116 100 1170 (ιον
116 1101 146 1154 tr
164 1097 295 1168 ὀλιγωρίᾳ
312 1101 463 1150 ποιεῖσθαι.
500 1097 615 1150 mundi
631 1095 689 1151 MS.
709 1096 772 1150 edd.
791 1097 854 1184 Bip.
874 1095 969 1150 Oberl.
990 1104 1019 1149 et
1036 1095 1073 1149 al.
1091 1103 1181 1150 recte.
1206 1109 1248 1146 or-

45 1173 124 1222 nando
142 1187 241 1224 omnes
260 1168 325 1223 edd.
344 1175 411 1222 ante
429 1168 492 1240 Bip.
511 1171 559 1222 cui
576 1172 688 1223 termae
706 1167 805 1222 nullus
825 1185 856 1221 m
873 1167 930 1221 hac
947 1175 1084 1223 contextu
1101 1167 1182 1223 locus
1196 1173 1248 1218 est.

46 1242 210 1312 Explicatur
227 1239 287 1308 hic',
306 1257 362 1310 qua
378 1241 491 1294 ratione
509 1242 541 1299 iu
559 1241 668 1294 nabitu
686 1239 739 1294 illo
757 1255 827 1294 usus
845 1241 893 1305 sit,
919 1238 950 1292 h'.
967 1255 991 1294 e.
1011 1239 1103 1309 qualis
1126 1237 1250 1290 asnbitus

44 1315 137 1379 fuerit,
155 1314 286 1383 latetque
305 1314 336 1364 in
354 1327 425 1365 voce
442 1311 556 1364 ambitus
573 1315 654 1366 notio
680 1311 837 1384 cupidinis,
865 1311 955 1364 studii
977 1310 1089 1384 aliquid
1112 1307 1248 1364 faciendi.

45 1387 175 1438 Nostrum
195 1385 301 1453 aliquis
320 1383 494 1454 scripsisset*
508 1383 550 1435 sla
566 1392 597 1436 ut
614 1391 732 1436 ornaret.
761 1383 805 1438 Cf.
826 1383 861 1437 ad
877 1385 906 1450 2,
925 1385 968 1440 ao.
987 1385 1032 1437 47.
1051 1384 1078 1446 3,
1097 1383 1139 1437 63.
1166 1381 1201 1436 ll.
1224 1383 1249 1444 l,

45 1458 100 1514 19ss
120 1456 243 1510 Walte·
263 1455 321 1508 lata
338 1469 409 1512 vero
427 1453 491 1508 loca
508 1471 661 1528 perperam
679 1453 850 1522 laudantium
870 1462 899 1508 et
916 1451 987 1507 bene
1006 1453 1123 1526 quidem
1138 1451 1250 1504 dicere-

44 1537 87 1580 tur
111 1529 211 1580 ambitu
235 1525 352 1579 creandi
380 1541 435 1598 pro
463 1525 559 1580 studio
587 1525 719 1594 ornandi,
742 1535 777 1578 ut
794 1523 909 1578 ambitus
934 1525 1089 1578 remouendi
1105 1531 1150 1576 out
1170 1521 1251 1574 medi

44 1599 74 1650 ll.
94 1603 116 1674 l,
135 1603 177 1656 19.
200 1607 229 1653 et
247 1597 366 1661 similia,
385 1597 436 1650 ssd
452 1595 516 1650 h.1.
535 1613 595 1652 nen
613 1607 696 1670 apte,
713 1597 807 1652 multo
825 1597 920 1650 minus
938 1595 1074 1649 emeterio
1089 1593 1189 1648 eruditu
1207 1607 1249 1646 or·

43 1671 127 1737 sordi,
147 1671 207 1724 nisi
225 1685 283 1727 vex
300 1668 414 1722 umidos
431 1669 543 1738 duplici
562 1671 726 1742 accipiatur
743 1684 836 1736 seusu,
860 1683 944 1740 quem
967 1668 994 1722 ei
1012 1667 1117 1724 tribuit
1134 1665 1182 1719 vir
1199 1663 1250 1717 do-

43 1749 108 1794 ctus.
152 1741 233 1794 Bona
258 1733 356 1794 autem
388 1741 533 1798 sententia
563 1741 640 1796 inest
670 1739 804 1824 vulgatae
836 1737 972 1794 lectioni:
1007 1737 1135 1812 captarit
1162 1735 1251 1790 etism

42 1809 1184 1938 1111111111111141441111134·111
1202 1807 1250 1932 lt}

41 1955 184 2022 primitur,
203 1955 258 2008 etsi
276 1896 566 2007 lectione'mpsiuasds·
584 1900 915 2028 inpulissrequioiuemmli:
943 1899 989 2005 81.
1000 1899 1106 2008 qeliiam
1120 1917 1249 2008 luvenal.

42 2029 80 2092 lo,
97 2031 132 2084 eo
150 2045 196 2098 sq.
217 2048 250 2066 «-
269 2023 352 2090 facili
373 2024 482 2079 liberio
500 2031 579 2094 utque
595 2025 637 2078 ilo
652 2037 746 2094 mono,
765 2041 794 2076 v.
806 2023 840 2080 ad
854 2025 880 2090 6,
894 2023 936 2079 15·
955 2031 986 2077 et
1003 2023 1131 2084 lnddll.
1150 2025 1179 2074 ν’.
1197 2019 1250 2072 ΕΙ-

40 2099 114 2165 lipn's
128 2097 210 2151 cerei
227 2095 357 2152 nosram
382 2096 413 2148 s'o
436 2096 541 2151 Periit.
567 2128 596 2140 -
619 2103 648 2149 ut
667 2113 733 2150 eum
750 2101 887 2166 tanquam
904 2093 1004 2150 socium
1024 2095 1142 2150 laborum
1163 2091 1250 2142 -'ss'-

40 2177 117 2232 nnat,
136 2172 178 2226 ct.
198 2167 234 2222 ad
251 2169 278 2234 d,
296 2168 323 2229 6,
341 2169 367 2222 1.
387 2199 421 2212 -
439 2183 491 2220 nen
508 2167 584 2222 node
602 2199 634 2211 -
654 2167 703 2219 sed
720 2167 818 2223 etiam,
843 2161 1102 2234 01111111
1125 2192 1157 2203 -
1181 2162 1251 2216 cele-

39 2240 133 2306 oraru,
165 2239 281 2312 saepius
306 2245 337 2292 et
359 2237 521 2293 honorifice
539 2237 709 2366 appellaret.
749 2265 781 2278 -
806 2237 909 2304 colicos
933 2251 981 2303 per
1007 2224 1114 2288 eiecere
1137 2241 1163 2286 rt
1187 2235 1251 2300 fers

39 2313 144 2376 effigies
162 2311 222 2366 eius
239 2343 269 2354 -
292 2310 402 2376 1111111,
431 2311 467 2364 ci.
489 2325 521 2362 ca
544 2349 552 2364 .
591 2347 600 2364 .
624 2309 860 2378 ad2,83,·23,
880 2305 1169 2373 1111111111.
1195 2303 1251 2358 coli

39 2384 144 2448 effigies
175 2383 233 2438 riae
262 2380 334 2435 ister
358 2381 496 2450 principio
520 2327 676 2456 regiorum·
695 2385 872 2446 annorum,
907 2379 957 2432 ubi
982 2379 1080 2450 aquila
1103 2386 1133 2432 et
1157 2377 1248 2454 signa.

37 2471 62 2504 v.
79 2453 114 2509 ad
132 2459 159 2522 l,
180 2457 225 2520 67,
245 2457 270 2512 l.
306 2450 357 2507 Sic
374 2452 473 2506 Seiani
498 2451 629 2521 imagines
646 2454 717 2506 iuter
733 2453 817 2516 signu
840 2451 928 2502 cultae
953 2467 996 2520 ap.
1017 2447 1096 2505 Suet.
1123 2447 1186 2504 Tib·
1205 2449 1249 2502 48.

37 2525 110 2578 Haec
127 2534 229 2580 antem
247 2543 260 2578 s
282 2531 380 2578 ectant
397 2525 432 2580 ad
449 2525 473 2579 si
516 2544 543 2590 a,
561 2523 671 2578 vexilla
690 2533 719 2578 et
737 2532 816 2580 scuta
833 2521 985 2586 militaria,
1008 2521 1110 2591 quibus
1129 2519 1250 2576 deorum

37 2603 63 2648 et
80 2597 251 2670 Principum
260 2541 464 2660 Romanorum,
496 2615 516 2649 n
533 2595 639 2667 primis
658 2595 803 2662 divorum,
822 2596 884 2647 sive
902 2593 1020 2646 nomina
1039 2593 1135 2646 literis
1153 2590 1251 2645 aureis

35 2669 203 2736 punierim
221 2668 343 2720 inscribi
362 2667 536 2740 insculpive,
557 2668 619 2721 sive
638 2667 779 2742 imagines
798 2665 890 2722 intexi
918 2671 947 2718 et
974 2663 1085 2716 innecti
1109 2659 1249 2723 solebant.

35 2737 76 2792 Cf·
96 2743 122 2806 1,
142 2743 190 2797 as.
209 2742 255 2794 aa.
274 2737 317 2793 er.
336 2741 364 2804 ι,
382 2741 427 2795 sa.
447 2743 474 2806 s,
493 2742 536 2796 ιι.
555 2741 583 2806 s,
601 2742 626 2794 ι.
647 2741 690 2806 ιι,
711 2743 753 2794 ιι.
773 2739 817 2804 ιι,
834 2739 877 2793 ιι.
897 2739 940 2794 aa.
959 2733 1250 2802 (eminenciorem,

34 2809 166 2866 divom
187 2809 356 2876 ommim)
380 2811 417 2866 Η.
437 2815 463 2875 l,
481 2813 525 2866 4¹·
544 2811 571 2874 ²)
590 2813 633 2867 8³·
653 2813 680 2878 ³?
701 2813 743 2866 ¹³.
762 2811 805 2864 ³¹·
831 2807 886 2861 Dio
905 2811 949 2872 ⁴⁰,
971 2809 1013 2862 18·
1031 2807 1077 2874 ⁴²,
1097 2808 1142 2862 ¹5·
1158 2807 1206 2878 ὅθ),
1222 2805 1249 2859 ⁵·

35 2879 108 2935 Suet
121 2881 193 2950 eal.
215 2886 258 2938 14.
279 2889 308 2934 et
325 2883 408 2952 vesp.
428 2884 454 2938 6.
474 2881 548 2938 Plio.
568 2899 634 2952 pan.
653 2881 697 2938 18.
717 2881 796 2950 Lipa.
822 2879 857 2934 de
880 2879 943 2934 mil.
962 2877 1044 2933 Rom.
1070 2881 1099 2944 4,
1116 2879 1142 2934 5·
1170 2875 1251 2944 „toli

37 2955 188 3008 sacrificiis
207 2961 236 3007 et
252 2953 430 3008 adoratione.
457 2953 503 3007 Gi.
521 2953 578 3007 Dio
595 2955 641 3020 58,
659 2955 686 3008 2·
705 2955 732 3009 4.
753 2950 816 3010 ll.“
835 2951 925 3008 Oberi.

490 3104 799 3188 ceruum.

113 3215 277 3282 Ceterum
306 3215 404 3300 plena
433 3211 612 3278 Caesarum
640 3211 776 3291 domus,
815 3213 946 3280 iuvenis
976 3212 1083 3290 lilius,
1114 3211 1250 3294 nepotes

34 3296 140 3366 adulti
162 3319 293 3372 moram
313 3297 436 3382 cupitis
458 3297 654 3366 afferebant:
687 3304 722 3358 et
742 3295 819 3379 quia
839 3298 875 3358 vi
896 3304 949 3359 tot
962 3296 1061 3360 mmul
1076 3295 1250 3376 corripere

31 3382 193 3463 intutum,
221 3381 318 3446 doles
340 3381 517 3444 intervalla
537 3379 699 3444 scelerum
720 3379 885 3461 poscebat,
914 3379 1042 3462 placuit
1061 3386 1173 3442 temen
1195 3395 1249 3439 oc·

32 3468 160 3530 cultior
182 3463 239 3528 via
261 3473 294 3527 ct
315 3485 338 3526 a·
355 3465 468 3526 Druso
489 3465 649 3547 incipere,
670 3463 706 3523 in
728 3463 972 3545 quomrecenti
994 3461 1047 3523 ira
1068 3463 1249 3523 ferebatur.
1328 3484 1332 3494 ·

30 3547 116 3612 Nam
139 3549 276 3612 Drusus
304 3547 479 3631 impatiens
501 3547 621 3610 aemuli
643 3553 678 3608 et
698 3547 809 3608 auimo
831 3547 1029 3606 commotior
1048 3543 1134 3608 'orto
1162 3547 1250 3606 forte

29 3633 149 3720 iurgio¹
182 3629 371 3694 intenderat
398 3629 519 3692 Seiano
545 3649 660 3690 manue
687 3637 721 3692 et
749 3628 866 3691 contra
886 3629 1052 3693 tendentis
1074 3648 1111 3692 os
1131 3627 1249 3692 verbe-

31 3725 182 3780 raverat.
225 3716 241 3778 l
264 3718 335 3782 itur
355 3721 474 3776 cuncta
495 3715 638 3779 tentanti
659 3711 944 3796 promptissimum
967 3714 1077 3776 visum
1105 3709 1250 3774 acl-uxo-

29 3817 100 3862 rem
129 3802 208 3862 eius
237 3737 369 3860 fiiviam
401 3804 610 3874 convertere,
642 3815 725 3878 quae
752 3815 851 3860 soror
879 3793 1085 3873 Germanici,
1122 3797 1253 3868 formae

28 3881 126 3944 initio
150 3883 272 3946 aetatis
292 3879 482 3956 indecorae,
504 3900 580 3942 mox
601 3877 849 3962 pulchritudine
876 3879 1107 3960 praecellebat.
1155 3872 1252 3936 Ha‘nc

27 3973 65 4024 ut
85 3983 210 4027 amore
226 3966 396 4025 ,incensus
417 3960 582 4024 adulterio
610 3961 749 4046 pellexit
775 3971 810 4025 et
840 3971 1012 4043 postquam
1033 3960 1135 4042 primi
1155 3959 1250 4044 flegi-

28 4049 68 4108 tii
89 4050 226 4132 potitus
255 4055 317 4126 est,
353 4043 473 4129 (neque
505 4047 627 4106 femina
658 4047 777 4106 amissa
799 4043 961 4126 pudicitia
991 4043 1055 4106 alia
1082 4040 1251 4116 abnuerat)

26 4129 67 4192 ed
90 4130 251 4214 coniugii
272 4149 374 4213 spem,
406 4130 612 4191 consortium
641 4127 738 4214 regni
765 4135 799 4190 et
824 4146 938 4188 necem
966 4125 1080 4188 mariti
1106 4124 1248 4206 impulit.
1274 4121 1279 4132 ‘

27 4214 137 4297 Atque
170 4214 240 4288 illa,
271 4214 326 4276 cui
353 4212 536 4274 avunculus
557 4213 737 4298 Augustus,
757 4230 853 4274 socer
874 4209 1043 4286 Tiberius,
1075 4228 1114 4272 cx
1136 4207 1278 4272 Druso«

25 4296 160 4376 liberi,
177 4316 277 4380 seque
297 4316 337 4360 oc
357 4297 501 4362 maium
522 4303 556 4358 et
576 4303 730 4378 posteros
748 4293 945 4378 municipali
965 4290 1118 4362 adultero
1139 4273 1266 4368 foede¹
