2868 4792
251 219 394 285 aaran
414 220 492 292 xv,
514 221 608 288 xvi.
638 220 692 304 (n.
706 219 829 290 ama.
851 173 944 292 aa.
960 223 1029 305 ao.)
1192 225 1279 320 ars,

50 383 273 468 meditaretur,
315 405 433 472 pauca
447 390 642 483 ‘conscribiq
670 379 888 476 obsignatque
918 397 952 454 et
983 390 1107 454 liberto
1138 391 1253 460 tradit.

50 469 126 532 Tam
163 471 263 533 solita
298 471 448 535 curando
480 474 617 556 corpori
646 476 847 558 exsequitur.
889 474 978 538 Dein
1008 475 1146 538 multam
1178 485 1256 558 post

50 561 180 631 noctem,
203 575 337 639 egressa
358 557 513 618 cubiculo
535 575 652 634 uxore,
675 560 803 640 operiri
826 561 915 620 iores
936 559 1044 636 iussit,
1079 565 1113 620 et
1138 567 1255 642 coepta

49 635 112 709 iace
139 639 290 718 perfosso
319 640 446 724 iugulo,
468 642 597 702 iacente
617 639 711 702 humi
733 639 858 729 gladio,
881 647 1036 722 repertus
1059 649 1119 705 cst.

108 723 131 774 l·
157 726 280 788 quantun
299 720 420 775 Caesari
437 720 709 788 incontentae.
729 723 764 776 ad
782 722 852 800 Agr.
874 727 915 778 17.
938 741 966 774 n.
986 725 1012 778 4.
1032 755 1066 766 -
1103 723 1185 776 donee
1202 739 1255 778 me-

48 788 102 840 diae
117 789 213 844 lirani
229 807 291 859 epae
307 800 401 858 erant,
420 794 501 864 qnasi
520 795 599 848 inter
617 793 826 849 absolutionem
846 802 875 848 et
893 793 1171 860 condemnationem,
1195 811 1254 849 non

48 861 133 914 minor
150 861 233 916 illius
257 879 322 934 spes
347 881 433 937 quam
457 874 552 919 metus
570 863 666 920 huius.
687 899 719 908 -
758 866 876 919 comitem
895 865 991 918 exitii:
1011 865 1135 919 linetius
1154 873 1184 920 et
1201 867 1253 920 Pa·

46 929 124 1004 schal.
142 933 290 988 malebant
308 951 331 987 c.
351 937 441 988 exitii.
478 935 534 990 Sed
550 935 639 990 rerba
657 935 684 989 si
700 937 742 989 ita
760 937 848 1002 ferret
866 935 901 990 de
920 937 1024 990 ultimo
1043 937 1119 992 maio
1145 953 1254 991 serino·

46 1019 184 1059 nemetae
202 1014 345 1091 arguuqt3
363 1007 436 1092 Era..
469 1005 525 1073 „Si
534 1005 680 1092 'Plancina
693 1015 774 1092 *ante
801 1008 886 1094 dixit,
903 1009 1017 1094 'sociam
1037 1026 1067 1062 se
1083 1009 1148 1062 iore
1166 1007 1255 1062 cutura

46 1089 143 1227 mg
148 1077 304 1218 fgr‘dnmdii'ti
305 1096 337 1214 qr:
355 1094 389 1202 qq
407 1077 492 1215 21:111,
490 1079 582 1216 ἓξὲξ
599 1095 701 1217 quqerr
725 1088 911 1150 potentatur
931 1082 1061 1132 eraricum.
1099 1079 1159 1131 Iam
1184 1095 1254 1134 vero

46 1218 116 1268 tertii
131 1219 226 1274 lore·“
247 1219 352 1274 Waltd.
369 1247 400 1259 -
436 1221 463 1274 ei
480 1223 523 1274 ita
541 1223 627 1287 ferret
646 1238 684 1278 ec.
705 1239 762 1286 res,
781 1221 920 1286 Fortuna,
939 1221 1025 1280 atii.
1042 1223 1069 1287 2,
1088 1225 1131 1277 44.
1153 1221 1198 1275 ct.
1219 1219 1256 1276 ed

45 1287 69 1340 0.
88 1291 125 1344 tu
145 1307 175 1343 n.
194 1293 219 1346 d.
239 1299 268 1348 et
286 1292 348 1344 ind.
368 1290 421 1348 lil.
440 1309 476 1345 rr
487 1293 579 1347 Verba
597 1294 690 1345 aetion
705 1294 815 1362 poesie-e
832 1300 860 1347 et
878 1293 999 1346 absolute
1017 1292 1092 1346 dieta
1106 1309 1136 1363 p.
1148 1295 1209 1350 842.
1220 1319 1254 1336 -

617 1149 695 1221 quod
713 1159 876 1204 extremum
902 1151 963 1214 est)
982 1169 1011 1205 ee
1031 1150 1118 1204 etiam
1137 1152 1256 1204 cantitent

45 1360 154 1413 diuidere
178 1363 369 1430 defensionem,
397 1379 510 1417 sumna
535 1363 701 1418 defensioue
720 1365 829 1430 mariti,
855 1363 1011 1419 dissociare
1030 1379 1143 1418 caueam
1163 1381 1253 1430 auam,
1361 1372 1363 1380 '

45 1438 71 1482 ut
86 1431 138 1484 sibi
157 1433 219 1486 sola
238 1433 361 1489 salutem
380 1437 533 1506 quaereret
551 1437 662 1514 gratiae
680 1434 826 1514 Augustae
844 1435 958 1490 confisa.
979 1435 1027 1490 tie
1044 1439 1107 1490 fere
1125 1432 1255 1506 tepuere
1327 1467 1332 1472 -

43 1504 81 1568 tt,
98 1506 139 1558 32
168 1504 212 1560 Gi.
232 1505 268 1558 ad
287 1509 313 1572 1,
333 1509 377 1572 43,
396 1511 422 1562 3.
1271 1531 1274 1542 ’

103 1577 127 1630 2
153 1592 190 1628 aa
208 1575 297 1630 addae
315 1581 493 1644 experiretur,
511 1595 540 1632 v.
560 1577 596 1632 ad
613 1581 639 1644 3,
659 1581 703 1644 aa,
721 1581 747 1636 2.
770 1611 801 1644 -,-
838 1579 920 1632 durat
937 1586 1053 1647 mentem,
1077 1597 1106 1632 r.
1126 1576 1162 1632 ad
1180 1579 1206 1645 l,
1225 1579 1254 1644 d,
1334 1611 1344 1622 ·

42 1645 112 1699 3-
146 1647 413 1718 redintegratamque
435 1650 631 1704 decertationem
654 1652 729 1704 ferri
752 1657 858 1722 potest,
892 1651 968 1722 quod
993 1659 1023 1706 et
1047 1651 1078 1704 in
1102 1649 1254 1710 audiendis

43 1717 206 1773 caninibus
225 1720 358 1772 molestia
378 1729 435 1774 est:
454 1723 504 1776 sed
523 1721 566 1776 ele
589 1723 683 1775 antius
701 1725 780 1776 iuret
803 1723 1041 1790 redintegrataque
1064 1721 1253 1786 armentium

43 1787 99 1844 Era.
133 1789 199 1844 Hoc
217 1793 336 1844 ornnino
354 1794 479 1860 rectiats3
499 1739 588 1866 oderi
626 1794 719 1847 immo
747 1795 840 1847 maior
861 1795 907 1846 vis
928 1801 970 1848 est
995 1793 1026 1848 iu
1044 1793 1163 1871 vulgata
1181 1794 1253 1846 scri·

41 1866 134 1928 pturat
171 1862 277 1914 Wutet.
300 1889 330 1900 -
366 1865 450 1930 nulla,
475 1865 557 1917 nulla
581 1881 622 1919 re.
643 1897 676 1906 -
712 1865 772 1916 sine
789 1864 970 1930 miseratione,
995 1865 1126 1932 uincire,
1159 1863 1201 1918 ita
1218 1869 1254 1918 ut

42 1929 170 1988 aduersus
188 1949 288 1988 ornnes
307 1933 428 1988 affectae
448 1949 546 1988 eomrn
591 1937 817 1990 emutationern
843 1935 975 1989 firmatus
997 1943 1078 1990 esset.
1102 1967 1131 1978 -·
1169 1936 1254 1988 adsti-

41 2009 119 2056 autum
137 2005 314 2072 clausumque,
334 2007 384 2076 qni
395 2005 537 2062 obstinate
577 2007 719 2074 acremque
732 2007 882 2060 videretur
901 2023 932 2059 os
945 2007 1082 2060 claudere
1100 2035 1132 2045 -
1150 2021 1184 2058 ne
1202 2022 1253 2074 qua

40 2071 156 2144 (aliquo)
166 2077 267 2142 affecta
275 2085 497 2144 pmmaperetur,
511 2081 548 2131 et.
559 2078 595 2132 ad
603 2081 629 2144 4,
639 2079 683 2142 id,
692 2079 718 2134 2.
737 2077 873 2148 Aliquem
888 2075 1025 2130 affectum
1034 2078 1172 2148 proderet
1183 2077 1252 2132 Era.

44 2175 68 2186 -
84 2147 180 2201 titerto
200 2149 297 2214 trudit,
314 2165 343 2200 v.
363 2148 398 2200 ad
415 2151 442 2215 4,
461 2151 507 2214 23,
528 2153 551 2203 l.
571 2150 658 2201 libero
677 2147 720 2202 ed.
740 2149 804 2202 ald.
818 2175 849 2186 ·-
872 2149 935 2202 litat
952 2150 1036 2202 solita
1054 2147 1172 2201 curando
1190 2163 1252 2201 eor·

36 2217 94 2280 pari
116 2212 291 2290 exsequitur,
307 2218 396 2284 lavat,
427 2238 466 2272 un
491 2221 559 2286 itur,
584 2221 720 2287 fricatur,
749 2219 922 2306 extergitur,
947 2227 1065 2286 coenat;
1094 2219 1169 2273 Mur.
1206 2217 1252 2274 Ne

39 2288 96 2354 quia
124 2291 283 2344 consilium
311 2293 415 2346 mortis
434 2239 616 2345 voiuntariae
641 2309 656 2345 a
679 2291 747 2344 'tari
765 2299 966 2362 suspicaretur
989 2299 1018 2344 et
1037 2289 1252 2344 exsecutionem

39 2357 93 2414 eiua
109 2361 332 2434 impediret-
369 2362 475 2432 operiri
492 2310 700 2446 soresuclaudi.
715 2395 748 2406 -
781 2370 877 2431 coepta
894 2362 961 2428 luce,
980 2379 1008 2416 r.
1029 2361 1064 2416 ad
1082 2365 1108 2428 1,
1126 2363 1172 2430 65,
1190 2365 1216 2418 l·

480 2467 674 2526 CAPUT
716 2469 807 2522 xvt.

110 2559 242 2622 Audire
262 2579 315 2622 me
336 2560 472 2624 memini
493 2579 532 2621 ex
554 2561 753 2640 senioribus,
785 2561 894 2624 visum
921 2561 1052 2644 saepiae
1074 2561 1164 2622 iuter
1184 2575 1253 2619 ma·
1285 2603 1288 2611 .

35 2660 92 2703 nus
123 2641 257 2706 Pisonis
285 2645 448 2720 libellum,
488 2663 584 2727 quem
612 2645 684 2726 ipse
716 2663 783 2706 non
811 2645 1011 2732 vulgaverit,
1046 2641 1103 2706 sed
1129 2642 1251 2704 amicos

36 2727 101 2786 eius
123 2723 344 2804 dictitavisse,
369 2727 482 2789 literae
507 2725 633 2790 Tiberii
654 2735 686 2790 et
706 2727 858 2790 mandata
878 2729 913 2790 ia
936 2723 1155 2815 Germanicqm
1177 2741 1250 2786 con-

35 2811 146 2882 tineri;
168 2829 210 2872 ac
230 2811 432 2888 destinatum,
450 2829 594 2890 promere
614 2807 826 2891 apudPatrea
838 2807 1082 2892 Principemque
1103 2825 1250 2891 arguere,

34 2893 66 2951 ni
92 2892 202 2956 elusus
223 2915 243 2955 a
263 2889 385 2958 Seiano
412 2913 473 2974 per
501 2913 585 2956 uana
609 2896 768 2974 promissa
794 2893 898 2974 foret.-
929 2913 986 2956 aee
1015 2893 1103 2956 iilum
1136 2899 1251 2973 sponte

33 2979 235 3056 exstinctum,
267 2997 372 3040 aarum
399 2979 536 3041 immisso
567 2995 766 3056 percussore.
810 2976 960 3040 Quorum
980 2983 1138 3037 neutrum
1159 2991 1250 3036 aese-

33 3061 237 3124 ueraverim:
277 3079 382 3144 nequa
414 3067 521 3122 tamen
545 3061 698 3122 occulere
719 3059 818 3122 debui
839 3066 1012 3120 narratum
1033 3057 1074 3132 ab
1104 3058 1158 3132 iis,
1192 3057 1250 3138 qui

33 3151 183 3205 nostram
204 3141 246 3220 ad
267 3145 437 3206 iuventam
460 3143 680 3206 duraverunt.
724 3141 856 3220 Caesar,
883 3143 968 3202 flexo
990 3143 1025 3202 in
1048 3139 1250 3200 maestitiam

34 3245 99 3302 ore,
128 3245 226 3288 suam
254 3227 415 3290 invidiam
434 3227 494 3288 tali
515 3233 624 3288 morte
646 3227 838 3310 quaesitam,
866 3221 955 3306 apud
976 3231 1142 3295 senatum3
1176 3239 1250 3283 ere·

36 3305 166 3391 terisque
188 3309 512 3395 interrogationibus
533 3311 688 3392 exquirit,
710 3309 839 3392 qualem
851 3307 927 3368 Piso
946 3305 1035 3368 diem
1055 3323 1265 3389 supremumx

33 3401 229 3476 noctemque
250 3397 421 3482 exegisset.
473 3393 582 3476 Atque
608 3393 668 3454 illo
697 3393 855 3474 pleraque
880 3391 1059 3473 sapienter,
1090 3385 1251 3472 quaedam

32 3473 250 3548 inconsultius
279 3475 527 3559 respondente,
545 3477 667 3538 recitat
699 3474 878 3537 codicillos
909 3493 929 3534 a
949 3473 1069 3536 Pisone
1099 3473 1134 3532 in
1160 3471 1251 3532 huuc

32 3557 134 3620 ferme
165 3555 301 3620 modum
331 3561 549 3642 compositos:
585 3558 833 3638 Coaepiratione
860 3557 1055 3620 inimieorum
1076 3563 1107 3617 et
1127 3553 1251 3618 inuidia

30 3637 109 3714 futei
130 3645 275 3706 criminis
307 3659 494 3723 oppressus,
527 3651 683 3724 quatenus
714 3643 847 3706 ueritati
877 3650 909 3702 et
938 3641 1139 3702 innocentiae
1166 3653 1250 3699 ueeae
1287 3695 1291 3702 ,

30 3739 185 3808 nusquam
214 3729 301 3788 loeus
328 3735 389 3805 est,
423 3726 499 3787 deos
526 3725 715 3789 immortales
739 3735 851 3804 testor,
883 3725 1004 3787 uixisse
1023 3741 1079 3799 me,
1114 3719 1248 3797 Caesar,
1291 3723 1303 3748 ⁰

30 3823 92 3868 utne
114 3809 186 3891 fide
206 3809 369 3872 aduersum
392 3818 423 3870 te
443 3825 543 3890 neque
563 3809 632 3871 alia
652 3813 688 3873 in
708 3817 835 3886 matrem
857 3815 942 3870 tuam
966 3809 1100 3888 pietate,
1132 3821 1250 3961 voque

28 3909 93 3970 aro,
118 3892 235 3955 liberis
255 3895 330 3956 meis
352 3892 547 3965 eanwlate'at
569 3893 746 3975 exquibus
767 3890 827 3957 Cn.
843 3887 924 3956 Piso
945 3890 1158 3972 qualicunque
1196 3904 1249 3945 or-

29 3983 123 4037 tanae
144 3995 234 4050 meae
260 3995 324 4038 non
350 3986 399 4039 eat
421 3975 606 4053 ‘adiunctae
636 3995 728 4058 quum
756 3993 843 4038 amne
869 3973 932 4046 dae
958 3983 1077 4053 tempus
1104 3971 1139 4032 in
1164 3965 1250 4031 Urbe

27 4062 144 4140 egerit,
186 4059 234 4124 Μ.
257 4057 337 4124 Piso
367 4069 509 4140 repetere
529 4055 662 4142 Syriam
684 4057 874 4122 dehortatus
895 4063 954 4120 eet.
997 4053 1107 4138 Atque
1125 4053 1248 4150 utinam
1277 4099 1280 4104 .

26 4161 84 4220 ego
103 4142 224 4222 potius
243 4143 442 4227 tilioiuaeui
468 4161 560 4224 quam
587 4141 642 4206 itte
659 4146 750 4222 patri
770 4143 839 4206 aeni
861 4141 1025 4206 cessisset!
1058 4137 1109 4200 Eo
1131 4151 1254 4231 emptae·-

26 4227 90 4287 sius
109 4245 246 4306 precer,
277 4245 316 4289 ne
340 4243 425 4289 mene
441 4229 620 4308 prauitatis
637 4245 759 4306 poenas
779 4226 929 4291 innoxius
951 4222 1029 4284 luat.
1072 4215 1137 4286 Par
1200 4235 1247 4280 ue-

24 4327 82 4389 que
104 4319 139 4372 et
165 4310 389 4392 quadraginta
410 4321 563 4373 annorum
583 4309 774 4390 obsequium,
793 4327 853 4390 per
875 4305 1041 4451 wuefg'ff‘
1063 4321 1160 4366 coma
1196 4309 1248 4364 tue
