2762 4788
195 219 238 291 34
392 249 395 256 ·
602 211 848 282 ANNALIUM
867 213 952 278 LIB.
975 213 1001 278 Ι.

198 403 287 443 corun
318 384 399 454 copia
425 397 624 452 conparare
647 383 730 436 uoles.
772 377 932 452 Antiquior
955 377 1048 434 dictio
1078 385 1123 432 ast
1146 376 1200 431 illa
1223 375 1291 432 thl
1312 379 1368 442 Μ

196 459 311 528 ingenio
331 473 413 526 usque
436 457 466 510 in
491 455 652 511 Graecorum
675 451 846 520 ingeniosum
868 451 1153 519 conparationem
1173 452 1264 502 mecla
1279 455 1304 501 et
1319 452 1368 513 1‚t

195 532 306 586 antiton
324 536 388 582 ants
405 533 523 582 actm
547 525 844 594 conparationem.
882 523 927 578 Gi.
951 519 1067 580 liubnk.
1093 520 1130 576 ad
1151 519 1227 576 vnit
1252 525 1280 586 1,
1300 522 1323 576 b.
1342 520 1368 572 ub

196 614 294 660 tamen
316 617 376 654 non
399 607 466 671 apte
490 598 623 653 laudetur
645 595 769 651 Macrob.
794 597 826 661 2,
845 598 871 651 t.
907 594 1027 664 Pylades
1044 593 1143 663 Hylan
1160 605 1243 660 usque
1258 592 1292 644 od
1305 605 1368 660 aequo

196 675 287 729 litatis
305 673 553 726 contentionem
568 667 730 737 moucxw‘
751 665 861 722 Watcb.
880 665 916 719 sd
934 665 1004 743 Agr.
1024 667 1066 722 lb.
1085 681 1132 736 pr.

267 767 293 821 6.
327 759 424 830 paucis
441 765 504 812 ante
521 757 671 826 (Adssrb.)
689 756 777 822 annis,
796 773 824 812 v.
844 755 879 810 ad
897 759 924 824 1,
942 757 971 824 2,
989 757 1016 812 2.
1036 761 1065 808 et
1083 754 1121 806 ad
1137 755 1208 832 Agr.
1227 753 1269 810 ⁴⁵.
1287 769 1312 807 n.
1324 753 1368 808 8.-

177 851 269 906 ,ᾳιιπι
291 832 400 888 Tiberio
418 829 589 886 tribuniciam
605 835 660 898 pot.
681 837 736 885 oet.
756 847 783 883 v.
803 827 838 881 ad
857 831 888 895 1,
906 831 939 895 2,
958 829 984 884 4.
1004 859 1037 869 -
1057 841 1202 895 masmana
1224 823 1318 878 bonam
1337 835 1368 874 ou

196 909 284 971 tione,
309 903 492 969 honorifica,
517 909 552 956 ut
568 905 604 967 3,
622 901 648 958 5.
668 903 702 968 4,
720 903 764 958 68.
785 907 814 953 et
833 905 925 954 contr.
952 896 1087 952 inbonora
1103 897 1138 953 11.
1158 901 1186 963 4,
1205 897 1266 962 623
1289 891 1368 948 Gintlu

196 980 228 1032 in
247 976 394 1031 Athenaeo
411 975 451 1042 11,
470 977 505 1037 2..
515 991 544 1046 p.
564 974 625 1029 toa.
652 1003 685 1014 -
712 971 808 1024 babitu
833 971 955 1039 cultuque
978 968 1009 1026 b.
1029 967 1050 1024 l.
1077 977 1107 1022 et
1130 969 1164 1036 2,
1182 971 1225 1024 59.
1252 981 1368 1036 ιγιοιγιι

183 1067 274 1116 esse,
292 1057 326 1100 ut
344 1047 463 1100 babituri
481 1047 628 1112 uultumque
646 1043 681 1097 11.
703 1047 729 1108 1,
749 1045 792 1098 l'l.
811 1044 839 1108 2,
856 1045 899 1098 52.
920 1040 1070 1095 contendit
1088 1037 1173 1096 lietb.
1191 1039 1227 1092 de
1245 1035 1329 1090 Taciti
1344 1033 1368 1104 δι

196 1137 264 1177 non.
283 1117 415 1174 Norimb.
434 1119 512 1174 1826.
531 1133 560 1187 p.
576 1117 602 1171 t.
623 1114 668 1170 Gi.
680 1113 743 1168 ind.
757 1107 809 1169 111.
826 1131 853 1168 v.
870 1111 1061 1182 Hendiadyoin
1076 1117 1105 1165 et
1116 1111 1272 1182 Synonyna.
1296 1107 1368 1174 „lma

196 1192 306 1245 babitus
324 1197 369 1243 est
386 1188 487 1242 modus
505 1185 629 1240 habendi
648 1186 743 1256 ipsum
763 1199 867 1256 corpus
886 1185 1005 1256 eiusque
1022 1189 1136 1256 partes,
1163 1179 1257 1254 qualis
1273 1177 1368 1232 describ,

196 1271 247 1316 tur
265 1265 297 1318 in
314 1259 434 1314 Tiberio
453 1263 485 1324 4,
504 1261 548 1314 st.
561 1263 604 1310 ·et
628 1257 705 1327 inpr.
729 1275 745 1308 a
763 1255 841 1312 Suet.
860 1253 924 1312 Tib.
943 1273 969 1311 c.
988 1256 1049 1320 88,
1074 1254 1163 1306 cultus
1181 1259 1226 1307 est
1244 1251 1368 1304 restitus:

196 1334 328 1408 reliquus
347 1339 484 1395 ornatus,
502 1337 536 1381 ut
553 1345 598 1400 ap.
619 1325 697 1383 Suet.
718 1327 773 1384 Iul.
793 1329 837 1384 45.
857 1327 908 1380 ubi
925 1325 1043 1380 hobitum
1061 1324 1193 1378 (laeseris
1217 1329 1282 1378 ants
1302 1319 1368 1372 deser

196 1413 304 1476 pserat.
342 1401 568 1478 Coniunguntur
585 1407 682 1453 autem
702 1399 883 1469 saepissime,
902 1395 1127 1474 ut'signitieent
1150 1411 1265 1448 omnam
1282 1405 1368 1460 corpor

198 1493 297 1530 curam
314 1474 497 1546 speciemque
511 1468 694 1526 externam.“
709 1469 817 1526 Wallb.
837 1469 1013 1540 Plerumque
1025 1465 1134 1520 ltobt'tsu
1149 1473 1194 1520 est
1206 1467 1307 1528 formo,
1323 1475 1368 1532 qud

197 1555 316 1612 namra,
342 1551 372 1598 et
390 1545 489 1608 cultus,
516 1559 603 1612 quam
621 1559 668 1594 ars
686 1541 793 1596 tribuit
812 1542 874 1594 sive
893 1539 1028 1610 corpori,
1054 1539 1116 1591 sive
1134 1539 1224 1592 armis
1243 1535 1295 1602 (ut
1310 1531 1368 1588 (1.8

197 1617 304 1670 aliisve
322 1615 417 1671 rebus.
456 1611 603 1680 „Habitus
620 1613 742 1676 commis
765 1611 800 1666 G.
819 1615 844 1668 4.
865 1611 926 1665 eius
945 1611 1054 1677 forms,
1079 1608 1138 1662 die
1159 1607 1326 1682 lieltung,
1346 1601 1368 1654 b

197 1687 418 1754 Exterieur,
446 1692 480 1736 ut
507 1701 551 1754 ap.
578 1683 702 1750 Quintil.
730 1680 1025 1750 4,2,9,1,11,3,“
1061 1679 1167 1736 Sabata,
1192 1679 1229 1732 ad
1252 1678 1281 1734 0,
1298 1687 1320 1730 e.
1350 1673 1368 1724 E

199 1759 252 1815 Gr.
278 1757 380 1830 σχῆμα.
417 1754 464 1810 Cf.
490 1754 570 1809 Cart.
590 1753 626 1807 ad
645 1751 715 1810 Sall.
736 1754 798 1809 Cat.
819 1757 868 1820 13,
886 1757 912 1810 3.
939 1753 975 1806 ad
999 1753 1062 1828 lug.
1089 1753 1115 1806 5.
1141 1757 1216 1806 extr.
1245 1757 1273 1804 et
1288 1743 1368 1800 ronst

198 1827 291 1884 liubi
297 1835 350 1880 tus
366 1827 398 1878 in
416 1827 508 1892 aliqua
526 1825 650 1892 perfecta
669 1831 695 1877 et
712 1825 847 1878 constanti
864 1823 948 1876 animi
967 1830 1014 1875 aut
1032 1821 1154 1889 carpam
1172 1819 1331 1874 absolutione
1345 1829 1368 1864 co

199 1898 276 1952 sistit
293 1898 354 1954 Gio.
374 1896 410 1951 de
428 1898 489 1952 inv.
509 1899 536 1962 1,
555 1897 600 1952 25.
636 1895 852 1966 Nonnunquam
870 1894 978 1948 babitus
997 1901 1041 1947 est
1065 1887 1161 1964 φύσις,
1186 1891 1312 1956 indoles,
1335 1899 1368 1938 mo

200 1979 313 2026 natura.
339 1985 368 2026 v.
393 1967 429 2021 ad
451 1967 487 2022 G.
507 1969 550 2022 1⁷.
569 1984 598 2022 n.
618 1967 645 2022 6.
665 1975 695 2020 et
713 1983 773 2038 cap.
792 1971 837 2024 48.
857 1983 885 2021 n.
904 1967 931 2021 3.
969 1964 1064 2018 babitu
1083 1965 1205 2032 uultuque
1224 1963 1296 2016 coni.
1314 1957 1368 2011 Heio

201 2041 232 2094 id
273 2057 289 2094 e
309 2038 484 2092 substituere
501 2037 574 2093 Ern.
594 2045 623 2091 et
642 2037 720 2094 Brot.
741 2035 808 2091 coll.
829 2054 853 2090 o.
873 2039 917 2093 38.
937 2039 982 2104 16,
1000 2039 1044 2092 22.
1064 2035 1099 2091 H.
1120 2040 1146 2102 1,
1166 2039 1209 2091 17.
1229 2037 1258 2100 2,
1275 2035 1313 2089 bi.
1332 2027 1368 2080 Sul

200 2058 272 2166 'sibl
291 2113 335 2167 68.
373 2107 454 2176 „sao
477 2107 587 2162 babitus
608 2109 745 2178 inprimis
770 2109 830 2162 oris
853 2115 883 2160 et
908 2107 1006 2161 vultus
1026 2115 1085 2172 est,
1117 2107 1306 2184 iungiturque
1329 2114 1368 2150 md

199 2183 331 2246 uestitus,
349 2181 434 2234 modo
452 2181 556 2243 cultus,
575 2180 658 2232 cuius
677 2197 744 2250 pars
763 2187 808 2233 ost
825 2177 947 2232 castitia.
965 2195 992 2233 v.
1012 2179 1045 2245 2,
1064 2180 1109 2234 59.
1129 2185 1159 2231 et
1183 2176 1262 2231 Suet.
1282 2169 1368 2248 suga

201 2253 237 2306 ln
255 2252 310 2305 tali
328 2259 427 2305 autem
442 2249 563 2304 bomine
582 2250 695 2304 cultum
713 2249 825 2303 habitui
844 2250 971 2302 similem
995 2249 1107 2314 fuisse,
1130 2247 1179 2302 vel
1202 2253 1314 2301 tacente
1335 2235 1368 2295 bo

201 2323 290 2378 facile
309 2321 530 2447 intelqigiturf‘
550 2319 640 2382 Wolf.
655 2348 692 2360 —
710 2321 845 2374 institutis
863 2319 931 2386 eius,
950 2321 1027 2374 vitae
1045 2319 1158 2374 ratione
1175 2319 1358 2384 moribusque.

201 2393 318 2456 iecerat,
336 2411 364 2448 r.
438 2397 481 2460 11,
500 2395 527 2459 9,
546 2395 572 2450 2.
594 2423 626 2434 -
645 2407 713 2462 qaae
729 2393 802 2446 oetut
820 2391 972 2446 caenando
990 2391 1174 2459 exprobraret,
1192 2407 1222 2446 v.
1242 2387 1276 2442 nd
1289 2390 1314 2452 3,
1329 2385 1365 2449 22,

675 2567 868 2626 CAPUT
902 2569 956 2628 xl.

288 2711 446 2776 Ceterum
468 2711 640 2794 sepultura
661 2732 756 2776 more
776 2715 925 2796 perfecta
944 2712 1106 2794 templum
1127 2722 1161 2776 et
1187 2713 1340 2776 coelestes
1359 2723 1367 2833 q

205 2796 350 2884 ligioncs
373 2789 610 2859 debernuntur.
641 2795 768 2858 Versae
789 2794 932 2860 indeed
953 2794 1128 2860 Tiberium
1149 2814 1274 2878 preces.
1290 2789 1364 2853 ’1ιί

205 2881 302 2944 varie
332 2875 517 2941 disserebat
544 2877 585 2940 de
614 2878 845 2966 magnitudine
872 2881 1005 2961 imperii
1040 2899 1100 2942 sua
1120 2877 1294 2942 modestia:
1325 2871 1366 2935 sol

206 2962 278 3026 diui
296 2957 445 3045 Augusti
464 2969 592 3024 mentem
614 2970 724 3025 tantae
744 2963 834 3027 nolis
857 2980 1014 3044 capacem:
1036 2981 1070 3026 se
1090 2965 1126 3026 in
1144 2971 1268 3044 partem
1282 2975 1366 3020 curor

207 3045 250 3109 ab
280 3043 338 3108 illo
367 3053 511 3108 uocatum
538 3047 729 3126 experiendo
751 3047 919 3126 didicisse,
946 3065 1037 3128 quam
1059 3045 1208 3126 ardutate,
1235 3063 1324 3128 quom
1347 3057 1366 3102 st

208 3132 323 3194 iactum
345 3121 499 3208 fortunae
526 3129 660 3212 regendi
694 3140 808 3194 cuncta
840 3149 930 3194 οιιιιι.
978 3125 1118 3194 Proinde
1145 3133 1181 3194 in
1210 3129 1337 3192 ciuitate
1365 3159 1366 3190 l

209 3209 395 3276 illustribus
421 3215 502 3276 uiris
529 3213 669 3276 subnixa
693 3234 759 3277 non
785 3214 829 3276 ad
854 3231 947 3275 unum
976 3215 1080 3292 omnia
1107 3207 1287 3295 dq'errsnt:
1316 3201 1366 3291 pol

200 3291 341 3381 facilius
367 3299 472 3359 munia
500 3297 548 3358 rci
571 3295 720 3374 publicae
747 3299 880 3361 sociatis
904 3295 1070 3360 laboribus
1091 3304 1305 3360 exsecuturos.
1345 3291 1365 3350 P

210 3381 247 3440 in
269 3377 422 3442 oratione
442 3379 503 3440 tali
524 3375 695 3464 dignitatis
716 3399 813 3464 quam
832 3377 915 3444 fidei
936 3387 1024 3460 erat,
1045 3378 1250 3462 Tiberioque
1272 3376 1363 3440 etiem

212 3459 328 3540 rebus,
358 3481 437 3544 quas
465 3481 533 3523 nun
554 3463 736 3534 occuleret,
764 3483 824 3526 seu
851 3473 972 3526 natura
999 3459 1071 3526 siv'e
1098 3460 1327 3536 assuetudine,
1353 3475 1365 3542 ε

211 3562 315 3626 pensa
335 3563 466 3626 semper
493 3552 528 3606 et
548 3545 689 3608 obscura
715 3547 836 3623 verba3
866 3555 946 3608 tunc
971 3565 1053 3608 vero
1082 3547 1217 3624 nitenti,
1247 3551 1287 3606 ut
1312 3559 1365 3610 seni

213 3639 292 3690 suos
313 3629 446 3708 penitus
467 3625 615 3706 abderet,
644 3631 680 3690 in
700 3631 866 3694 incertum
887 3636 922 3692 et
941 3627 1134 3716 ambiguum
1155 3629 1259 3713 magis
1281 3621 1365 3706 impli

136 3763 140 3774 ,
213 3708 348 3772 bantur.
390 3708 436 3771 At
455 3709 586 3788 Patres,
609 3713 727 3794 quibus
748 3733 834 3776 unus
855 3707 978 3790 metus,
1007 3714 1037 3774 si
1063 3713 1254 3798 intelligere
1275 3707 1365 3772 vider

213 3799 290 3870 tur,
318 3791 355 3851 in
375 3799 527 3875 questus,
554 3793 723 3876 lacrimas,
751 3803 832 3860 uota
853 3794 996 3871 effundi,
1022 3791 1064 3858 ad
1091 3795 1186 3874 deos,
1214 3791 1260 3855 ad
1286 3789 1364 3888 οὓς

214 3873 378 3961 Augusti,
400 3873 443 3936 ad
464 3895 571 3964 genua
592 3877 695 3960 ipsius
716 3897 832 3941 manus
854 3877 1009 3957 tendere,
1037 3899 1138 3962 quum
1163 3877 1313 3960 proferri
1332 3872 1364 3933 hl

215 3957 286 4019 lum
306 3959 509 4040 recitarique
529 3959 636 4024 iussit
680 3959 766 4044 Opes
793 3961 945 4045 publicae
970 3961 1244 4037 continebantur,
1273 3961 1364 4042 quant

215 4041 341 4104 civium
362 4043 592 4125 sociorumque
613 4044 649 4104 in
670 4045 787 4124 armis,
815 4051 895 4127 quot
915 4035 1053 4122 class'es,
1081 4063 1195 4132 regna,
1222 4039 1364 4126 provino

216 4123 345 4188 tributa
357 4131 416 4188 aut
430 4125 606 4212 vectigalia
624 4135 660 4192 et
676 4129 890 4192 necessitates
906 4147 946 4190 ao
964 4127 1168 4216 largitiones.
1200 4125 1294 4190 Quae
1313 4139 1364 4209 cut

216 4225 277 4268 sua
298 4226 398 4270 mmm
418 4211 661 4291 perscripserat
673 4210 861 4298 Augustum
882 4207 1122 4298 addideratque
1141 4209 1319 4274 eonsilium
1339 4223 1363 4266 ct

218 4285 316 4352 condi
334 4291 424 4358 intra
445 4293 608 4359 terminm
628 4295 782 4379 imperii,
803 4296 969 4360 incertum
991 4304 1086 4376 ,netu
1114 4315 1156 4360 aa
1176 4311 1239 4380 per
1260 4287 1363 4356 invidi
