2762 4788
222 213 244 266 c
542 197 544 200 ’
678 209 859 274 consess
890 207 986 272 nes.

221 375 574 457 MGCCGLVIH.
602 383 640 458 in
658 379 762 453 Bodl.
786 381 833 452 ad
850 379 997 468 calcem,
1023 379 1087 448 ubi
1115 377 1240 448 eadem
1266 374 1369 469 legunt

222 485 342 572 verba,
369 505 462 577 quae
488 507 532 554 ex
557 483 672 552 Vatia.
704 481 809 555 1958.
838 503 948 574 supra
973 477 1158 570 adscripsi.

322 581 457 652 Multae
482 581 655 652 lectiones
681 579 759 652 MS.
788 577 882 651 coll.
916 581 999 651 lesu
1032 601 1054 646 a
1087 579 1155 647 lac.
1184 573 1355 645 Gronovio

221 681 412 754 Bodleiani
447 682 491 750 ab
524 679 660 751 Abrah.
696 679 883 751 Gronovio
918 687 1106 770 excerptae
1144 684 1179 744 01
1217 674 1370 743 editionih

222 782 249 852 Ι.
277 781 338 853 Fr.
366 779 479 852 Grou.
519 779 620 853 1672.
661 789 696 849 01
722 780 791 850 Iac.
819 779 931 850 Gran.
967 775 1064 847 Trai.
1100 773 1176 846 Bet.
1215 771 1312 845 1721.
1344 795 1370 841 sn

220 882 376 969 iunctae,
410 877 535 972 plures
568 901 654 949 varo
691 888 727 948 et
759 881 872 950 trium
898 873 1006 948 MSS.
1043 899 1064 944 a
1097 873 1195 945 Sam.
1231 871 1370 964 Musgrar

221 987 384 1050 enotatas
411 987 447 1048 01
470 977 637 1050 Β1010110
669 977 829 1069 traditae,
872 978 936 1072 qui
975 998 1033 1044 eas
1067 973 1326 1044 commentario
1358 995 1370 1039 s

220 1079 383 1148 inseruit.
436 1077 496 1148 An
522 1097 606 1148 vero
640 1075 862 1147 Bodleianus
888 1075 1068 1147 Gronovii
1093 1071 1202 1144 fuerit
1238 1071 1333 1141 idem
1361 1091 1370 1138 1

220 1175 393 1266 Broterii,
437 1177 602 1248 dubitare
640 1177 758 1270 possis
797 1184 945 1271 propter
983 1171 1143 1268 aliquam
1186 1179 1370 1264 excerptos

221 1275 475 1348 differentiam.

529 1379 681 1478 ’111.-11.
729 1405 824 1470 Tres
853 1403 1126 1470 parisienses.

324 1529 378 1601 10.
407 1525 550 1626 Regiae
576 1554 641 1600 seu
668 1528 799 1622 regiae
817 1523 1060 1600 bibliothecae
1077 1523 1313 1614 Parisiensia,
1336 1521 1370 1592 eh

222 1637 343 1698 1100110
369 1638 405 1698 01
429 1625 529 1700 Sacc.
558 1627 643 1701 XV.
671 1639 825 1700 exeunte
851 1628 1020 1722 scriptus,
1055 1625 1120 1697 sed
1144 1623 1308 1696 melioris
1332 1647 1370 1694 no

223 1736 370 1798 etcum
397 1727 497 1799 editt.
526 1726 678 1800 collatus
703 1752 725 1798 a
748 1727 902 1822 Ryckio,
936 1725 1191 1816 Lallemando,
1223 1721 1370 1796 Dotteril

222 1835 259 1895 et
282 1824 461 1900 Broterio.
514 1824 707 1898 Consentit
731 1823 950 1922 plerumque
977 1849 1062 1896 cum
1087 1825 1172 1896 edit.
1209 1821 1308 1919 Spir.
1334 1831 1364 1890 et

222 1925 354 1996 eodem
379 1924 480 2012 fonte
504 1925 654 1998 fluxisse
672 1927 826 1998 videtur.
872 1925 1066 2016 Inscriptio
1086 1925 1165 2001 eius
1182 1933 1257 1994 est:
1288 1915 1370 1996 GC

220 2021 310 2096 nelii
341 2021 465 2097 Taciti
491 2022 681 2098 Historiei
706 2022 867 2098 illustris
891 2021 1004 2098 XXX
1039 2019 1228 2114 librorum,
1268 2043 1353 2118 qnos

221 2117 332 2213 didit,
358 2123 573 2218 fragmento
587 2124 780 2228 incipiant.
795 2165 844 2176 -
870 2119 1130 2196 Bibliothecae
1146 2119 1294 2218 Regiae
1309 2117 1370 2192 obn

223 2217 387 2296 Garoias
413 2219 463 2294 dn
488 2221 527 2298 F
524 2247 641 2316 resne,
666 2221 845 2298 Dominae
870 2219 921 2294 dn
947 2219 1092 2318 Gange,
1118 2246 1154 2294 a.
1182 2219 1294 2295 1682.
1369 2287 1370 2316 ,

324 2323 378 2395 ll.
409 2317 616 2398 Corbinelli
640 2322 677 2394 h.
705 2349 735 2394 e.
762 2323 877 2394 codex
902 2320 980 2394 MS.
1007 2347 1082 2393 nou
1107 2321 1212 2392 valde
1252 2319 1370 2392 dissirn

221 2421 441 2494 Farnesiano
474 2433 510 2494 et
543 2445 714 2496 excussus
748 2447 777 2492 a
799 2423 932 2494 Iacobo
964 2419 1178 2511 Corbinelli,
1214 2421 1284 2516 qui
1319 2443 1369 2490 vet

222 2523 300 2590 eius
325 2519 490 2592 indolem
525 2546 598 2593 11011
625 2521 855 2616 significavit,
881 2522 945 2592 sed
971 2521 1108 2590 variam
1134 2521 1356 2614 scripturam

221 2619 369 2712 scripsit
393 2620 439 2688 ad
465 2645 566 2690 oram
593 2621 764 2692 editionis
790 2620 1040 2710 Beroaldinae,
1069 2623 1125 2690 'cx
1151 2643 1224 2716 qua
1248 2619 1369 2690 illam¹

221 2719 404 2812 prompsit
428 2717 626 2792 Broterius.
1368 2719 1369 2724 ’

326 2815 379 2890 ta.
406 2813 495 2892 MS.
529 2817 567 2890 in
601 2814 824 2892 bibliotheca
849 2819 1158 2915 congregationis
1183 2819 1261 2892 sive
1291 2815 1368 2892 11111

205 2915 337 2988 'tionis
365 2913 543 2990 Oratorii
568 2915 665 3008 Iera,
691 2919 1004 3008 membranaceae,
1038 2943 1114 3012 quo
1138 2943 1227 2989 usus
1255 2929 1315 2989 est
1343 2919 1368 2989 1.

222 3013 421 3088 Dotteville
446 3017 485 3088 in
512 3018 670 3090 curanda
694 3019 779 3090 edit.
808 3017 893 3090 Tac.
921 3019 989 3090 111.
1019 3017 1132 3090 Paris
1164 3017 1275 3093 1792.
1304 3019 1340 3096 8.

222 3115 303 3186 dice
335 3113 501 3188 Broterio
540 3115 655 3212 (Opp.
683 3119 768 3190 Tac.
806 3117 851 3190 T.
879 3119 907 3189 1.
944 3142 979 3213 p.
1007 3117 1207 3201 XXXIII.)
1248 3127 1310 3189 est
1349 3117 1368 3185 ii

222 3215 286 3309 qui
312 3209 399 3288 MS.
428 3211 635 3290 Corbinelli
660 3217 804 3288 dicitur.

565 3367 715 3433 13-16.
758 3363 863 3430 Alii
898 3366 1092 3429 codices.

326 3467 381 3542 13.
421 3465 676 3542 Farnesianns
712 3495 733 3540 a
771 3470 913 3565 Lipsio,
953 3473 1022 3546 Iac.
1065 3456 1257 3543 Gronovio
1302 3485 1367 3544 et*

223 3566 427 3640 Corbinelli
446 3593 552 3663 saepe
567 3570 765 3664 inspectus,
790 3572 1003 3668 nuperrime
1020 3595 1041 3641 a
1058 3569 1140 3642 Car.
1168 3569 1275 3642 Guil.
1298 3571 1366 3645 Sel

222 3668 324 3762 tigio,
362 3669 426 3763 qui
458 3669 574 3740 varias
608 3670 688 3740 eius
720 3667 894 3741 lectiones
918 3671 958 3740 in
983 3669 1139 3764 Dialogo
1164 3671 1210 3741 de
1236 3683 1366 3743 orator

223 3768 401 3861 excerpsit
432 3777 468 3838 et
499 3769 663 3840 codicem
698 3770 749 3839 ita
774 3769 984 3864 descripsit:
1023 3767 1175 3858 „Codex
1201 3771 1273 3844 IV.
1320 3771 1366 3864 C,

221 3867 261 3936 in
277 3863 449 3961 catalogo
461 3864 557 3938 Bibl.
584 3867 735 3938 Latinae
753 3870 884 3940 veteris
910 3878 946 3939 et
970 3867 1138 3940 classicae
1157 3875 1366 3968 manuscrit

221 3967 386 4137 Ippaebin
417 3966 530 4059 Regio
564 3965 801 4136 Npapolitsarpp
828 3967 957 4137 Mpseo
983 3967 1190 4137 Borbolniao
1222 3993 1365 4044 assera

221 4088 690 4259 ssttstttffstfitn
717 4091 830 4238 111.
848 4079 1088 4238 {mittit
1114 4079 1305 4242 bittit
1332 4074 1365 4246 l‘

218 4263 316 4340 lium
342 4262 429 4336 libri
456 4264 501 4334 ab
527 4264 594 4338 xl.
621 4265 667 4335 ad
692 4265 793 4338 XVI.
822 4277 858 4337 et
883 4265 1130 4339 Historiarum
1169 4267 1326 4342 alibro
1358 4273 1365 4346 l
