2872 4792
158 215 170 292 .‘
247 225 389 290 CAPUT
410 225 597 290 LIV..LV.
628 225 680 304 (A.
702 224 741 294 U.
759 223 831 293 771.
844 219 891 308 Ἀ.
913 223 949 288 C.
971 225 1069 306 13),
1190 228 1252 294 313

65 393 128 456 (nam
135 391 199 446 alias
212 393 307 446 minus
315 389 479 463 probabiles
491 380 708 463 praetermitto)
717 393 828 446 refutat
839 399 1028 462 veteremque
1036 388 1191 446 lectionem
1202 391 1252 445 de-

65 462 223 516 lenditllotb.
237 465 267 517 in
277 462 408 518 Seebodii
415 463 449 516 N.
458 463 548 517 Aroh.
556 462 716 520 ftirPhilol.
729 483 755 518 a.
762 466 842 520 1839.
855 467 936 533 p.86.
944 462 991 515 his
1002 461 1116 516 verbis:
1135 461 1253 530 „Quum

63 535 228 588 Genmnious
244 536 275 588 in
290 535 500 606 Propontidem
519 535 671 612 navigaret
684 534 807 590 'laevam
824 543 935 600 tenens,
958 533 1159 590 Troianorum
1171 533 1252 587 sedes

63 607 181 674 antiquas,
203 606 250 658 ubi
274 605 367 659 redux
384 607 464 660 soret
482 607 514 658 in
533 607 653 672 itinere,
686 606 882 676 inspiciendas
905 606 960 658 sibi
985 611 1156 658 reservarat
1195 605 1252 658 Has

63 678 138 797 rpitur
148 683 251 729 mutato
262 677 385 731 consilio
395 677 525 746 reliquit,
544 675 642 743 credo,
662 677 739 746 quod
756 676 845 730 iidem
861 677 1018 744 aquilones,
1038 677 1088 743 qui
1109 677 1140 727 in
1154 673 1253 730 Samo·

62 756 71 797 1

87 763 160 800 recen
177 749 232 801 iter
248 756 434 824 negaverant,
454 748 595 801 inferiora
612 749 735 802 minoris
753 748 838 801 Asiae
855 748 968 818 petenti
992 745 1155 816 plurimum
1173 751 1254 802 fave-
1345 800 1349 806 ,
1380 801 1382 804 .

62 818 127 882 bant,
143 835 226 886 quere
244 819 290 872 illi
307 819 502 896 navigationis
526 819 698 888 compendio
722 819 841 872 Troiam
867 826 896 872 et
914 821 993 872 circa
1020 816 1085 871 loca
1099 817 1254 900 posthabe-

61 888 97 940 bat
115 890 217 943 iuvenis
241 890 393 944 admodum
413 898 441 944 et
460 907 510 961 spe
529 905 563 944 eo
582 891 694 960 saepius
717 889 856 945 redeundi
882 889 1018 960 plurima.
1055 889 1154 958 igitur
1179 890 1254 942 alia-

61 975 109 1028 que,
125 959 176 1013 alia
193 978 313 1031 quoque,
341 967 379 1026 (v.
398 961 434 1014 ad
450 964 478 1027 3,
496 964 542 1026 37,
562 963 599 1029 l.)
627 963 714 1015 etiam
743 961 867 1030 reliqua,
893 959 936 1026 (ut
959 979 1003 1031 ep.
1031 959 1141 1027 Ltus,
1162 965 1204 1027 13,
1226 964 1253 1017 3.

61 1033 82 1094 5,
96 1033 134 1096 35,
151 1037 173 1087 7.
193 1041 221 1088 et
238 1031 288 1101 al.)
313 1049 384 1102 quoe
408 1033 460 1098 ibi,
486 1031 518 1086 in
544 1031 598 1086 illo
625 1035 710 1098 inari,
742 1032 885 1086 uarietate
908 1034 1041 1097 fortunae
1070 1031 1255 1086 memoranda

61 1101 126 1164 (nam
143 1103 203 1159 leve
222 1106 350 1181 Zeugma
368 1103 474 1170 subest)
493 1109 520 1157 et
539 1103 632 1156 nostri
649 1103 763 1172 origine
780 1105 939 1156 vennandu
957 1103 1029 1158 licet
1047 1103 1136 1170 adire,
1164 1105 1254 1174 relin-

61 1189 132 1240 quens
149 1193 167 1227 s.
185 1177 393 1240 transmittens,
412 1175 518 1242 relegit
537 1175 648 1240 Asiam,
667 1174 750 1228 Asiae
769 1191 849 1229 oram
868 1176 965 1252 legere
988 1193 1043 1244 per
1063 1176 1094 1226 it.
1131 1175 1254 1246 Ellipsis

61 1244 196 1313 relinquens
213 1249 311 1324 gravis
331 1245 457 1316 quidem,
478 1246 529 1300 sed
546 1253 643 1300 lernen
661 1246 825 1310 statuenda3
856 1261 916 1300 non
933 1245 990 1322 leg.
1020 1193 1085 1301 tio.
1123 1247 1198 1300 Nem
1222 1253 1255 1298 ut
1313 1296 1316 1310 ,

59 1315 148 1368 concis
164 1327 192 1372 et
209 1317 275 1372 edd.
295 1325 351 1371 vet
376 1319 579 1382 auctoritatem
603 1319 745 1383 omittam,
772 1317 840 1370 boni
865 1326 908 1372 est
935 1317 1096 1389 scriptoris,
1121 1319 1153 1388 in
1180 1319 1255 1372 sius-

61 1386 123 1438 nodi
139 1389 217 1444 rebus
236 1397 286 1446 aut
304 1405 410 1442 nomen
429 1389 474 1442 rei
492 1390 614 1454 reterre,
632 1397 682 1442 aut
700 1406 763 1458 rens
781 1389 927 1442 innuendo
945 1404 1050 1444 nomen
1071 1387 1256 1460 relinquere3

59 1467 166 1524 nonest,
190 1469 219 1514 et
243 1479 305 1516 rem
330 1461 462 1525 innuere,
490 1469 520 1514 et
537 1477 644 1513 nomen
671 1461 733 1513 eius
753 1459 866 1548 addepe.
905 1459 991 1514 Cer-ta
1017 1459 1092 1524 s'unt,
1122 1479 1194 1530 quae
1213 1461 1256 1514 le-

58 1537 163 1652 tuh.
189 1531 578 1668 3.“.t‘.t⁶²1.t⁰.t.““l:.ttf·
604 1529 1256 1672 ..132111133“Βι.ἓῗ“1311.1ζ13.133ἓ

58 1672 195 1754 significata
219 1694 235 1727 a
260 1673 423 1750 legentibus
446 1671 514 1726 vult
535 1619 676 1750 intilligi,
700 1673 897 1745 proponere.“
929 1675 1073 1728 Revocari
1101 1675 1256 1728 lectionem

58 1746 277 1869 parparumalepld.
298 1742 351 1799 etsi
370 1747 402 1797 in
421 1761 453 1799 ea
470 1758 529 1797 non
549 1745 616 1799 satis
635 1746 794 1815 acquiesco.
831 1744 967 1800 Fortasse
985 1753 1052 1799 ante
1076 1745 1190 1816 aliaque
1208 1763 1277 1830 err-¹

58 1829 78 1863 n
130 1833 182 1869 una
242 1835 327 1872 erare
344 1831 412 1870 vox.
642 1855 646 1866 .

112 1889 323 1958 Acppellitqus
341 1884 512 1956 Colophona,
536 1885 585 1954 τὴν
606 1889 789 1958 tichonium,
816 1889 920 1942 urbem
944 1889 1121 1942 maritimam
1149 1889 1257 1954 Ioniae,

58 1971 230 2028 propequam
249 1962 328 2014 etin
347 1961 429 2012 cuius
448 1959 558 2014 ditione
576 1961 634 2014 tuit
653 1960 764 2026 Claros,
790 1954 942 2032 illicinae,
961 1960 1054 2026 lucus,
1078 1960 1110 2014 in
1135 1977 1191 2030 quo
1215 1961 1257 2012 fa-

58 2044 111 2078 num
128 2038 154 2082 et
171 2031 317 2083 oracullum
334 2030 431 2084 Clarii
449 2031 602 2098 Apollinis,
623 2047 677 2086 sec.
697 2029 770 2084 Plin.
787 2033 814 2096 3,
836 2033 894 2088 1113.
916 2030 1002 2098 (106.)
1021 2047 1126 2098 eptem,
1146 2031 1177 2084 in
1202 2048 1255 2102 quo

57 2097 148 2166 Ιοοοιο,
165 2103 245 2154 cuiue
261 2109 331 2170 polu
348 2095 425 2154 inira
443 2103 633 2172 reddebantur
651 2103 778 2166 orantia,
796 2101 948 2155 bibentium
966 2103 1093 2156 breviore
1118 2103 1186 2156 οἰία.
1213 2103 1273 2168 Cf.¹

58 2167 156 2236 Plini,
175 2177 215 2226 11.
235 2175 263 2238 5,
283 2177 327 2229 39.
346 2171 477 2242 Thucyd.
497 2176 524 2239 3,
543 2177 585 2230 34.
607 2172 699 2228 Strab.
718 2173 790 2226 le.
810 2191 839 2242 p.
860 2175 921 2230 543.
942 2173 1058 2226 Pausan.
1078 2177 1105 2239 7,
1130 2177 1156 2228 3.
1184 2182 1213 2227 et
1231 2177 1257 2230 5.

56 2236 148 2312 Κλάρον
164 2240 212 2309 τὴν
228 2246 422 2314 Κολοφωνίων
446 2243 561 2297 Pausan.
581 2243 666 2299 Phoc.
690 2248 730 2300 lt.
769 2244 912 2314 Oppidum
936 2261 1050 2313 quoque
1077 2253 1105 2298 et
1129 2253 1258 2298 rnontem

57 2307 125 2366 buius
146 2316 272 2368 nominis
298 2322 459 2370 nmmos-ant
481 2314 626 2380 nonnulli,
656 2316 692 2384 de
716 2315 818 2384 quibus
842 2332 869 2366 v.
895 2313 1002 2370 Gellar.
1029 2314 1064 2366 G.
1084 2313 1117 2366 A.
1145 2315 1204 2380 111,
1231 2319 1257 2370 3.

57 2397 77 2446 P·
93 2384 129 2438 68.
147 2393 173 2438 et
191 2387 335 2440 Mannerti
354 2387 389 2439 G.
409 2385 441 2438 A.
462 2383 574 2450 Strabo,
594 2387 644 2454 qui
661 2384 731 2438 huic
749 2386 836 2440 aetati
855 2401 981 2452 compar,
1010 2384 1050 2436 ita
1067 2383 1199 2453 loquitur
1225 2385 1259 2438 de

56 2447 99 2504 boc
114 2457 235 2522 oraculo,
256 2464 306 2510 tan
327 2475 393 2510 uam
411 2455 528 2509 nullum
546 2458 739 2522 innotuerit,
757 2455 835 2524 Lips.
868 2457 941 2509 Eius
966 2455 1054 2508 verba
1079 2455 1259 2525 interpretor

57 2519 84 2573 de
99 2525 291 2582 celebrationis
307 2475 523 2593 deminutione3
550 2526 659 2581 Waltb.
688 2527 904 2596 interrogatum
924 2526 1072 2594 Apollinis
1097 2527 1193 2602 Clarii
1219 2529 1280 2580 si·-

56 2597 189 2652 mulucmm
206 2619 222 2652 a
242 2599 339 2652 Lollio
358 2599 431 2670 Imp.
454 2597 568 2652 Claudii
585 2599 764 2669 temporibus
785 2601 827 2663 13,
846 2601 889 2654 33.
924 2597 982 2664 „ln
999 2599 1094 2653 numis
1114 2597 1259 2670 Colopho·

57 2665 89 2716 nis
105 2687 118 2722 e
134 2667 299 2724 Domitiano
318 2669 354 2723 ad
372 2669 541 2724 Gallienum
566 2671 641 2724 cusis
660 2669 766 2740 Apollo
785 2669 898 2723 Clarius
928 2678 958 2723 et
981 2667 1072 2724 Diana
1097 2669 1202 2724 Glaria.
1229 2689 1255 2724 v.

56 2734 158 2795 bethel.
178 2743 272 2798 doctr.
291 2741 355 2794 NN.
376 2739 409 2794 Τ.
429 2741 468 2794 11.
489 2759 516 2812 p.
537 2741 619 2797 511.“
638 2741 733 2795 Oberl.
766 2741 809 2795 Of.
829 2741 923 2794 Patini
941 2741 1027 2793 Num.
1049 2743 1122 2813 I‘mp.
1149 2759 1177 2812 p.
1198 2744 1258 2797 4113.

57 2835 81 2844 -
96 2811 192 2868 Mileto
211 2813 336 2867 accitus:
354 2831 422 2866 nam
441 2813 548 2867 Milesii
567 2813 735 2884 Apollinem
754 2813 888 2868 colebant
904 2809 1097 2883 Didymaeum
1126 2831 1146 2865 s.
1166 2813 1259 2881 Didy-

56 2895 143 2948 meum,
162 2887 202 2938 sic
221 2887 333 2938 dictum
350 2903 367 2937 a
384 2881 511 2957 δίδυμος,
530 2885 663 2961 geminus
682 2903 704 2936 s.
716 2885 865 2960 gemellus,
884 2881 965 2953 (quia
974 2885 1081 2953 Apollo
1093 2901 1159 2937 cum
1168 2882 1260 2938 Diana

56 2965 100 3003 uno
115 2959 196 3023 partu
216 2957 311 3011 editus
329 2962 379 3008 eut
403 2973 461 3009 una
485 2963 552 3008 cum
571 2957 641 3011 love
659 2955 766 3022 cultus)
792 2957 842 3010 vel
868 2956 966 3026 potius
992 2973 1008 3008 a
1032 2955 1167 3024 Didymis
1191 2973 1258 3023 opp.

55 3038 130 3093 prope
147 3028 291 3092 Miletum,
309 3027 358 3079 ubi
377 3026 527 3080 oraculum
551 3026 750 3098 templumque
768 3025 914 3098 Apollinis
940 3024 1093 3096 Διδυμίως,
1120 3046 1147 3078 u.
1167 3029 1194 3091 3,
1213 3029 1257 3080 63.

56 3095 76 3154 b
91 3099 127 3149 55.
147 3097 240 3154 Strab.
261 3098 312 3152 IX.
332 3117 361 3170 p.
382 3100 444 3154 431.
464 3099 536 3156 XIV.
564 3117 594 3168 p.
614 3101 674 3154 634.
702 3099 817 3154 Pausan.
837 3100 864 3163 3,
895 3099 937 3152 lt.
957 3097 985 3161 5,
1011 3099 1054 3152 13.
1073 3101 1100 3162 7,
1119 3099 1145 3150 3.
1167 3097 1257 3150 Hand.

54 3163 161 3221 adPlin.
181 3173 209 3238 5,
228 3173 273 3230 39.
294 3189 316 3222 s.
335 3173 378 3226 31.
397 3169 469 3222 Ern.
488 3169 524 3224 ad
542 3169 619 3224 Suet.
641 3169 702 3226 Cal.
721 3173 766 3226 31.
785 3164 925 3242 Διδυμεὺς
943 3167 1090 3233 Μιλησίων
1117 3187 1161 3240 ap.
1182 3167 1260 3220 Eck-
1311 3182 1314 3190 ’

55 3232 101 3293 hol.
119 3239 137 3291 l.
151 3241 170 3296 1.
184 3261 212 3325 p.
223 3245 285 3299 531.
306 3247 470 3312 spectatur,
491 3241 542 3294 Ob.
562 3275 595 3284 -
616 3243 781 3309 degressus.-
799 3244 831 3294 in
842 3239 886 3293 ed.
898 3237 963 3292 Ald.
975 3238 1132 3306 digressus.
1153 3273 1181 3282 -
1200 3256 1259 3292 mn-

54 3310 271 3438 {tnoetalezslium
288 3312 432 3378 cecinisse,
450 3317 546 3380 ert-14,
565 3315 607 3370 33.
627 3321 657 3366 et
676 3313 711 3366 tt
729 3315 756 3380 4,
775 3313 818 3370 54.
839 3330 906 3366 nam
924 3311 1042 3365 oracula
1069 3311 1140 3365 olim
1167 3311 1259 3366 vorsi-

67 3397 95 3432 us
146 3386 191 3439 'teu

439 3510 449 3517 .
490 3453 513 3510 (2
531 3456 557 3510 A
573 3455 595 3508 P
611 3455 638 3510 U
656 3453 682 3508 Τ
734 3453 802 3510 LV.

120 3562 162 3624 At
183 3563 244 3626 Cn.
266 3565 354 3642 Piso,
389 3583 456 3648 quo
478 3565 716 3647 properantius
743 3561 909 3628 destinata
938 3565 1113 3649 inciperet,
1143 3566 1260 3628 ciuita-

54 3647 107 3703 tem
135 3647 389 3709 Atheniensium
422 3646 559 3709 turbido
587 3649 718 3710 incessu
754 3649 949 3710 exterritam
979 3650 1133 3710 oratione
1163 3669 1262 3712 saeva

53 3723 199 3811 increpat,
222 3730 359 3812 oblique
380 3730 620 3794 Germanicum
642 3731 885 3818 perstringens,
908 3729 997 3813 quod
1018 3739 1136 3794 contra
1160 3731 1260 3796 decus

54 3805 178 3872 Romani
210 3815 357 3875 nominis
383 3833 451 3874 non
472 3812 690 3898 Athenienses
722 3821 774 3876 tot
801 3813 948 3880 cladibus
980 3817 1172 3892 exstinctos,
1204 3811 1261 3875 sed

52 3893 215 3956 colluviem
240 3897 333 3957 illam
354 3898 527 3958 nationum
554 3899 712 3960 consituto
741 3898 842 3958 nimia
871 3897 1044 3967 coluisset:
1079 3897 1139 3959 hos
1171 3898 1260 3958 enim

52 3992 110 4036 esse
128 3976 342 4042 Mithridatis
363 3979 524 4041 adversus
546 3978 686 4056 Sullam,
714 3977 853 4042 Antonii
874 3979 1033 4042 adversus
1054 3978 1170 4060 divum
1191 3978 1260 4039 An-

51 4067 171 4153 gustum
199 4063 320 4124 socios.
369 4061 477 4124 Etiam
503 4069 623 4124 veterav
645 4063 842 4142 obiectabat,
882 4082 966 4144 quae
995 4063 1031 4123 in
1059 4060 1261 4124 Macedones

53 4159 260 4225 inprospere,
290 4145 457 4208 violenter
481 4145 521 4206 in
547 4163 625 4207 suos
652 4147 821 4222 fecissent,
852 4137 995 4209 dffensus
1022 4145 1101 4206 urbi
1122 4147 1261 4227 propria

53 4241 169 4308 qnoque
180 4229 248 4301 ira,
269 4229 345 4308 quia
358 4225 584 4308 Theophilum
601 4227 764 4311 quendam
783 4227 874 4292 Areo
892 4225 1019 4291 iudicio
1036 4229 1111 4292 taisi
1129 4225 1260 4289 demna-

52 4311 111 4370 lum
141 4311 299 4394 precibus
329 4312 398 4375 auis
432 4329 499 4374 non
534 4309 765 4375 concederent.
807 4311 891 4374 Exin
920 4312 1131 4398 nauigatione
1159 4311 1261 4374 celeri
