2774 4784
160 189 248 244 nm
430 191 642 260 INTERIOR
662 193 721 258 ET
741 195 902 262 lixum
923 193 1116 262 INDOLES

159 366 208 440 H.
236 365 272 455 1,
302 362 422 438 1-3.
449 365 483 440 7.
509 363 568 440 25.
595 362 655 439 35.
680 362 740 440 39.
768 365 828 442 69.
854 367 914 442 86.
940 365 977 458 2,
1000 365 1061 442 29.
1093 366 1181 461 Agr.
1211 367 1246 442 1.Ι
1266 367 1299 440 2.
1325 370 1367 440 ti-

160 465 349 540 midorum
380 464 669 560 ignavorumque
700 466 797 536 Ann.
830 465 867 551 3,
898 467 933 540 9.
965 459 1114 559 paridis
1148 463 1301 536 concilia
1333 469 1369 536 in

159 567 303 636 mcerto
328 565 417 634 eunt
440 561 475 654 3,
494 563 554 640 58.
580 563 621 632 in
642 569 743 634 mene
768 563 926 636 consilia
946 560 1185 660 prudentium
1209 571 1248 636 et
1267 565 1371 664 uolgi

158 685 291 738 rumor
315 663 424 734 trenta
448 657 667 748 cantenor,
697 667 755 756 15,
779 665 839 742 36.
874 685 970 760 petae
993 669 1135 737 natura
1157 669 1302 765 mugnis
1332 671 1369 736 ti.

159 763 339 851 nuribus,
373 759 538 836 betorites
570 759 773 836 crebebant
805 763 907 862 quob
939 771 1127 852 euenerat,
1170 770 1217 842 H.
1257 771 1285 860 1,
1311 770 1368 844 35.

159 864 437 967 Ignooissimur
467 866 621 962 quicque
653 869 693 937 et
720 869 760 936 in
789 865 959 962 periculo
985 889 1061 939 non
1086 888 1250 940 ausurus
1273 869 1373 938 ruenti

158 967 297 1062 verbis,
322 964 475 1064 linguae
498 965 673 1061 seroces:
698 987 805 1038 nemo
833 969 932 1038 scire
958 973 998 1040 et
1019 989 1145 1040 onmes
1164 969 1370 1068 affirmare,

164 1075 196 1162 1,
222 1072 280 1148 68.
306 1065 414 1138 multi
435 1069 474 1138 in
496 1064 679 1162 periculo·
697 1065 828 1162 pauidi
858 1073 944 1140 onte
978 1065 1176 1140 discrimen
1206 1070 1370 1163 feroces,

159 1174 196 1264 2,
209 1172 268 1247 76.
295 1164 402 1240 Satis
423 1167 553 1238 claras
568 1173 627 1238 est
641 1165 745 1264 opud
769 1173 952 1242 timentem
976 1171 1141 1267 quuqrn’s
1157 1160 1320 1254 tineetur,
1341 1173 1372 1263 3,

159 1274 219 1349 69.
247 1270 441 1342 consitium
455 1267 502 1340 ab
520 1267 685 1340 omnbus
698 1266 827 1357 datur,
850 1269 1060 1366 periculum
1073 1273 1191 1367 pauci
1210 1277 1372 1358 sumunt,

41 1437 45 1445 ,
159 1372 195 1464 3,
217 1373 276 1450 85.
302 1373 475 1448 Vitellius
499 1367 700 1440 mobilitate
724 1373 868 1468 ingenii
895 1376 944 1460 ot,
972 1391 1068 1468 quoe
1091 1377 1231 1444 natura
1252 1393 1373 1468 pavo-

157 1473 214 1542 ris
234 1475 305 1560 est,
331 1491 443 1570 quum
467 1471 590 1541 omnia
613 1474 790 1542 rumenti
809 1476 1027 1568 praesentia
1057 1477 1217 1546 munirer
1242 1471 1374 1568 dupli-

158 1577 301 1656 cerent,
344 1575 385 1644 in
423 1569 606 1669 palatium
645 1569 865 1670 regredimr
903 1579 1050 1646 uasbem
1092 1571 1374 1668 desertamque,-

157 1675 246 1770 Agr.
272 1675 331 1750 25.
356 1668 647 1772 regrediendum
679 1675 803 1768 specie
832 1671 1071 1772 prudentium
1094 1675 1226 1774 igniaci
1247 1673 1375 1745 admo

157 1771 309 1862 nebont,
349 1775 408 1852 27.
460 1769 571 1844 modo
612 1777 717 1844 cauti
759 1795 807 1846 ac
854 1779 1043 1873 sapientes
1082 1777 1247 1872 prompti
1286 1779 1378 1872 post

158 1877 327 1946 mentum
358 1893 406 1945 uc
437 1873 671 1972 niagniboqui
691 1880 794 1962 sunt,
826 1877 884 1953 32.
925 1871 1059 1948 Metus
1092 1881 1130 1947 et
1161 1883 1287 1948 terror
1325 1879 1376 1948 in-

154 1975 266 2074 firmo
288 1973 440 2046 circulo
464 1977 657 2047 oontabs:
685 1996 780 2072 quoe
804 1973 869 2048 ubi
890 1980 1110 2064 remoreris,
1148 1979 1212 2074 qui
1243 1979 1378 2048 timere

158 2073 350 2164 desierint,
377 2072 501 2148 obisse
519 2077 702 2172 incipient.
716 2117 768 2130 --
821 2071 1009 2175 Trepibos
1033 2079 1265 2176 ignorantia,
1287 2099 1378 2150 coe-

159 2177 235 2250 bum
258 2177 380 2274 ipsosne
404 2197 451 2248 ac
473 2197 579 2249 orare
604 2181 644 2248 et
657 2177 789 2265 sibeos,
822 2183 956 2277 ignota
988 2182 1113 2250 omnia
1147 2181 1378 2275 circumspe-

157 2283 316 2365 ctantes,
343 2277 496 2350 clausos
517 2275 786 2374 quodammodo
808 2299 855 2350 ac
879 2282 1024 2353 uinctos
1049 2275 1103 2350 obii
1123 2279 1230 2352 nobis
1254 2277 1378 2352 traeb-

157 2375 318 2454 dmmb:
357 2384 402 2454 de
428 2381 662 2477 Principibus
695 2385 792 2455 Ann.
824 2384 940 2472 1,47.
974 2377 1168 2476 Principis
1199 2382 1327 2452 maior
1361 2403 1379 2474 e

144 2479 362 2579 ¹longinquo
388 2483 613 2564 reverentia,
639 2484 675 2573 2,
705 2483 763 2556 42.
796 2476 970 2580 Regibus
995 2477 1293 2578 bononnesium
1321 2477 1379 2554 ini

153 2583 243 2681 fimo
266 2581 419 2652 insolitu
442 2585 544 2666 sient,
571 2581 605 2673 3,
623 2581 657 2655 6.
684 2577 886 2676 Principes
910 2581 1103 2670 mortales,
1130 2588 1286 2654 aeterna
1315 2587 1379 2676 rei

153 2680 315 2779 publica.
334 2721 385 2734 -
408 2665 650 2776 Principibus
663 2701 740 2752 nem
765 2679 893 2753 eadem
918 2681 1073 2771 deeora,
1101 2703 1195 2779 quoe
1219 2680 1379 2756 modicis

157 2779 339 2868 domno,
373 2783 409 2876 3,
434 2783 493 2860 53.
520 2776 654 2884 Maius
687 2779 831 2878 aliquid
860 2789 900 2854 et
929 2783 1117 2856 esconius
1142 2805 1168 2855 a
1192 2779 1379 2882 Principe

153 2883 385 2980 postulatur,
412 2886 452 2953 et
471 2902 583 2978 quum
608 2887 711 2954 recte
733 2883 926 2978 factorum
950 2885 1022 2956 sibi
1042 2886 1195 2982 qunque
1208 2889 1379 2982 gratim

156 2985 322 3074 trabant,
347 2985 459 3056 unius
481 2979 620 3054 inuidia
645 2981 691 3055 ab
718 2983 883 3056 omnbus
904 2991 1100 3083 peccatur,
1127 2988 1162 3081 3,
1187 2987 1246 3062 56.
1286 3011 1379 3058 sur-

156 3107 310 3158 cessore
342 3089 446 3157 certo
488 3081 705 3156 cohibentur
733 3107 878 3181 pravae
911 3085 1071 3158 aliorum
1103 3108 1206 3182 spes,
1242 3088 1277 3179 4,
1320 3091 1379 3168 38,

160 3183 301 3260 Cetera
334 3181 575 3282 Principibus
615 3188 739 3258 statim
772 3183 927 3280 adesse,
968 3209 1083 3260 unum
1114 3186 1379 3262 insatiabiliter

153 3283 381 3386 parandum,
403 3307 629 3382 prosperam
652 3289 715 3358 sui
737 3291 965 3376 memorium,
993 3289 1027 3382 4,
1049 3291 1106 3365 46.
1132 3283 1379 3386 Principibus

150 3391 361 3487 praecipua
384 3407 513 3460 rerum
538 3383 590 3458 ab
611 3386 754 3482 famam
778 3385 992 3487 dirigenda,
1023 3391 1079 3480 ll,
1110 3391 1164 3466 19.
1198 3385 1374 3490 Princip

155 3493 172 3561 i
225 3511 295 3562 neo
315 3489 545 3588 praegravis
569 3491 629 3560 66·
651 3491 827 3587 insignis,
857 3493 912 3583 14,
927 3493 986 3569 56.
1009 3491 1097 3588 finis
1112 3491 1272 3562 omnium
1293 3513 1379 3564 cun

184 3593 367 3663 ominante
400 3609 612 3662 cumanum
645 3593 859 3688 gratiarum
900 3595 1014 3678 actio,
1053 3591 1108 3680 15,
1147 3592 1177 3666 1.
1244 3587 1303 3664 Io
1347 3597 1379 3666 ir

155 3711 299 3766 summa
327 3691 489 3788 forbena
512 3711 557 3762 ae
582 3695 666 3762 utus
692 3688 793 3788 quod
828 3687 1014 3781 ualidius,
1048 3693 1087 3760 et
1115 3709 1187 3762 sun
1210 3695 1379 3767 retineri

151 3795 325 3890 priuatae
349 3788 502 3878 domus,
567 3813 587 3862 e
621 3789 753 3864 alienis
786 3797 935 3864 certare
966 3790 1078 3891 regio
1105 3787 1189 3862 Inus
1214 3798 1287 3880 est,
1325 3799 1379 3874 15

154 3894 214 3972 53.
242 3887 376 3990 cupido
413 3888 628 3964 dominandi
660 3893 803 3964 666666
828 3893 1021 3988 affectibus
1042 3887 1275 3987 flagrantior
1304 3903 1379 3965 est

154 3997 203 4068 H.
217 4009 219 4014 ·
235 3997 266 4088 1,
292 3997 326 4070 7.
361 3994 518 4064 inuisum
550 3991 667 4065 semei
696 3991 916 4090 Principem
948 4017 1017 4068 seu
1051 3989 1243 4068 bonesen
1274 3997 1379 4068 mab

152 4091 262 4189 focio
283 4099 481 4191 pronum&
511 4097 543 4188 l,
562 4096 616 4172 15.
667 4089 842 4166 Suadere
861 4091 1032 4193 Principi
1046 4091 1147 4191 quod
1161 4097 1376 4168 honestum

153 4193 261 4267 omiti
292 4185 455 4266 laboris:
497 4197 701 4270 meentatio
735 4217 833 4295 erga
865 4193 1082 4294 Principem
1120 4217 1379 4294 quemcrmqm

154 4295 234 4365 siue
272 4295 410 4391 affeetu
448 4297 663 4395 peragitur,
706 4299 737 4388 l,
763 4297 830 4373 21.
872 4293 1143 4372 onomaton
1175 4306 1379 4394 senpectrn
