2762 4788
171 197 295 256 omn
610 200 980 267 TRANSLATIONES

169 373 300 463 tiones,
326 367 531 474 Calpurnii
545 367 679 445 Ftncci
692 368 915 476 Encerptue
929 369 975 446 X.
993 369 1192 446 Rhetorrnn
1216 371 1371 446 niuniu

169 467 238 546 tl.
264 469 454 566 Dialogus
478 465 525 543 de
551 469 774 546 oratoribus.
1006 467 1010 476 ’
1199 503 1202 516 =

267 570 303 644 2.
328 571 429 644 Erici
450 567 622 644 Benzclii
646 596 732 642 cum
758 573 856 648 notis
880 575 1032 668 integris
1057 570 1210 661 Schelii,
1236 571 1371 644 Pitheci

169 669 291 766 Lipsii
327 681 400 770 cet.
442 669 585 742 selectis
625 694 712 743 vero
746 673 893 764 Mureti,
934 673 1115 744 Pichenee
1154 681 1192 743 et
1223 669 1371 744 Acidatt

171 768 301 864 Upsel.
332 769 503 846 17968.

257 868 303 942 13.
342 867 411 966 Cp.
446 870 492 940 Α.
523 866 733 944 Heunnnni
771 869 869 946 Gott.
910 873 1015 948 1719.
1051 873 1087 946 8.
1125 867 1318 966 Dialogus
1341 891 1371 938 rr

170 969 353 1064 cognitus,
379 964 588 1042 emendatus
612 983 650 1040 cc
677 966 897 1042 iliustratus.

270 1068 304 1142 4.
344 1067 425 1142 Ioh.
461 1066 575 1139 Henr.
603 1069 696 1162 Aug.
725 1065 910 1160 sctutzii,
945 1071 1009 1166 qui
1040 1064 1244 1165 Dialogus
1281 1065 1369 1140 dene

172 1167 366 1260 recensuit,
417 1165 635 1242 nannenten
681 1165 765 1242 lect.
809 1181 848 1242 et
893 1169 1128 1244 coniecturas
1171 1165 1371 1241 eruditurus

171 1265 323 1358 adiecit,
361 1267 602 1342 annotatione
637 1267 776 1342 selectu
808 1265 966 1343 aliorum
999 1281 1037 1339 et
1075 1291 1144 1341 suu
1177 1265 1371 1342 illustravi

170 1367 321 1463 Lipsiae
351 1367 458 1444 1788.
492 1367 527 1444 8·
867 1423 870 1428 -

269 1468 307 1542 5.
331 1463 454 1539 Ioech.
480 1467 558 1540 Dit.
586 1465 737 1540 Godoir.
766 1465 941 1546 Soebodii
968 1465 1066 1540 Gon.
1100 1467 1205 1546 1813.
1234 1474 1271 1534 et
1298 1462 1371 1533 Han

171 1589 254 1640 nur.
287 1566 392 1644 1815.

270 1665 304 1739 6.
332 1663 419 1738 Ern.
447 1663 621 1758 orontii,
654 1671 718 1763 qui
751 1668 950 1763 Dialogum
977 1666 1158 1740 recensuit
1182 1673 1220 1736 et
1250 1671 1371 1732 ennon

172 1769 272 1838 tiene
295 1766 470 1837 instruxit
495 1763 703 1840 confluent.
739 1767 844 1845 1828.
880 1769 916 1844 8.

271 1866 305 1938 7.
333 1863 392 1935 Fr.
421 1863 578 1956 Oecnni,
604 1869 668 1963 qui
693 1867 881 1962 dialogum
907 1868 1088 1938 recensuit
1112 1873 1148 1936 et
1165 1860 1371 1932 annotetiun

172 1964 297 2036 critice
321 1963 497 2036 instruxit
522 1962 643 2040 Giess.
675 1963 780 2042 1829.
814 1961 851 2040 8.

271 2064 307 2138 8.
333 2061 414 2136 loh.
440 2061 548 2159 Gasp.
578 2061 717 2140 Orettti
740 2065 867 2139 Turici
896 2063 1003 2141 1839.
1029 2065 1067 2139 8.
1096 2081 1180 2132 cum
1205 2060 1305 2130 notis
1328 2057 1371 2127 cri

172 2163 253 2236 ticis
277 2173 359 2234 tum
380 2165 470 2254 suis,
496 2175 577 2238 tum
594 2165 821 2255 Heumann,
847 2163 1023 2245 Schulzii,
1055 2157 1227 2248 Droukii,
1257 2157 1371 2230 Osann

171 2265 212 2334 in
237 2261 339 2334 editt
365 2259 484 2334 libelli
510 2274 546 2335 et
571 2263 820 2359 Peerlkampii
853 2267 891 2336 in
924 2254 1020 2326 Bibl.
1054 2257 1131 2328 crit
1157 2281 1255 2328 nova
1294 2257 1335 2328 Τ.
1358 2255 1371 2328 l

173 2361 213 2434 P.
241 2357 271 2433 Ι.
297 2371 378 2433 tum
403 2363 510 2434 novis
536 2373 572 2434 et
596 2365 761 2458 primum
788 2355 942 2450 vulgetis
955 2353 1269 2444 Reuchensteinii,
1296 2353 1371 2426 Prot

69 2491 73 2499 ·
173 2456 311 2554 Gymn.
337 2459 473 2556 Argue.

273 2561 307 2634 9.
335 2555 432 2631 Guil.
453 2551 690 2630 Boetticieri
703 2579 789 2626 cum
804 2565 961 2626 annotat.
981 2555 1058 2625 erit.
1076 2553 1196 2628 Berul.
1215 2552 1370 2631 183211

521 2732 1038 2826 TRANSLATIONES

292 2885 571 2952 mnu-onum
612 2885 640 2948 A
683 2883 881 2950 ‘ricino
923 2883 1277 2950 SCRIPTORUM.
1369 2957 1370 2962 ἵ

599 3005 625 3066 1.
670 3001 968 3070 GERMrtNchE.

491 3123 524 3176 n.
562 3123 710 3178 sunnin
730 3119 860 3177 Tuom
880 3119 1078 3176 tnnonnu.

271 3256 306 3349 ς.
341 3250 504 3325 xxxrr.
554 3255 585 3325 1.
628 3225 699 3325 ne'.
732 3247 878 3352 nncyu
909 3251 1073 3344 Mogunt.
1113 3249 1217 3327 1535.
1245 3253 1269 3324 r.
1308 3255 1369 3323 ne:

173 3351 454 3426 Riimischen
478 3353 656 3447 Keyser
689 3350 940 3423 Historien
972 3350 1122 3422 durch
1156 3351 1288 3424 Corn.
1314 3351 1366 3422 Te

174 3453 299 3524 citus
333 3451 630 3522 beschriben.
686 3449 804 3523 Item
842 3453 920 3524 des
945 3447 1183 3524 Biichlein
1208 3477 1294 3524 ven
1318 3442 1369 3520 dt

14 3598 16 3604 -
174 3551 304 3644 alten
319 3549 589 3625 Teutschen
606 3549 784 3622 brauch
801 3551 893 3624 und
910 3547 1369 3623 leben-noanlttelct

115 3713 118 3720 ,
175 3649 406 3724 Grctnitz
430 3673 515 3722 von
542 3647 767 3723 Grodnau
792 3647 1202 3726 Francos.1657.1675.
1229 3647 1368 3722 Norirnh

178 3747 284 3826 1696.
310 3745 345 3822 8.
389 3749 590 3822 Tacitus
614 3751 661 3821 in
685 3749 903 3823 teutsche
927 3747 1135 3842 Sprache
1160 3745 1368 3843 gebracht

174 3891 223 3906 -
249 3846 284 3924 3.
312 3845 391 3920 loh.
418 3847 517 3922 Sem.
545 3845 701 3924 Mittere
725 3849 860 3922 Hemb.
892 3848 996 3924 1765.
1026 3848 1130 3922 1766.
1156 3851 1191 3926 8.
1219 3847 1300 3921 vol.
1324 3841 1368 3918 111

174 3991 224 4008 -
249 3947 283 4024 4.
315 3943 461 4022 Pactu·
497 3960 534 4022 et
568 3945 817 4044 comagene·
854 3949 937 4022 Hn.
969 3949 1089 4042 Magn.
1119 3941 1368 4025 1765-1771

30 4127 31 4132 ,
175 4051 210 4125 8.
237 4047 320 4122 vot
355 4045 422 4120 Vl.
462 4059 499 4121 et
531 4073 626 4121 nova
656 4049 771 4121 editio
809 4049 913 4124 1771.
949 4047 1201 4122 101111-
1248 4049 1283 4122 5.
1309 4021 1368 4115 cai

175 4144 275 4220 Frid.
303 4143 490 4222 Batrdut
504 4147 586 4222 Hn.
617 4149 721 4225 1781.
736 4151 771 4226 8.
800 4145 1021 4227 101111.-
1046 4147 1080 4222 6.
1108 4145 1153 4222 G.
1167 4147 1209 4224 L.
1235 4141 1368 4220 Becter

177 4271 262 4319 cum
296 4249 392 4320 notis
426 4247 588 4322 Francos.
629 4249 735 4326 1892.
770 4250 805 4325 8.
850 4249 897 4323 ·Τ.
932 4245 958 4322 1.
1001 4291 1050 4304 --
1100 4250 1133 4321 7.
1175 4243 1367 4324 Woltncnn
