<?xml version="1.0" encoding="UTF-8"?>
<!DOCTYPE html PUBLIC "-//W3C//DTD XHTML 1.0 Transitional//EN"
    "http://www.w3.org/TR/xhtml1/DTD/xhtml1-transitional.dtd">
<html xmlns="http://www.w3.org/1999/xhtml" xml:lang="en" lang="en">
 <head>
  <title>
</title>
<meta http-equiv="Content-Type" content="text/html;charset=utf-8" />
  <meta name='ocr-system' content='tesseract 3.04.00' />
  <meta name='ocr-capabilities' content='ocr_page ocr_carea ocr_par ocr_line ocrx_word'/>
</head>
<body>
  <div class='ocr_page' id='page_1' title='image "./lta-2000/ccorneliitaciti28tacigoog/ccorneliitaciti28tacigoog_0047.png"; bbox 0 0 2774 4784; ppageno 0'>
   <div class='ocr_carea' id='block_1_1' title="bbox 182 222 1134 292">
    <p class='ocr_par' dir='ltr' id='par_1_1' title="bbox 182 222 1134 292">
     <span class='ocr_line' id='line_1_1' title="bbox 182 222 1134 292; baseline 0.014 -13"><span class='ocrx_word' id='word_1_1' title='bbox 182 222 327 280; x_wconf 78' lang='lat' dir='ltr'><strong>mviii</strong></span> <span class='ocrx_word' id='word_1_2' title='bbox 442 223 655 289; x_wconf 80' lang='lat' dir='ltr'><strong>INTERIOR</strong></span> <span class='ocrx_word' id='word_1_3' title='bbox 676 223 734 289; x_wconf 77' lang='grc' dir='ltr'><strong>ΕΤ</strong></span> <span class='ocrx_word' id='word_1_4' title='bbox 754 223 917 290; x_wconf 77' lang='lat' dir='ltr'><strong>Extant</strong></span> <span class='ocrx_word' id='word_1_5' title='bbox 939 225 1134 292; x_wconf 81' lang='lat' dir='ltr'><strong>INDOLES</strong></span> 
     </span>
    </p>
   </div>
   <div class='ocr_carea' id='block_1_2' title="bbox 182 393 1379 2058">
    <p class='ocr_par' dir='ltr' id='par_1_2' title="bbox 182 393 1379 568">
     <span class='ocr_line' id='line_1_2' title="bbox 182 393 1379 568; baseline 0.003 -102"><span class='ocrx_word' id='word_1_6' title='bbox 182 395 276 568; x_wconf 60' lang='lat' dir='ltr'><strong>qigra</strong></span> <span class='ocrx_word' id='word_1_7' title='bbox 314 393 387 566; x_wconf 62' lang='grc' dir='ltr'><strong>4421ιό</strong></span> <span class='ocrx_word' id='word_1_8' title='bbox 435 396 645 468; x_wconf 77' lang='lat' dir='ltr'><strong>nuntiarent</strong></span> <span class='ocrx_word' id='word_1_9' title='bbox 688 407 725 468; x_wconf 88' lang='lat' dir='ltr'><strong>et</strong></span> <span class='ocrx_word' id='word_1_10' title='bbox 764 399 996 469; x_wconf 76' lang='lat' dir='ltr'><strong>accuratiora.</strong></span> <span class='ocrx_word' id='word_1_11' title='bbox 1056 423 1090 467; x_wconf 91' lang='lat' dir='ltr'><strong>v.</strong></span> <span class='ocrx_word' id='word_1_12' title='bbox 1132 395 1234 468; x_wconf 82' lang='lat' dir='ltr'><strong>Ptin.</strong></span> <span class='ocrx_word' id='word_1_13' title='bbox 1257 421 1329 492; x_wconf 80' lang='lat' dir='ltr'><strong>ep.</strong></span> <span class='ocrx_word' id='word_1_14' title='bbox 1366 397 1379 470; x_wconf 79' lang='lat' dir='ltr'><strong>t</strong></span> 
     </span>
     <span class='ocr_line' id='line_1_3' title="bbox 234 503 397 566; baseline -0.012 -2"><span class='ocrx_word' id='word_1_15' title='bbox 234 547 242 564; x_wconf 91' lang='lat'><strong>.</strong></span> <span class='ocrx_word' id='word_1_16' title='bbox 274 503 310 566; x_wconf 89' lang='lat' dir='ltr'><strong>et</strong></span> <span class='ocrx_word' id='word_1_17' title='bbox 389 546 397 562; x_wconf 94' lang='lat'><strong>.</strong></span> 
     </span>
    </p>

    <p class='ocr_par' dir='ltr' id='par_1_3' title="bbox 182 591 1379 2058">
     <span class='ocr_line' id='line_1_4' title="bbox 282 591 1379 693; baseline 0 -27"><span class='ocrx_word' id='word_1_18' title='bbox 282 594 317 688; x_wconf 65' lang='grc' dir='ltr'><strong>ξ.</strong></span> <span class='ocrx_word' id='word_1_19' title='bbox 348 591 415 666; x_wconf 91' lang='lat' dir='ltr'><strong>lX.</strong></span> <span class='ocrx_word' id='word_1_20' title='bbox 452 592 535 666; x_wconf 93' lang='lat' dir='ltr'><strong>Non</strong></span> <span class='ocrx_word' id='word_1_21' title='bbox 560 595 707 666; x_wconf 78' lang='lat' dir='ltr'><strong>defuere</strong></span> <span class='ocrx_word' id='word_1_22' title='bbox 732 605 867 688; x_wconf 88' lang='lat' dir='ltr'><strong>tamen,</strong></span> <span class='ocrx_word' id='word_1_23' title='bbox 899 599 964 693; x_wconf 89' lang='lat' dir='ltr'><strong>qui</strong></span> <span class='ocrx_word' id='word_1_24' title='bbox 989 596 1107 670; x_wconf 87' lang='lat' dir='ltr'><strong>Taciti</strong></span> <span class='ocrx_word' id='word_1_25' title='bbox 1131 594 1245 668; x_wconf 86' lang='lat' dir='ltr'><strong>fidem</strong></span> <span class='ocrx_word' id='word_1_26' title='bbox 1270 595 1312 667; x_wconf 94' lang='lat' dir='ltr'><strong>in</strong></span> <span class='ocrx_word' id='word_1_27' title='bbox 1338 597 1379 666; x_wconf 87' lang='lat' dir='ltr'><strong>du</strong></span> 
     </span>
     <span class='ocr_line' id='line_1_5' title="bbox 182 693 1379 791; baseline -0.001 -27"><span class='ocrx_word' id='word_1_28' title='bbox 182 693 291 766; x_wconf 90' lang='lat' dir='ltr'><strong>bium</strong></span> <span class='ocrx_word' id='word_1_29' title='bbox 315 702 486 766; x_wconf 85' lang='lat' dir='ltr'><strong>vocarent</strong></span> <span class='ocrx_word' id='word_1_30' title='bbox 510 717 670 790; x_wconf 88' lang='lat' dir='ltr'><strong>eumque</strong></span> <span class='ocrx_word' id='word_1_31' title='bbox 694 697 857 790; x_wconf 90' lang='lat' dir='ltr'><strong>potuisse</strong></span> <span class='ocrx_word' id='word_1_32' title='bbox 882 698 1034 791; x_wconf 91' lang='lat' dir='ltr'><strong>quidem</strong></span> <span class='ocrx_word' id='word_1_33' title='bbox 1058 720 1145 768; x_wconf 85' lang='lat' dir='ltr'><strong>vera</strong></span> <span class='ocrx_word' id='word_1_34' title='bbox 1156 695 1312 784; x_wconf 88' lang='lat' dir='ltr'><strong>tradere</strong></span> <span class='ocrx_word' id='word_1_35' title='bbox 1339 719 1379 766; x_wconf 84' lang='lat' dir='ltr'><strong>se</strong></span> 
     </span>
     <span class='ocr_line' id='line_1_6' title="bbox 182 747 1379 879; baseline -0.002 -15"><span class='ocrx_word' id='word_1_36' title='bbox 182 791 347 864; x_wconf 89' lang='lat' dir='ltr'><strong>noluisse</strong></span> <span class='ocrx_word' id='word_1_37' title='bbox 381 793 651 865; x_wconf 84' lang='lat' dir='ltr'><strong>contenderent.</strong></span> <span class='ocrx_word' id='word_1_38' title='bbox 711 793 911 879; x_wconf 75' lang='lat' dir='ltr'><strong>Notissima</strong></span> <span class='ocrx_word' id='word_1_39' title='bbox 953 807 1040 868; x_wconf 90' lang='lat' dir='ltr'><strong>sunt</strong></span> <span class='ocrx_word' id='word_1_40' title='bbox 1082 807 1118 867; x_wconf 90' lang='grc'><strong>41</strong></span> <span class='ocrx_word' id='word_1_41' title='bbox 1159 795 1271 866; x_wconf 88' lang='lat' dir='ltr'><strong>verba</strong></span> <span class='ocrx_word' id='word_1_42' title='bbox 1296 747 1379 866; x_wconf 77' lang='lat' dir='ltr'><strong>i’aul</strong></span> 
     </span>
     <span class='ocr_line' id='line_1_7' title="bbox 184 889 1379 990; baseline 0 -26"><span class='ocrx_word' id='word_1_43' title='bbox 184 889 336 982; x_wconf 90' lang='lat' dir='ltr'><strong>Orosii,</strong></span> <span class='ocrx_word' id='word_1_44' title='bbox 347 892 411 987; x_wconf 91' lang='lat' dir='ltr'><strong>qui</strong></span> <span class='ocrx_word' id='word_1_45' title='bbox 435 891 519 964; x_wconf 91' lang='lat' dir='ltr'><strong>hist.</strong></span> <span class='ocrx_word' id='word_1_46' title='bbox 551 893 583 984; x_wconf 94' lang='lat' dir='ltr'><strong>l,</strong></span> <span class='ocrx_word' id='word_1_47' title='bbox 602 893 637 968; x_wconf 89' lang='lat'><strong>5.</strong></span> <span class='ocrx_word' id='word_1_48' title='bbox 664 891 774 964; x_wconf 90' lang='lat' dir='ltr'><strong>illum</strong></span> <span class='ocrx_word' id='word_1_49' title='bbox 798 918 1066 990; x_wconf 89' lang='lat' dir='ltr'><strong>nonuunquam</strong></span> <span class='ocrx_word' id='word_1_50' title='bbox 1091 897 1291 968; x_wconf 90' lang='lat' dir='ltr'><strong>mentitum</strong></span> <span class='ocrx_word' id='word_1_51' title='bbox 1325 919 1379 964; x_wconf 89' lang='lat' dir='ltr'><strong>ess</strong></span> 
     </span>
     <span class='ocr_line' id='line_1_8' title="bbox 183 945 1379 1106; baseline -0.001 -42"><span class='ocrx_word' id='word_1_52' title='bbox 183 991 296 1068; x_wconf 84' lang='grc'><strong>414441</strong></span> <span class='ocrx_word' id='word_1_53' title='bbox 307 1015 347 1061; x_wconf 84' lang='grc'><strong>44</strong></span> <span class='ocrx_word' id='word_1_54' title='bbox 374 987 504 1094; x_wconf 83' lang='lat' dir='ltr'><strong>palam</strong></span> <span class='ocrx_word' id='word_1_55' title='bbox 529 945 767 1106; x_wconf 67' lang='lat' dir='ltr'><strong>plodidiase,</strong></span> <span class='ocrx_word' id='word_1_56' title='bbox 811 1015 884 1066; x_wconf 85' lang='grc'><strong>444</strong></span> <span class='ocrx_word' id='word_1_57' title='bbox 920 993 994 1066; x_wconf 83' lang='lat' dir='ltr'><strong>eibi</strong></span> <span class='ocrx_word' id='word_1_58' title='bbox 1031 994 1258 1090; x_wconf 81' lang='lat' dir='ltr'><strong>cognitionis</strong></span> <span class='ocrx_word' id='word_1_59' title='bbox 1296 989 1379 1086; x_wconf 78' lang='lat' dir='ltr'><strong>fider</strong></span> 
     </span>
     <span class='ocr_line' id='line_1_9' title="bbox 183 1085 1379 1236; baseline -0.001 -73"><span class='ocrx_word' id='word_1_60' title='bbox 183 1087 348 1184; x_wconf 66' lang='grc'><strong>(14144444</strong></span> <span class='ocrx_word' id='word_1_61' title='bbox 392 1085 462 1162; x_wconf 86' lang='lat' dir='ltr'><strong>aed</strong></span> <span class='ocrx_word' id='word_1_62' title='bbox 499 1087 763 1193; x_wconf 69' lang='lat' dir='ltr'><strong>exprimendae</strong></span> <span class='ocrx_word' id='word_1_63' title='bbox 802 1088 895 1210; x_wconf 71' lang='lat' dir='ltr'><strong>fidei</strong></span> <span class='ocrx_word' id='word_1_64' title='bbox 925 1091 1160 1184; x_wconf 82' lang='lat' dir='ltr'><strong>voluntate-m,</strong></span> <span class='ocrx_word' id='word_1_65' title='bbox 1198 1103 1235 1164; x_wconf 89' lang='grc'><strong>41</strong></span> <span class='ocrx_word' id='word_1_66' title='bbox 1266 1093 1379 1236; x_wconf 61' lang='lat' dir='ltr'><strong>iudicq</strong></span> 
     </span>
     <span class='ocr_line' id='line_1_10' title="bbox 183 1189 1379 1385; baseline 0 -23"><span class='ocrx_word' id='word_1_67' title='bbox 183 1189 610 1362; x_wconf 70' lang='lat' dir='ltr'><strong>ttttcttttttt</strong></span> <span class='ocrx_word' id='word_1_68' title='bbox 609 1201 756 1362; x_wconf 77' lang='lat' dir='ltr'><strong>ttttt.</strong></span> <span class='ocrx_word' id='word_1_69' title='bbox 767 1193 1005 1362; x_wconf 65' lang='grc'><strong>44414143</strong></span> <span class='ocrx_word' id='word_1_70' title='bbox 1007 1191 1215 1385; x_wconf 59' lang='lat' dir='ltr'><strong>..tritt</strong></span> <span class='ocrx_word' id='word_1_71' title='bbox 1227 1193 1379 1362; x_wconf 64' lang='lat' dir='ltr'><strong>llil</strong></span> 
     </span>
     <span class='ocr_line' id='line_1_11' title="bbox 184 1387 1379 1482; baseline -0.007 -18"><span class='ocrx_word' id='word_1_72' title='bbox 184 1387 243 1464; x_wconf 94' lang='grc'><strong>44.</strong></span> <span class='ocrx_word' id='word_1_73' title='bbox 270 1398 307 1460; x_wconf 89' lang='grc'><strong>41</strong></span> <span class='ocrx_word' id='word_1_74' title='bbox 331 1387 427 1460; x_wconf 86' lang='grc' dir='ltr'><strong>Η441.</strong></span> <span class='ocrx_word' id='word_1_75' title='bbox 455 1388 490 1477; x_wconf 91' lang='lat'><strong>5,</strong></span> <span class='ocrx_word' id='word_1_76' title='bbox 515 1387 602 1462; x_wconf 95' lang='grc'><strong>2-</strong></span> <span class='ocrx_word' id='word_1_77' title='bbox 615 1389 650 1464; x_wconf 88' lang='grc'><strong>8.</strong></span> <span class='ocrx_word' id='word_1_78' title='bbox 702 1389 779 1469; x_wconf 79' lang='lat' dir='ltr'><strong>Qui</strong></span> <span class='ocrx_word' id='word_1_79' title='bbox 809 1413 897 1460; x_wconf 89' lang='lat' dir='ltr'><strong>vero</strong></span> <span class='ocrx_word' id='word_1_80' title='bbox 930 1387 1039 1460; x_wconf 86' lang='lat' dir='ltr'><strong>illurn</strong></span> <span class='ocrx_word' id='word_1_81' title='bbox 1071 1387 1311 1482; x_wconf 76' lang='lat' dir='ltr'><strong>malignitatis</strong></span> <span class='ocrx_word' id='word_1_82' title='bbox 1344 1411 1379 1456; x_wconf 86' lang='grc' dir='ltr'><strong>ιε</strong></span> 
     </span>
     <span class='ocr_line' id='line_1_12' title="bbox 185 1440 1379 1582; baseline -0.004 -22"><span class='ocrx_word' id='word_1_83' title='bbox 185 1487 349 1560; x_wconf 84' lang='grc'><strong>(14444444</strong></span> <span class='ocrx_word' id='word_1_84' title='bbox 383 1440 572 1581; x_wconf 88' lang='grc'><strong>4414344444</strong></span> <span class='ocrx_word' id='word_1_85' title='bbox 606 1511 714 1559; x_wconf 89' lang='lat' dir='ltr'><strong>causa</strong></span> <span class='ocrx_word' id='word_1_86' title='bbox 749 1487 840 1558; x_wconf 90' lang='lat' dir='ltr'><strong>haec</strong></span> <span class='ocrx_word' id='word_1_87' title='bbox 878 1487 1044 1560; x_wconf 85' lang='lat' dir='ltr'><strong>consulto</strong></span> <span class='ocrx_word' id='word_1_88' title='bbox 1083 1489 1303 1582; x_wconf 88' lang='lat' dir='ltr'><strong>corrupisse,</strong></span> <span class='ocrx_word' id='word_1_89' title='bbox 1342 1511 1379 1556; x_wconf 90' lang='grc'><strong>44</strong></span> 
     </span>
     <span class='ocr_line' id='line_1_13' title="bbox 183 1583 1379 1686; baseline -0.003 -28"><span class='ocrx_word' id='word_1_90' title='bbox 183 1596 375 1686; x_wconf 88' lang='lat' dir='ltr'><strong>propterea</strong></span> <span class='ocrx_word' id='word_1_91' title='bbox 391 1583 506 1658; x_wconf 89' lang='lat' dir='ltr'><strong>fidem</strong></span> <span class='ocrx_word' id='word_1_92' title='bbox 524 1589 634 1658; x_wconf 89' lang='lat' dir='ltr'><strong>etiam</strong></span> <span class='ocrx_word' id='word_1_93' title='bbox 655 1585 743 1678; x_wconf 93' lang='lat' dir='ltr'><strong>illis,</strong></span> <span class='ocrx_word' id='word_1_94' title='bbox 769 1611 863 1682; x_wconf 88' lang='lat' dir='ltr'><strong>quae</strong></span> <span class='ocrx_word' id='word_1_95' title='bbox 888 1588 934 1659; x_wconf 90' lang='lat' dir='ltr'><strong>de</strong></span> <span class='ocrx_word' id='word_1_96' title='bbox 945 1588 1121 1660; x_wconf 84' lang='lat' dir='ltr'><strong>Romame</strong></span> <span class='ocrx_word' id='word_1_97' title='bbox 1147 1597 1183 1660; x_wconf 91' lang='lat' dir='ltr'><strong>et</strong></span> <span class='ocrx_word' id='word_1_98' title='bbox 1200 1609 1288 1682; x_wconf 88' lang='lat' dir='ltr'><strong>pere</strong></span> <span class='ocrx_word' id='word_1_99' title='bbox 1335 1586 1379 1654; x_wconf 91' lang='grc'><strong>4</strong></span> 
     </span>
     <span class='ocr_line' id='line_1_14' title="bbox 184 1685 1379 1782; baseline -0.002 -24"><span class='ocrx_word' id='word_1_100' title='bbox 184 1685 313 1758; x_wconf 88' lang='lat' dir='ltr'><strong>saltem</strong></span> <span class='ocrx_word' id='word_1_101' title='bbox 339 1685 489 1780; x_wconf 91' lang='lat' dir='ltr'><strong>populis</strong></span> <span class='ocrx_word' id='word_1_102' title='bbox 514 1685 715 1776; x_wconf 82' lang='lat' dir='ltr'><strong>tradiderit,</strong></span> <span class='ocrx_word' id='word_1_103' title='bbox 740 1685 991 1780; x_wconf 81' lang='lat' dir='ltr'><strong>denegandam</strong></span> <span class='ocrx_word' id='word_1_104' title='bbox 1017 1711 1176 1782; x_wconf 89' lang='lat' dir='ltr'><strong>eumque</strong></span> <span class='ocrx_word' id='word_1_105' title='bbox 1197 1709 1275 1758; x_wconf 84' lang='lat' dir='ltr'><strong>mea</strong></span> <span class='ocrx_word' id='word_1_106' title='bbox 1304 1685 1379 1756; x_wconf 80' lang='lat' dir='ltr'><strong>ocio</strong></span> 
     </span>
     <span class='ocr_line' id='line_1_15' title="bbox 185 1783 1379 1880; baseline -0.002 -22"><span class='ocrx_word' id='word_1_107' title='bbox 185 1808 263 1858; x_wconf 81' lang='grc'><strong>1444</strong></span> <span class='ocrx_word' id='word_1_108' title='bbox 278 1783 567 1880; x_wconf 71' lang='lat' dir='ltr'><strong>loquacissimum</strong></span> <span class='ocrx_word' id='word_1_109' title='bbox 588 1785 700 1856; x_wconf 86' lang='lat' dir='ltr'><strong>luisse</strong></span> <span class='ocrx_word' id='word_1_110' title='bbox 713 1786 919 1879; x_wconf 87' lang='lat' dir='ltr'><strong>opinantur,</strong></span> <span class='ocrx_word' id='word_1_111' title='bbox 941 1798 984 1859; x_wconf 91' lang='lat' dir='ltr'><strong>ut</strong></span> <span class='ocrx_word' id='word_1_112' title='bbox 996 1785 1244 1876; x_wconf 86' lang='lat' dir='ltr'><strong>Tertullianus</strong></span> <span class='ocrx_word' id='word_1_113' title='bbox 1257 1783 1379 1880; x_wconf 78' lang='lat' dir='ltr'><strong>apolos</strong></span> 
     </span>
     <span class='ocr_line' id='line_1_16' title="bbox 183 1865 1379 1981; baseline -0.002 -25"><span class='ocrx_word' id='word_1_114' title='bbox 183 1886 265 1956; x_wconf 88' lang='lat' dir='ltr'><strong>adv.</strong></span> <span class='ocrx_word' id='word_1_115' title='bbox 292 1894 445 1979; x_wconf 84' lang='grc'><strong>34414.</strong></span> <span class='ocrx_word' id='word_1_116' title='bbox 476 1883 545 1975; x_wconf 91' lang='grc'><strong>16.,</strong></span> <span class='ocrx_word' id='word_1_117' title='bbox 570 1885 633 1954; x_wconf 82' lang='lat' dir='ltr'><strong>vix</strong></span> <span class='ocrx_word' id='word_1_118' title='bbox 658 1885 761 1979; x_wconf 77' lang='lat' dir='ltr'><strong>digni</strong></span> <span class='ocrx_word' id='word_1_119' title='bbox 785 1896 871 1957; x_wconf 89' lang='lat' dir='ltr'><strong>sunt</strong></span> <span class='ocrx_word' id='word_1_120' title='bbox 895 1887 961 1981; x_wconf 92' lang='lat' dir='ltr'><strong>qui</strong></span> <span class='ocrx_word' id='word_1_121' title='bbox 986 1865 1201 1957; x_wconf 80' lang='lat' dir='ltr'><strong>refutentur.</strong></span> <span class='ocrx_word' id='word_1_122' title='bbox 1249 1885 1379 1958; x_wconf 85' lang='lat' dir='ltr'><strong>Tacito</strong></span> 
     </span>
     <span class='ocr_line' id='line_1_17' title="bbox 183 1935 1379 2058; baseline -0.003 -2"><span class='ocrx_word' id='word_1_123' title='bbox 183 1985 291 2056; x_wconf 89' lang='grc'><strong>4144</strong></span> <span class='ocrx_word' id='word_1_124' title='bbox 317 1984 491 2056; x_wconf 90' lang='lat' dir='ltr'><strong>omnibus</strong></span> <span class='ocrx_word' id='word_1_125' title='bbox 517 1935 568 2056; x_wconf 82' lang='lat' dir='ltr'><strong>ila</strong></span> <span class='ocrx_word' id='word_1_126' title='bbox 592 1984 692 2056; x_wconf 91' lang='grc'><strong>4144</strong></span> <span class='ocrx_word' id='word_1_127' title='bbox 720 1983 779 2056; x_wconf 92' lang='lat' dir='ltr'><strong>his</strong></span> <span class='ocrx_word' id='word_1_128' title='bbox 805 1985 915 2058; x_wconf 90' lang='lat' dir='ltr'><strong>rebus</strong></span> <span class='ocrx_word' id='word_1_129' title='bbox 940 1985 1064 2058; x_wconf 89' lang='lat' dir='ltr'><strong>retulit</strong></span> <span class='ocrx_word' id='word_1_130' title='bbox 1088 1985 1134 2056; x_wconf 89' lang='lat' dir='ltr'><strong>ab</strong></span> <span class='ocrx_word' id='word_1_131' title='bbox 1159 1983 1241 2056; x_wconf 90' lang='grc'><strong>41444</strong></span> <span class='ocrx_word' id='word_1_132' title='bbox 1261 1993 1379 2054; x_wconf 88' lang='lat' dir='ltr'><strong>narrat</strong></span> 
     </span>
    </p>
   </div>
   <div class='ocr_carea' id='block_1_3' title="bbox 47 2083 1379 2180">
    <p class='ocr_par' dir='ltr' id='par_1_4' title="bbox 47 2083 1379 2180">
     <span class='ocr_line' id='line_1_18' title="bbox 47 2083 1379 2180; baseline -0.003 -24"><span class='ocrx_word' id='word_1_133' title='bbox 47 2097 52 2108; x_wconf 89' lang='grc'><em>“</em></span> <span class='ocrx_word' id='word_1_134' title='bbox 185 2093 222 2156; x_wconf 90' lang='grc'><strong>41</strong></span> <span class='ocrx_word' id='word_1_135' title='bbox 246 2106 406 2178; x_wconf 78' lang='lat' dir='ltr'><strong>congrua</strong></span> <span class='ocrx_word' id='word_1_136' title='bbox 429 2083 487 2174; x_wconf 89' lang='lat' dir='ltr'><strong>iis,</strong></span> <span class='ocrx_word' id='word_1_137' title='bbox 513 2108 606 2180; x_wconf 90' lang='lat' dir='ltr'><strong>quae</strong></span> <span class='ocrx_word' id='word_1_138' title='bbox 631 2083 677 2154; x_wconf 89' lang='lat' dir='ltr'><strong>de</strong></span> <span class='ocrx_word' id='word_1_139' title='bbox 702 2085 959 2178; x_wconf 83' lang='lat' dir='ltr'><strong>superstitione</strong></span> <span class='ocrx_word' id='word_1_140' title='bbox 983 2108 1106 2180; x_wconf 85' lang='lat' dir='ltr'><strong>prava,</strong></span> <span class='ocrx_word' id='word_1_141' title='bbox 1139 2085 1379 2178; x_wconf 77' lang='lat' dir='ltr'><strong>pervicaciae</strong></span> 
     </span>
    </p>
   </div>
   <div class='ocr_carea' id='block_1_4' title="bbox 184 2181 1379 2378">
    <p class='ocr_par' dir='ltr' id='par_1_5' title="bbox 184 2181 1379 2378">
     <span class='ocr_line' id='line_1_19' title="bbox 184 2181 1379 2278; baseline -0.003 -24"><span class='ocrx_word' id='word_1_142' title='bbox 184 2183 317 2254; x_wconf 91' lang='lat' dir='ltr'><strong>ritibus</strong></span> <span class='ocrx_word' id='word_1_143' title='bbox 342 2182 564 2255; x_wconf 89' lang='lat' dir='ltr'><strong>Iudaeorum</strong></span> <span class='ocrx_word' id='word_1_144' title='bbox 589 2184 760 2256; x_wconf 85' lang='lat' dir='ltr'><strong>dixerunt</strong></span> <span class='ocrx_word' id='word_1_145' title='bbox 783 2183 1004 2278; x_wconf 91' lang='lat' dir='ltr'><strong>Apollonius</strong></span> <span class='ocrx_word' id='word_1_146' title='bbox 1030 2181 1211 2278; x_wconf 88' lang='lat' dir='ltr'><strong>aliique</strong></span> <span class='ocrx_word' id='word_1_147' title='bbox 1199 2207 1240 2253; x_wconf 93' lang='lat' dir='ltr'><strong>1n</strong></span> <span class='ocrx_word' id='word_1_148' title='bbox 1274 2181 1379 2254; x_wconf 88' lang='lat' dir='ltr'><strong>libell</strong></span> 
     </span>
     <span class='ocr_line' id='line_1_20' title="bbox 184 2277 1379 2378; baseline -0.006 -22"><span class='ocrx_word' id='word_1_149' title='bbox 184 2281 337 2378; x_wconf 89' lang='lat' dir='ltr'><strong>Iosephi</strong></span> <span class='ocrx_word' id='word_1_150' title='bbox 368 2292 493 2354; x_wconf 89' lang='lat' dir='ltr'><strong>contra</strong></span> <span class='ocrx_word' id='word_1_151' title='bbox 518 2283 718 2376; x_wconf 88' lang='lat' dir='ltr'><strong>Apionem,</strong></span> <span class='ocrx_word' id='word_1_152' title='bbox 753 2281 885 2354; x_wconf 88' lang='lat' dir='ltr'><strong>Cicero</strong></span> <span class='ocrx_word' id='word_1_153' title='bbox 917 2306 984 2378; x_wconf 90' lang='lat' dir='ltr'><strong>pro</strong></span> <span class='ocrx_word' id='word_1_154' title='bbox 1009 2282 1138 2360; x_wconf 85' lang='lat' dir='ltr'><strong>Flacco</strong></span> <span class='ocrx_word' id='word_1_155' title='bbox 1170 2305 1199 2353; x_wconf 93' lang='lat' dir='ltr'><strong>c.</strong></span> <span class='ocrx_word' id='word_1_156' title='bbox 1227 2281 1289 2357; x_wconf 87' lang='grc'><strong>28.</strong></span> <span class='ocrx_word' id='word_1_157' title='bbox 1331 2277 1379 2362; x_wconf 80' lang='grc' dir='ltr'><strong>Ρ11</strong></span> 
     </span>
    </p>
   </div>
   <div class='ocr_carea' id='block_1_5' title="bbox 57 2379 1378 2472">
    <p class='ocr_par' dir='ltr' id='par_1_6' title="bbox 57 2379 1378 2472">
     <span class='ocr_line' id='line_1_21' title="bbox 57 2379 1378 2472; baseline -0.002 -18"><span class='ocrx_word' id='word_1_158' title='bbox 57 2379 60 2384; x_wconf 66' lang='grc'>’</span> <span class='ocrx_word' id='word_1_159' title='bbox 183 2383 269 2454; x_wconf 90' lang='lat' dir='ltr'><strong>nius</strong></span> <span class='ocrx_word' id='word_1_160' title='bbox 302 2380 574 2472; x_wconf 87' lang='grc' dir='ltr'><strong>Η.Ν.13,9.</strong></span> <span class='ocrx_word' id='word_1_161' title='bbox 613 2383 776 2454; x_wconf 88' lang='grc'><strong>14414444</strong></span> <span class='ocrx_word' id='word_1_162' title='bbox 810 2381 870 2472; x_wconf 88' lang='grc'><strong>36,</strong></span> <span class='ocrx_word' id='word_1_163' title='bbox 903 2382 938 2455; x_wconf 94' lang='grc'><strong>2.</strong></span> <span class='ocrx_word' id='word_1_164' title='bbox 965 2379 999 2456; x_wconf 90' lang='grc'><strong>3.</strong></span> <span class='ocrx_word' id='word_1_165' title='bbox 1041 2379 1294 2471; x_wconf 82' lang='lat' dir='ltr'><strong>Iuvenalis,</strong></span> <span class='ocrx_word' id='word_1_166' title='bbox 1332 2379 1378 2454; x_wconf 91' lang='grc'><strong>54</strong></span> 
     </span>
    </p>
   </div>
   <div class='ocr_carea' id='block_1_6' title="bbox 135 2479 1378 3172">
    <p class='ocr_par' dir='ltr' id='par_1_7' title="bbox 135 2479 1378 3172">
     <span class='ocr_line' id='line_1_22' title="bbox 185 2479 1378 2577; baseline -0.002 -25"><span class='ocrx_word' id='word_1_167' title='bbox 185 2506 237 2577; x_wconf 90' lang='lat' dir='ltr'><strong>sq.</strong></span> <span class='ocrx_word' id='word_1_168' title='bbox 259 2481 333 2571; x_wconf 92' lang='grc'><strong>1,4</strong></span> <span class='ocrx_word' id='word_1_169' title='bbox 368 2479 417 2556; x_wconf 91' lang='grc'><strong>96</strong></span> <span class='ocrx_word' id='word_1_170' title='bbox 451 2506 502 2576; x_wconf 88' lang='lat' dir='ltr'><strong>sq.</strong></span> <span class='ocrx_word' id='word_1_171' title='bbox 543 2481 698 2562; x_wconf 81' lang='lat' dir='ltr'><strong>Quintil.</strong></span> <span class='ocrx_word' id='word_1_172' title='bbox 733 2479 768 2571; x_wconf 88' lang='grc'><strong>3,</strong></span> <span class='ocrx_word' id='word_1_173' title='bbox 802 2483 838 2571; x_wconf 91' lang='grc'><strong>7,</strong></span> <span class='ocrx_word' id='word_1_174' title='bbox 871 2481 930 2555; x_wconf 89' lang='grc'><strong>21.</strong></span> <span class='ocrx_word' id='word_1_175' title='bbox 965 2480 1152 2570; x_wconf 85' lang='grc' dir='ltr'><strong>Μ44144144,</strong></span> <span class='ocrx_word' id='word_1_176' title='bbox 1184 2479 1378 2560; x_wconf 77' lang='lat' dir='ltr'><strong>Plutarcho</strong></span> 
     </span>
     <span class='ocr_line' id='line_1_23' title="bbox 135 2507 1378 2654; baseline -0.002 -2"><span class='ocrx_word' id='word_1_177' title='bbox 135 2603 139 2612; x_wconf 87' lang='lat'><em>·</em></span> <span class='ocrx_word' id='word_1_178' title='bbox 185 2507 320 2652; x_wconf 72' lang='grc'><strong>414144.</strong></span> <span class='ocrx_word' id='word_1_179' title='bbox 360 2578 417 2652; x_wconf 90' lang='lat' dir='ltr'><strong>Cf.</strong></span> <span class='ocrx_word' id='word_1_180' title='bbox 443 2591 530 2652; x_wconf 86' lang='lat' dir='ltr'><strong>nota</strong></span> <span class='ocrx_word' id='word_1_181' title='bbox 558 2581 588 2654; x_wconf 92' lang='lat' dir='ltr'><strong>l.</strong></span> <span class='ocrx_word' id='word_1_182' title='bbox 621 2581 727 2652; x_wconf 92' lang='lat' dir='ltr'><strong>Idem</strong></span> <span class='ocrx_word' id='word_1_183' title='bbox 753 2605 827 2652; x_wconf 92' lang='lat' dir='ltr'><strong>non</strong></span> <span class='ocrx_word' id='word_1_184' title='bbox 852 2581 965 2652; x_wconf 92' lang='lat' dir='ltr'><strong>modo</strong></span> <span class='ocrx_word' id='word_1_185' title='bbox 990 2581 1176 2652; x_wconf 87' lang='lat' dir='ltr'><strong>annotavit</strong></span> <span class='ocrx_word' id='word_1_186' title='bbox 1200 2589 1236 2650; x_wconf 90' lang='lat' dir='ltr'><strong>et</strong></span> <span class='ocrx_word' id='word_1_187' title='bbox 1261 2578 1378 2651; x_wconf 77' lang='lat' dir='ltr'><strong>disset</strong></span> 
     </span>
     <span class='ocr_line' id='line_1_24' title="bbox 184 2675 1377 2780; baseline -0.003 -30"><span class='ocrx_word' id='word_1_188' title='bbox 184 2703 270 2750; x_wconf 90' lang='lat' dir='ltr'><strong>sum</strong></span> <span class='ocrx_word' id='word_1_189' title='bbox 295 2689 561 2750; x_wconf 88' lang='lat' dir='ltr'><strong>auctorum—</strong></span> <span class='ocrx_word' id='word_1_190' title='bbox 585 2692 782 2752; x_wconf 83' lang='lat' dir='ltr'><strong>memorant</strong></span> <span class='ocrx_word' id='word_1_191' title='bbox 807 2676 999 2780; x_wconf 77' lang='lat' dir='ltr'><strong>plerique3</strong></span> <span class='ocrx_word' id='word_1_192' title='bbox 1023 2691 1109 2752; x_wconf 83' lang='grc'><strong>4441</strong></span> <span class='ocrx_word' id='word_1_193' title='bbox 1134 2678 1196 2774; x_wconf 82' lang='lat' dir='ltr'><strong>qui</strong></span> <span class='ocrx_word' id='word_1_194' title='bbox 1221 2675 1377 2752; x_wconf 83' lang='lat' dir='ltr'><strong>tradunt</strong></span> 
     </span>
     <span class='ocr_line' id='line_1_25' title="bbox 184 2775 1377 2880; baseline 0.003 -28.089"><span class='ocrx_word' id='word_1_195' title='bbox 184 2775 446 2869; x_wconf 69' lang='lat' dir='ltr'><strong>attendunt,</strong></span> <span class='ocrx_word' id='word_1_196' title='bbox 469 2776 624 2880; x_wconf 81' lang='lat' dir='ltr'><strong>plurimi</strong></span> <span class='ocrx_word' id='word_1_197' title='bbox 648 2790 822 2850; x_wconf 77' lang='lat' dir='ltr'><strong>auctores</strong></span> <span class='ocrx_word' id='word_1_198' title='bbox 841 2779 1070 2851; x_wconf 78' lang='lat' dir='ltr'><strong>consentiant</strong></span> <span class='ocrx_word' id='word_1_199' title='bbox 1095 2778 1190 2850; x_wconf 88' lang='lat' dir='ltr'><strong>Hist.</strong></span> <span class='ocrx_word' id='word_1_200' title='bbox 1208 2777 1243 2866; x_wconf 89' lang='lat'><strong>5,</strong></span> <span class='ocrx_word' id='word_1_201' title='bbox 1264 2778 1300 2850; x_wconf 88' lang='grc'><strong>2.</strong></span> <span class='ocrx_word' id='word_1_202' title='bbox 1318 2776 1351 2850; x_wconf 88' lang='grc'><strong>3.</strong></span> <span class='ocrx_word' id='word_1_203' title='bbox 1368 2775 1377 2856; x_wconf 82' lang='lat' dir='ltr'><strong>l</strong></span> 
     </span>
     <span class='ocr_line' id='line_1_26' title="bbox 184 2831 1377 2972; baseline -0.003 -22"><span class='ocrx_word' id='word_1_204' title='bbox 184 2919 235 2934; x_wconf 87' lang='lat'><strong>--</strong></span> <span class='ocrx_word' id='word_1_205' title='bbox 253 2887 289 2950; x_wconf 88' lang='lat' dir='ltr'><strong>et</strong></span> <span class='ocrx_word' id='word_1_206' title='bbox 314 2901 405 2972; x_wconf 89' lang='lat' dir='ltr'><strong>quae</strong></span> <span class='ocrx_word' id='word_1_207' title='bbox 430 2901 563 2971; x_wconf 89' lang='lat' dir='ltr'><strong>parum</strong></span> <span class='ocrx_word' id='word_1_208' title='bbox 588 2877 793 2972; x_wconf 88' lang='lat' dir='ltr'><strong>probabilia</strong></span> <span class='ocrx_word' id='word_1_209' title='bbox 817 2877 876 2948; x_wconf 89' lang='lat' dir='ltr'><strong>vel</strong></span> <span class='ocrx_word' id='word_1_210' title='bbox 902 2879 1004 2950; x_wconf 88' lang='lat' dir='ltr'><strong>dictu</strong></span> <span class='ocrx_word' id='word_1_211' title='bbox 1027 2881 1123 2950; x_wconf 89' lang='lat' dir='ltr'><strong>mira</strong></span> <span class='ocrx_word' id='word_1_212' title='bbox 1141 2879 1214 2948; x_wconf 93' lang='lat' dir='ltr'><strong>sibi</strong></span> <span class='ocrx_word' id='word_1_213' title='bbox 1232 2831 1377 2948; x_wconf 76' lang='lat' dir='ltr'><strong>siderei</strong></span> 
     </span>
     <span class='ocr_line' id='line_1_27' title="bbox 184 2976 1376 3067; baseline -0.002 -17"><span class='ocrx_word' id='word_1_214' title='bbox 184 2988 246 3050; x_wconf 90' lang='lat' dir='ltr'><strong>tur</strong></span> <span class='ocrx_word' id='word_1_215' title='bbox 284 2977 379 3049; x_wconf 84' lang='lat' dir='ltr'><strong>Hist</strong></span> <span class='ocrx_word' id='word_1_216' title='bbox 414 2977 450 3066; x_wconf 91' lang='grc'><strong>5,</strong></span> <span class='ocrx_word' id='word_1_217' title='bbox 484 2977 519 3052; x_wconf 88' lang='grc'><strong>5.</strong></span> <span class='ocrx_word' id='word_1_218' title='bbox 546 2976 579 3050; x_wconf 92' lang='grc'><strong>6.</strong></span> <span class='ocrx_word' id='word_1_219' title='bbox 607 2978 654 3067; x_wconf 93' lang='grc'><strong>7.,</strong></span> <span class='ocrx_word' id='word_1_220' title='bbox 693 2977 757 3048; x_wconf 88' lang='lat' dir='ltr'><strong>sed</strong></span> <span class='ocrx_word' id='word_1_221' title='bbox 794 2979 907 3048; x_wconf 91' lang='lat' dir='ltr'><strong>etiam</strong></span> <span class='ocrx_word' id='word_1_222' title='bbox 944 2979 1138 3049; x_wconf 87' lang='lat' dir='ltr'><strong>miseratur</strong></span> <span class='ocrx_word' id='word_1_223' title='bbox 1174 2978 1376 3054; x_wconf 82' lang='grc'><strong>4444441144</strong></span> 
     </span>
     <span class='ocr_line' id='line_1_28' title="bbox 184 3075 1376 3172; baseline -0.003 -22"><span class='ocrx_word' id='word_1_224' title='bbox 184 3078 401 3172; x_wconf 88' lang='lat' dir='ltr'><strong>tristemque</strong></span> <span class='ocrx_word' id='word_1_225' title='bbox 435 3075 732 3148; x_wconf 90' lang='lat' dir='ltr'><strong>Christianorum</strong></span> <span class='ocrx_word' id='word_1_226' title='bbox 765 3087 902 3148; x_wconf 87' lang='lat' dir='ltr'><strong>sortem</strong></span> <span class='ocrx_word' id='word_1_227' title='bbox 935 3077 1033 3148; x_wconf 89' lang='lat' dir='ltr'><strong>Ann.</strong></span> <span class='ocrx_word' id='word_1_228' title='bbox 1064 3076 1120 3166; x_wconf 94' lang='lat' dir='ltr'><strong>l5,</strong></span> <span class='ocrx_word' id='word_1_229' title='bbox 1152 3075 1211 3150; x_wconf 90' lang='grc'><strong>44.</strong></span> <span class='ocrx_word' id='word_1_230' title='bbox 1246 3085 1284 3148; x_wconf 91' lang='grc'><strong>41</strong></span> <span class='ocrx_word' id='word_1_231' title='bbox 1319 3081 1376 3159; x_wconf 77' lang='lat' dir='ltr'><strong>vet</strong></span> 
     </span>
    </p>
   </div>
   <div class='ocr_carea' id='block_1_7' title="bbox 41 3176 1375 3272">
    <p class='ocr_par' dir='ltr' id='par_1_8' title="bbox 41 3176 1375 3272">
     <span class='ocr_line' id='line_1_29' title="bbox 41 3176 1375 3272; baseline -0.016 -13"><span class='ocrx_word' id='word_1_232' title='bbox 41 3191 44 3202; x_wconf 87' lang='lat'>&#39;</span> <span class='ocrx_word' id='word_1_233' title='bbox 184 3199 331 3272; x_wconf 88' lang='lat' dir='ltr'><strong>quoque</strong></span> <span class='ocrx_word' id='word_1_234' title='bbox 357 3177 467 3248; x_wconf 84' lang='lat' dir='ltr'><strong>tradit</strong></span> <span class='ocrx_word' id='word_1_235' title='bbox 500 3177 547 3248; x_wconf 90' lang='lat' dir='ltr'><strong>de</strong></span> <span class='ocrx_word' id='word_1_236' title='bbox 571 3177 717 3248; x_wconf 90' lang='lat' dir='ltr'><strong>Iudaeis</strong></span> <span class='ocrx_word' id='word_1_237' title='bbox 755 3199 795 3248; x_wconf 87' lang='lat' dir='ltr'><strong>ac</strong></span> <span class='ocrx_word' id='word_1_238' title='bbox 832 3176 1040 3266; x_wconf 88' lang='lat' dir='ltr'><strong>laudabilia,</strong></span> <span class='ocrx_word' id='word_1_239' title='bbox 1078 3199 1152 3272; x_wconf 95' lang='lat' dir='ltr'><strong>quo</strong></span> <span class='ocrx_word' id='word_1_240' title='bbox 1189 3177 1229 3246; x_wconf 94' lang='lat' dir='ltr'><strong>in</strong></span> <span class='ocrx_word' id='word_1_241' title='bbox 1267 3177 1375 3270; x_wconf 69' lang='lat' dir='ltr'><strong>prinu</strong></span> 
     </span>
    </p>
   </div>
   <div class='ocr_carea' id='block_1_8' title="bbox 131 3273 1375 4142">
    <p class='ocr_par' dir='ltr' id='par_1_9' title="bbox 131 3273 1375 4142">
     <span class='ocr_line' id='line_1_30' title="bbox 184 3273 1375 3370; baseline -0.002 -22"><span class='ocrx_word' id='word_1_242' title='bbox 184 3275 418 3348; x_wconf 82' lang='lat' dir='ltr'><strong>referendum</strong></span> <span class='ocrx_word' id='word_1_243' title='bbox 452 3285 508 3346; x_wconf 89' lang='lat' dir='ltr'><strong>est</strong></span> <span class='ocrx_word' id='word_1_244' title='bbox 545 3276 645 3370; x_wconf 93' lang='lat' dir='ltr'><strong>quod</strong></span> <span class='ocrx_word' id='word_1_245' title='bbox 682 3274 815 3369; x_wconf 82' lang='lat' dir='ltr'><strong>legitur</strong></span> <span class='ocrx_word' id='word_1_246' title='bbox 851 3275 948 3346; x_wconf 89' lang='lat' dir='ltr'><strong>Hist.</strong></span> <span class='ocrx_word' id='word_1_247' title='bbox 976 3276 1012 3366; x_wconf 92' lang='lat'><strong>5,</strong></span> <span class='ocrx_word' id='word_1_248' title='bbox 1036 3275 1072 3350; x_wconf 89' lang='lat'><strong>5</strong></span> <span class='ocrx_word' id='word_1_249' title='bbox 1099 3275 1145 3346; x_wconf 92' lang='lat' dir='ltr'><strong>ab</strong></span> <span class='ocrx_word' id='word_1_250' title='bbox 1183 3273 1260 3346; x_wconf 87' lang='grc'><strong>41144</strong></span> <span class='ocrx_word' id='word_1_251' title='bbox 1298 3293 1375 3364; x_wconf 72' lang='lat' dir='ltr'><strong>aaa</strong></span> 
     </span>
     <span class='ocr_line' id='line_1_31' title="bbox 182 3370 1375 3488; baseline -0.003 -40"><span class='ocrx_word' id='word_1_252' title='bbox 182 3397 309 3448; x_wconf 81' lang='lat' dir='ltr'><strong>amaea</strong></span> <span class='ocrx_word' id='word_1_253' title='bbox 334 3370 1057 3488; x_wconf 69' lang='grc'><strong>4144144414441411434441444,44444444</strong></span> <span class='ocrx_word' id='word_1_254' title='bbox 1089 3371 1184 3446; x_wconf 82' lang='lat' dir='ltr'><strong>illud</strong></span> <span class='ocrx_word' id='word_1_255' title='bbox 1212 3385 1250 3446; x_wconf 87' lang='lat' dir='ltr'><strong>et</strong></span> <span class='ocrx_word' id='word_1_256' title='bbox 1280 3375 1375 3446; x_wconf 81' lang='lat' dir='ltr'><strong>aeret</strong></span> 
     </span>
     <span class='ocr_line' id='line_1_32' title="bbox 182 3465 1374 3569; baseline -0.006 -22"><span class='ocrx_word' id='word_1_257' title='bbox 182 3495 275 3566; x_wconf 80' lang='lat' dir='ltr'><strong>num,</strong></span> <span class='ocrx_word' id='word_1_258' title='bbox 290 3495 403 3569; x_wconf 79' lang='lat' dir='ltr'><strong>aeque</strong></span> <span class='ocrx_word' id='word_1_259' title='bbox 415 3469 588 3545; x_wconf 84' lang='lat' dir='ltr'><strong>mutabile</strong></span> <span class='ocrx_word' id='word_1_260' title='bbox 602 3473 820 3568; x_wconf 70' lang='grc'><strong>4434444144</strong></span> <span class='ocrx_word' id='word_1_261' title='bbox 823 3471 1083 3546; x_wconf 82' lang='grc'><strong>4144444414</strong></span> <span class='ocrx_word' id='word_1_262' title='bbox 1048 3495 1127 3546; x_wconf 82' lang='lat' dir='ltr'><strong>reae</strong></span> <span class='ocrx_word' id='word_1_263' title='bbox 1139 3465 1374 3546; x_wconf 79' lang='lat' dir='ltr'><strong>simulacrial</strong></span> 
     </span>
     <span class='ocr_line' id='line_1_33' title="bbox 131 3571 1374 3683; baseline -0.006 -36"><span class='ocrx_word' id='word_1_264' title='bbox 131 3641 135 3656; x_wconf 86' lang='grc'><strong>,</strong></span> <span class='ocrx_word' id='word_1_265' title='bbox 183 3574 258 3647; x_wconf 89' lang='lat' dir='ltr'><strong>Nec</strong></span> <span class='ocrx_word' id='word_1_266' title='bbox 283 3576 423 3644; x_wconf 88' lang='lat' dir='ltr'><strong>mirum</strong></span> <span class='ocrx_word' id='word_1_267' title='bbox 447 3583 504 3644; x_wconf 89' lang='lat' dir='ltr'><strong>est</strong></span> <span class='ocrx_word' id='word_1_268' title='bbox 528 3573 563 3643; x_wconf 91' lang='lat' dir='ltr'><strong>ei</strong></span> <span class='ocrx_word' id='word_1_269' title='bbox 584 3597 660 3644; x_wconf 93' lang='lat' dir='ltr'><strong>non</strong></span> <span class='ocrx_word' id='word_1_270' title='bbox 679 3574 883 3645; x_wconf 86' lang='lat' dir='ltr'><strong>innotuisse</strong></span> <span class='ocrx_word' id='word_1_271' title='bbox 902 3571 973 3644; x_wconf 90' lang='lat' dir='ltr'><strong>alia</strong></span> <span class='ocrx_word' id='word_1_272' title='bbox 993 3583 1029 3644; x_wconf 91' lang='grc'><strong>41</strong></span> <span class='ocrx_word' id='word_1_273' title='bbox 1047 3573 1280 3663; x_wconf 87' lang='lat' dir='ltr'><strong>accuratoria,</strong></span> <span class='ocrx_word' id='word_1_274' title='bbox 1309 3591 1374 3683; x_wconf 78' lang='lat' dir='ltr'><strong>qna</strong></span> 
     </span>
     <span class='ocr_line' id='line_1_34' title="bbox 183 3659 1374 3767; baseline -0.003 -22"><span class='ocrx_word' id='word_1_275' title='bbox 183 3698 229 3746; x_wconf 85' lang='lat' dir='ltr'><strong>ex</strong></span> <span class='ocrx_word' id='word_1_276' title='bbox 254 3671 423 3744; x_wconf 88' lang='lat' dir='ltr'><strong>Philonis</strong></span> <span class='ocrx_word' id='word_1_277' title='bbox 449 3683 485 3743; x_wconf 92' lang='lat' dir='ltr'><strong>et</strong></span> <span class='ocrx_word' id='word_1_278' title='bbox 509 3671 661 3766; x_wconf 91' lang='lat' dir='ltr'><strong>Iosephi</strong></span> <span class='ocrx_word' id='word_1_279' title='bbox 684 3671 792 3743; x_wconf 91' lang='lat' dir='ltr'><strong>libris</strong></span> <span class='ocrx_word' id='word_1_280' title='bbox 818 3673 956 3744; x_wconf 87' lang='lat' dir='ltr'><strong>discere</strong></span> <span class='ocrx_word' id='word_1_281' title='bbox 966 3675 1170 3767; x_wconf 82' lang='lat' dir='ltr'><strong>potuisset.</strong></span> <span class='ocrx_word' id='word_1_282' title='bbox 1217 3659 1374 3743; x_wconf 89' lang='lat' dir='ltr'><strong>Nam</strong></span> 
     </span>
     <span class='ocr_line' id='line_1_35' title="bbox 183 3771 1371 3866; baseline -0.003 -22"><span class='ocrx_word' id='word_1_283' title='bbox 183 3773 286 3844; x_wconf 90' lang='lat' dir='ltr'><strong>mani</strong></span> <span class='ocrx_word' id='word_1_284' title='bbox 311 3781 348 3844; x_wconf 88' lang='lat' dir='ltr'><strong>et</strong></span> <span class='ocrx_word' id='word_1_285' title='bbox 371 3771 499 3846; x_wconf 87' lang='lat' dir='ltr'><strong>ludaei</strong></span> <span class='ocrx_word' id='word_1_286' title='bbox 522 3781 653 3842; x_wconf 89' lang='lat' dir='ltr'><strong>mutuo</strong></span> <span class='ocrx_word' id='word_1_287' title='bbox 679 3781 893 3866; x_wconf 91' lang='lat' dir='ltr'><strong>contemptu</strong></span> <span class='ocrx_word' id='word_1_288' title='bbox 912 3783 949 3843; x_wconf 90' lang='lat' dir='ltr'><strong>et</strong></span> <span class='ocrx_word' id='word_1_289' title='bbox 968 3773 1053 3844; x_wconf 92' lang='lat' dir='ltr'><strong>odio</strong></span> <span class='ocrx_word' id='word_1_290' title='bbox 1075 3771 1267 3842; x_wconf 87' lang='lat' dir='ltr'><strong>abalienati</strong></span> <span class='ocrx_word' id='word_1_291' title='bbox 1292 3795 1314 3842; x_wconf 92' lang='lat' dir='ltr'><strong>o</strong></span> <span class='ocrx_word' id='word_1_292' title='bbox 1370 3849 1371 3852; x_wconf 8' lang='grc' dir='ltr'><strong>Ἴ</strong></span> 
     </span>
     <span class='ocr_line' id='line_1_36' title="bbox 183 3869 1332 3966; baseline -0.003 -22"><span class='ocrx_word' id='word_1_293' title='bbox 183 3871 416 3944; x_wconf 84' lang='lat' dir='ltr'><strong>fastidiebant</strong></span> <span class='ocrx_word' id='word_1_294' title='bbox 440 3871 705 3942; x_wconf 89' lang='lat' dir='ltr'><strong>commercium</strong></span> <span class='ocrx_word' id='word_1_295' title='bbox 730 3871 827 3944; x_wconf 85' lang='lat' dir='ltr'><strong>vitae</strong></span> <span class='ocrx_word' id='word_1_296' title='bbox 852 3869 1125 3966; x_wconf 90' lang='lat' dir='ltr'><strong>literarumque,</strong></span> <span class='ocrx_word' id='word_1_297' title='bbox 1157 3879 1194 3942; x_wconf 92' lang='lat' dir='ltr'><strong>et</strong></span> <span class='ocrx_word' id='word_1_298' title='bbox 1216 3869 1259 3941; x_wconf 91' lang='lat' dir='ltr'><strong>hi</strong></span> <span class='ocrx_word' id='word_1_299' title='bbox 1288 3895 1332 3942; x_wconf 86' lang='lat' dir='ltr'><strong>ae</strong></span> 
     </span>
     <span class='ocr_line' id='line_1_37' title="bbox 184 3968 1340 4064; baseline -0.002 -22"><span class='ocrx_word' id='word_1_300' title='bbox 184 3993 225 4042; x_wconf 85' lang='lat' dir='ltr'><strong>ac</strong></span> <span class='ocrx_word' id='word_1_301' title='bbox 243 3969 299 4042; x_wconf 91' lang='grc'><strong>4114</strong></span> <span class='ocrx_word' id='word_1_302' title='bbox 322 3969 545 4042; x_wconf 87' lang='lat' dir='ltr'><strong>tenacissimi</strong></span> <span class='ocrx_word' id='word_1_303' title='bbox 566 3968 754 4064; x_wconf 78' lang='lat' dir='ltr'><strong>religionis</strong></span> <span class='ocrx_word' id='word_1_304' title='bbox 773 3981 810 4041; x_wconf 91' lang='grc'><strong>41</strong></span> <span class='ocrx_word' id='word_1_305' title='bbox 827 3971 967 4042; x_wconf 87' lang='lat' dir='ltr'><strong>rituum</strong></span> <span class='ocrx_word' id='word_1_306' title='bbox 988 3971 1184 4060; x_wconf 89' lang='lat' dir='ltr'><strong>avitoru&#39;m,</strong></span> <span class='ocrx_word' id='word_1_307' title='bbox 1209 3991 1340 4064; x_wconf 86' lang='lat' dir='ltr'><strong>praece</strong></span> 
     </span>
     <span class='ocr_line' id='line_1_38' title="bbox 182 4069 1330 4142; baseline -0.001 -2"><span class='ocrx_word' id='word_1_308' title='bbox 182 4093 271 4142; x_wconf 84' lang='lat' dir='ltr'><strong>vero</strong></span> <span class='ocrx_word' id='word_1_309' title='bbox 302 4080 340 4142; x_wconf 84' lang='grc'><strong>41</strong></span> <span class='ocrx_word' id='word_1_310' title='bbox 370 4069 539 4142; x_wconf 84' lang='grc'><strong>44144444</strong></span> <span class='ocrx_word' id='word_1_311' title='bbox 572 4069 794 4142; x_wconf 89' lang='lat' dir='ltr'><strong>Iudaeorum</strong></span> <span class='ocrx_word' id='word_1_312' title='bbox 824 4070 872 4142; x_wconf 87' lang='lat' dir='ltr'><strong>de</strong></span> <span class='ocrx_word' id='word_1_313' title='bbox 903 4070 1057 4142; x_wconf 88' lang='lat' dir='ltr'><strong>nurnine</strong></span> <span class='ocrx_word' id='word_1_314' title='bbox 1088 4071 1216 4142; x_wconf 89' lang='lat' dir='ltr'><strong>divino</strong></span> <span class='ocrx_word' id='word_1_315' title='bbox 1248 4069 1330 4140; x_wconf 87' lang='lat' dir='ltr'><strong>eius</strong></span> 
     </span>
    </p>
   </div>
   <div class='ocr_carea' id='block_1_9' title="bbox 122 4300 1170 4379">
    <p class='ocr_par' dir='ltr' id='par_1_10' title="bbox 122 4300 1170 4379">
     <span class='ocr_line' id='line_1_39' title="bbox 122 4300 1170 4379; baseline 0.004 -19"><span class='ocrx_word' id='word_1_316' title='bbox 122 4300 127 4308; x_wconf 77' lang='grc'>’</span> <span class='ocrx_word' id='word_1_317' title='bbox 256 4303 279 4374; x_wconf 78' lang='lat'><strong>⁸)</strong></span> <span class='ocrx_word' id='word_1_318' title='bbox 298 4305 342 4361; x_wconf 81' lang='grc'><strong>01.</strong></span> <span class='ocrx_word' id='word_1_319' title='bbox 362 4305 485 4364; x_wconf 75' lang='lat' dir='ltr'><strong>Sirena.</strong></span> <span class='ocrx_word' id='word_1_320' title='bbox 506 4307 537 4360; x_wconf 86' lang='lat' dir='ltr'><strong>in</strong></span> <span class='ocrx_word' id='word_1_321' title='bbox 556 4305 625 4363; x_wconf 83' lang='lat' dir='ltr'><strong>diss.</strong></span> <span class='ocrx_word' id='word_1_322' title='bbox 646 4307 723 4360; x_wconf 74' lang='lat' dir='ltr'><strong>infra</strong></span> <span class='ocrx_word' id='word_1_323' title='bbox 741 4303 764 4371; x_wconf 70' lang='grc'><strong>1.</strong></span> <span class='ocrx_word' id='word_1_324' title='bbox 784 4305 909 4362; x_wconf 82' lang='lat' dir='ltr'><strong>mm.</strong></span> <span class='ocrx_word' id='word_1_325' title='bbox 929 4307 1043 4363; x_wconf 80' lang='lat' dir='ltr'><strong>laudata</strong></span> <span class='ocrx_word' id='word_1_326' title='bbox 1060 4324 1090 4379; x_wconf 91' lang='lat' dir='ltr'><strong>p.</strong></span> <span class='ocrx_word' id='word_1_327' title='bbox 1110 4309 1170 4364; x_wconf 77' lang='lat'><strong>135.</strong></span> 
     </span>
    </p>
   </div>
   <div class='ocr_carea' id='block_1_10' title="bbox 0 0 1392 4784">
    <p class='ocr_par' dir='ltr' id='par_1_11' title="bbox 0 0 1392 4784">
     <span class='ocr_line' id='line_1_40' title="bbox 0 0 1392 4784; baseline 0 0"><span class='ocrx_word' id='word_1_328' title='bbox 0 0 1392 4784; x_wconf 95' lang='lat' dir='ltr'><strong> </strong></span> 
     </span>
    </p>
   </div>
  </div>
 </body>
</html>
