2774 4784
155 139 338 238 amun
652 135 876 224 DIApOGtJS
954 115 960 123 '

155 313 342 410 paratione
380 307 606 406 eloquentiae
644 318 681 382 et
716 310 838 404 poesis
876 307 923 380 ad
957 307 1269 402 comparationem
1297 306 1379 378 elo-

154 414 325 509 quentiae
349 411 480 482 veteris
504 419 542 480 et
565 410 786 500 recentioris,
810 407 870 480 vel
894 410 1155 503 aquaestione,
1181 421 1269 479 utra
1292 429 1379 495 arou

155 510 329 586 oratorio
353 532 403 581 aa
425 508 590 611 poetico,
628 508 680 581 sit
709 507 975 610 prccatmstior
1008 507 1054 580 ad
1086 507 1202 596 illam,
1252 507 1379 580 atrum

185 608 456 684 rocstootiorea
493 608 569 680 aiat
607 621 780 681 oratores
814 607 958 702 antiqui
995 631 1044 680 oo
1069 605 1306 678 recentiores.
1344 631 1379 676 ci

151 635 338 785 itt-27.
391 707 466 786 Qui
491 709 663 780 transitus
701 731 766 800 per
805 733 845 778 se
870 706 985 778 facilis
1010 717 1048 778 et
1083 708 1238 778 idoneus
1268 706 1379 799 inge*

153 809 256 882 biose
295 809 499 879 contexitur
532 817 569 896 et
602 805 820 878 acceleratur
851 807 1061 878 interventu
1097 807 1216 901 quarti
1249 807 1379 892 amici,

161 908 346 1011 Vipstani
369 902 560 979 Mareotae
578 901 640 996 ³⁶),
665 917 702 978 et
726 907 878 1001 quidem
902 905 986 977 talis
1008 907 1095 975 viri:
1133 929 1220 976 nam
1248 915 1286 976 et
1311 905 1379 975 hio

154 1009 301 1103 ingenio
327 1031 402 1078 non
427 1007 553 1077 minus
578 1030 689 1101 quarn
720 1007 925 1078 eruditione
958 1003 1168 1095 excellebat,
1205 1013 1242 1076 et
1266 1004 1379 1098 Aprd

153 1109 324 1202 frequens
348 1107 423 1176 iam
449 1107 495 1176 de
520 1105 587 1176 hac
613 1107 825 1200 quaestione
851 1129 937 1176 cum
962 1103 1127 1195 Messala,
1159 1114 1202 1174 ut
1217 1149 1219 1152 -
1233 1105 1281 1174 de
1305 1105 1379 1178 illa

153 1231 239 1279 cum
264 1207 429 1278 Materno
467 1207 684 1276 concertatio
722 1206 839 1276 luerat
874 1203 933 1274 vel
971 1203 1084 1274 fuisse
1120 1203 1282 1298 fingitur.
1326 1205 1379 1278 clu

152 1309 187 1401 ἓ.
215 1307 318 1380 XIV.
347 1315 383 1374 et
406 1305 511 1376 XXI.
571 1305 704 1376 Eidem
737 1304 943 1375 transitioni
975 1303 1100 1374 locum
1129 1305 1222 1374 ‘dant
1258 1305 1379 1382 verba

152 1407 261 1478 buius
288 1403 462 1476 Messalae
488 1427 566 1497 cap.
598 1403 653 1476 lt.
688 1413 724 1474 et
749 1426 870 1476 mores
896 1402 1196 1498 colloquentium.

181 1525 184 1532 ⁴
250 1499 419 1576 Messala
444 1502 655 1574 cubiculum
689 1503 844 1576 Materni
876 1506 1060 1596 ingressus
1084 1505 1379 1598 suspicatusque

151 1631 196 1678 ex
220 1608 300 1702 ipsa
325 1604 525 1674 intentione
550 1605 663 1674 trium
690 1603 904 1693 amicorum,
930 1603 1037 1697 Apri,
1063 1603 1218 1674 Materni
1242 1613 1280 1674 et
1306 1603 1379 1678 See

151 1708 274 1797 cundi,
313 1703 481 1774 altiorem
516 1705 698 1775 intereos
724 1725 803 1774 esse
834 1727 1060 1774 sermonem:
1112 1703 1210 1773 Num
1236 1727 1379 1797 parum

151 1804 404 1900 tempestivus,
429 1803 560 1897 inquit,
585 1803 766 1874 interveni
791 1813 972 1874 secretum
1003 1801 1199 1878 consilium
1225 1813 1262 1874 et
1287 1829 1379 1880 caua

151 1930 211 1976 sae
236 1903 391 1975 alicuius
416 1902 692 1973 umditationem
718 1903 977 1975 tractantibust
1003 1898 1194 1978 Secundus
1218 1911 1379 1997 respons

151 2007 227 2078 det:
254 2004 421 2094 Minime,
447 2003 621 2092 minime,
647 2011 755 2097 atque
780 2002 870 2075 adeo
896 2001 1031 2074 vellem
1052 2004 1233 2074 maturius
1258 2004 1379 2076 intera

221 2275 257 2346 ³⁶)
276 2278 439 2348 „Ereotum
459 2279 517 2331 iam
535 2277 669 2332 videmus
688 2276 781 2333 denuc
799 2277 956 2356 Dialogurn
983 2295 1099 2334 accessu
1123 2286 1241 2349 quartae
1268 2297 1379 2368 per-seq

147 2367 211 2418 nae,
229 2369 284 2406 nec
302 2353 421 2422 opinato
440 2349 504 2416 illo,
524 2349 582 2415 sed,
601 2359 635 2402 ut
652 2350 696 2416 fit,
715 2366 783 2403 casu
801 2351 878 2404 facto
897 2358 925 2405 et
942 2365 997 2420 pro
1015 2349 1217 2404 familiaritate
1243 2358 1275 2405 et
1303 2369 1379 2405 con-

146 2423 298 2479 suetudine
317 2422 487 2476 amicorum.
524 2423 598 2474 Mira
623 2422 721 2492 itaque
744 2423 885 2492 quaedam
909 2423 987 2475 inest
1009 2424 1134 2476 suavitas
1159 2421 1191 2474 in
1215 2437 1259 2488 eo,
1293 2423 1379 2494 quod

146 2511 206 2548 non
223 2493 258 2548 ab
277 2495 362 2546 initio
382 2494 481 2546 statim
500 2508 599 2546 omnes
618 2493 723 2548 adsunt
741 2493 883 2564 colloquii
901 2499 1050 2564 personae,
1074 2493 1124 2548 sed
1147 2509 1226 2546 nune
1250 2493 1379 2558 demum

146 2565 308 2619 intervenit
326 2573 355 2619 et
372 2563 486 2618 accedit
503 2565 539 2630 is,
558 2565 607 2616 cui
625 2563 674 2616 vel
691 2565 861 2636 praecipuas
871 2565 1066 2618 destinaverat
1084 2561 1379 2634 nosterdisputatio*

145 2639 191 2690 nis
210 2637 292 2688 illius
310 2643 417 2706 partes.
455 2635 531 2688 Hinc
549 2635 581 2686 iu
599 2633 715 2711 dialogo
733 2643 844 2701 nostro,
863 2644 896 2688 ut
914 2637 946 2689 in
964 2635 1103 2700 dramate,
1134 2649 1186 2686 oon
1213 2643 1316 2702 quartu
1338 2635 1379 2691 tm

144 2709 191 2777 qss'
207 2723 323 2774 perram
341 2705 459 2772 lateret,
478 2705 579 2760 Horat.
598 2707 631 2761 A.
651 2705 680 2762 P.
700 2725 730 2760 v.
750 2705 831 2762 191.ιι
859 2707 954 2760 creme
977 2723 1007 2778 p.
1027 2711 1070 2764 51.
1090 2709 1134 2764 62.
1172 2703 1379 2772 „Transitum

144 2787 175 2834 et
192 2778 357 2842 decursum,
376 2777 507 2846 quamvis
525 2794 579 2846 per
597 2795 627 2832 se
645 2776 680 2830 ob
698 2795 799 2831 rerum
816 2778 1039 2832 similitudinem
1057 2777 1246 2844 acceleretur,
1266 2791 1379 2848 auctor

144 2849 256 2925 dialogi
282 2847 409 2901 mirifice
434 2863 467 2901 eo
491 2845 612 2914 adiuvit,
641 2848 718 2918 quod
748 2849 910 2903 intervenit
934 2849 1063 2917 Messala,
1090 2849 1142 2919 qui
1167 2849 1275 2903 amieos
1306 2871 1324 2905 a
1345 2863 1379 2910 re

143 2921 273 2974 breviter
290 2919 421 2990 exposita
439 2919 475 2972 ad
492 2919 649 2974 finitimam
667 2927 697 2974 et
712 2921 908 2991 propinquam
933 2923 1026 2975 fusius
1052 2919 1253 2992 explicandam
1278 2922 1379 2984 deflet

143 2993 208 3047 etit.
245 2991 297 3045 Sic
316 2991 394 3044 enim
414 2991 445 3042 in
463 2989 542 3044 vitae
560 2991 746 3060 quotidianae
765 2995 945 3058 sermonibus
963 2994 1028 3046 fleri
1040 2993 1129 3058 solet,
1149 2993 1379 3066 interveniente

143 3071 174 3117 et
192 3061 418 3134 disputationem
437 3061 644 3134 interpellante
662 3063 755 3118 amice
783 3063 923 3118 sermonis
941 3063 1026 3117 filum
1045 3065 1069 3116 si
1093 3080 1153 3116 non
1179 3063 1379 3136 discinditur,

142 3143 240 3188 tamen
258 3133 345 3204 paulo
364 3133 452 3187 aliter
470 3142 555 3203 atque
574 3142 657 3188 antea
674 3135 785 3188 factum
804 3145 865 3188 erat
884 3129 1021 3190 nectitur.
1051 3133 1107 3189 Sed
1125 3133 1182 3187 hoc
1200 3137 1379 3204 vinculum,

142 3204 219 3275 quod
237 3223 338 3258 rerum
356 3202 549 3258 similitudine
568 3206 711 3290 iungitur,
740 3221 773 3260 eo
800 3209 897 3276 aptius
924 3207 1149 3284 constringitur,
1182 3208 1261 3277 quod
1288 3209 1379 3282 Aper

141 3284 172 3330 et
189 3279 345 3342 Maternus,
373 3293 463 3346 quum
489 3293 568 3328 suam
588 3295 710 3346 quisque
734 3284 837 3342 artem,
862 3295 947 3348 quarn
972 3277 1138 3334 vehementi
1166 3295 1266 3334 amore
1286 3299 1379 3336 corne

140 3347 293 3417 plectitur,
315 3347 424 3412 laudet,
443 3347 676 3416 copiosissimum
694 3345 818 3401 habeant
836 3349 945 3413 locum,
966 3350 997 3401 in
1016 3365 1073 3420 quo
1092 3349 1239 3426 detegant,
1260 3354 1379 3420 quibus

140 3419 270 3472 moribus
290 3419 451 3487 studiisque
469 3419 565 3471 ornati
585 3420 651 3474 sint.
690 3417 776 3471 Suam
796 3423 875 3473 enim
894 3421 1017 3491 quisque
1036 3429 1067 3476 et
1084 3421 1196 3497 ingenii
1218 3429 1248 3475 et
1271 3428 1379 3482 animi

139 3492 275 3556 formam,
295 3507 383 3560 quum
403 3505 469 3542 suae
488 3491 570 3554 artis,
591 3491 674 3543 cuius
692 3491 853 3546 utilitatem
873 3499 903 3545 et
920 3491 1102 3562 voluptatem
1122 3493 1247 3546 mirifice
1267 3495 1379 3564 effert,

140 3577 238 3615 amore
258 3569 287 3615 et
306 3561 403 3614 studio
422 3559 593 3630 abripiatur,
613 3561 653 3614 ita
671 3562 821 3631 patefacit,
840 3571 884 3629 ut,
903 3561 1128 3634 qualisquisque
1139 3565 1187 3626 sit,
1207 3583 1278 3634 quas
1298 3587 1379 3638 par-a

139 3640 182 3685 tes
206 3633 239 3685 in
257 3632 381 3702 reliquis
405 3629 515 3717 dialogi
541 3631 672 3702 partibus
692 3641 843 3687 secuturus
863 3643 891 3687 et
910 3651 967 3704 quo
986 3635 1102 3688 dicendi
1129 3653 1237 3711 genere
1263 3645 1379 3708 postea

138 3721 244 3756 usurus
264 3704 312 3768 sit,
331 3719 390 3760 non
409 3702 535 3772 amplius
553 3703 725 3758 dubitemus.
763 3705 874 3775 ltaque,
893 3724 984 3776 quum
1003 3715 1123 3776 qrrartus
1141 3708 1250 3760 amicus
1269 3705 1379 3764 intera

137 3775 237 3828 veniat
255 3773 385 3838 Messala,
403 3773 538 3844 priorum
563 3773 694 3841 illorum,
724 3775 808 3845 Apri,
834 3778 957 3830 Materni
981 3787 1011 3832 et
1035 3777 1171 3844 Secundi,
1199 3795 1299 3834 mores
1326 3784 1379 3852 ira

137 3845 275 3898 habemus
293 3853 469 3915 perspectos,
490 3853 523 3897 ut
541 3845 685 3899 intentior
703 3847 841 3915 quaedam
861 3849 1000 3924 cogitatio
1024 3850 1060 3902 ad
1083 3848 1174 3915 hunc,
1204 3853 1257 3922 qui
1281 3861 1379 3916 acce-,¹

138 3917 193 3982 dit,
211 3915 360 3969 Messalam
379 3925 575 3971 convertatur.
612 3918 685 3970 Nam
704 3919 782 3988 qued
800 3919 851 3972 hic
869 3936 902 3972 eo
928 3920 1002 3990 ipso,
1030 3937 1087 3989 quo
1111 3922 1251 3976 advenire
1273 3924 1379 4002 ling-iq

137 3995 197 4051 tur,
222 3991 354 4058 ternpore
380 3987 545 4050 intercedit,
570 3987 602 4040 id
626 4005 684 4042 non
702 3989 786 4042 modo
805 3991 850 4044 rei
868 3999 1093 4045 consentaneum
1118 4000 1172 4058 est,
1198 3993 1249 4047 sed
1270 3997 1379 4056 etiam,

137 4056 284 4128 probibet,
304 4074 361 4130 quo
380 4059 476 4111 minus
515 4059 676 4134 rooemiurn
695 4059 775 4112 ultra
793 4062 901 4114 iustum
921 4071 950 4116 et
968 4063 1091 4133 reliquis
1105 4063 1215 4151 dialogi
1226 4057 1379 4136 partibus

87 4164 93 4174 ·
138 4129 274 4183 idoneum
294 4131 420 4200 spatium
437 4077 632 4200 producatur:
660 4129 696 4184 de
718 4149 776 4202 quo
801 4139 895 4186 tamen
919 4137 993 4188 certi
1038 4134 1090 4188 uid
1109 4143 1197 4191 statur
1215 4154 1275 4192 non
1293 4150 1375 4208 pot-

138 4207 191 4266 est,
211 4219 302 4272 quum
321 4209 427 4271 quanta
445 4201 554 4276 dialogi
572 4218 639 4270 pars
657 4203 784 4272 perierit
802 4204 1001 4279 ignoremus.“
1046 4205 1188 4274 oeream
1204 4225 1233 4278 p.
1252 4211 1297 4268 21.
1312 4213 1379 4276 22,
