<?xml version="1.0" encoding="UTF-8"?>
<!DOCTYPE html PUBLIC "-//W3C//DTD XHTML 1.0 Transitional//EN"
    "http://www.w3.org/TR/xhtml1/DTD/xhtml1-transitional.dtd">
<html xmlns="http://www.w3.org/1999/xhtml" xml:lang="en" lang="en">
 <head>
  <title>
</title>
<meta http-equiv="Content-Type" content="text/html;charset=utf-8" />
  <meta name='ocr-system' content='tesseract 3.04.00' />
  <meta name='ocr-capabilities' content='ocr_page ocr_carea ocr_par ocr_line ocrx_word'/>
</head>
<body>
  <div class='ocr_page' id='page_1' title='image "./ccorneliitaciti28tacigoog/ccorneliitaciti28tacigoog_0217.png"; bbox 0 0 2828 4794; ppageno 0'>
   <div class='ocr_carea' id='block_1_1' title="bbox 203 85 1009 228">
    <p class='ocr_par' dir='ltr' id='par_1_1' title="bbox 203 85 1009 228">
     <span class='ocr_line' id='line_1_1' title="bbox 203 85 1009 228; baseline -0.004 -1"><span class='ocrx_word' id='word_1_1' title='bbox 203 161 245 228; x_wconf 81' lang='lat' dir='ltr'><strong>cl</strong></span> <span class='ocrx_word' id='word_1_2' title='bbox 444 85 452 172; x_wconf 87' lang='lat'><strong>.&#39;</strong></span> <span class='ocrx_word' id='word_1_3' title='bbox 613 155 855 224; x_wconf 75' lang='lat' dir='ltr'><strong>suasurum</strong></span> <span class='ocrx_word' id='word_1_4' title='bbox 876 157 960 224; x_wconf 83' lang='lat' dir='ltr'><strong>ma.</strong></span> <span class='ocrx_word' id='word_1_5' title='bbox 975 103 1009 224; x_wconf 64' lang='lat' dir='ltr'><strong>&#39;t</strong></span> 
     </span>
    </p>
   </div>
   <div class='ocr_carea' id='block_1_2' title="bbox 106 322 1384 1735">
    <p class='ocr_par' dir='ltr' id='par_1_2' title="bbox 106 322 1384 1552">
     <span class='ocr_line' id='line_1_2' title="bbox 204 322 1384 408; baseline -0.003 -19"><span class='ocrx_word' id='word_1_6' title='bbox 204 333 301 390; x_wconf 79' lang='lat' dir='ltr'><strong>extra</strong></span> <span class='ocrx_word' id='word_1_7' title='bbox 330 331 441 388; x_wconf 80' lang='lat' dir='ltr'><strong>castra</strong></span> <span class='ocrx_word' id='word_1_8' title='bbox 466 323 624 406; x_wconf 86' lang='lat' dir='ltr'><strong>palantes,</strong></span> <span class='ocrx_word' id='word_1_9' title='bbox 658 343 678 387; x_wconf 87' lang='lat' dir='ltr'><strong>a</strong></span> <span class='ocrx_word' id='word_1_10' title='bbox 713 326 967 391; x_wconf 81' lang='lat' dir='ltr'><strong>centurionibus</strong></span> <span class='ocrx_word' id='word_1_11' title='bbox 996 331 1056 388; x_wconf 82' lang='lat' dir='ltr'><strong>aut</strong></span> <span class='ocrx_word' id='word_1_12' title='bbox 1088 322 1327 408; x_wconf 86' lang='lat' dir='ltr'><strong>praetoriarum</strong></span> <span class='ocrx_word' id='word_1_13' title='bbox 1354 345 1384 394; x_wconf 87' lang='lat' dir='ltr'><strong>m</strong></span> 
     </span>
     <span class='ocr_line' id='line_1_3' title="bbox 106 397 1384 494; baseline -0.002 -21"><span class='ocrx_word' id='word_1_14' title='bbox 106 411 109 418; x_wconf 78' lang='grc'><em>’</em></span> <span class='ocrx_word' id='word_1_15' title='bbox 204 410 355 472; x_wconf 85' lang='lat' dir='ltr'><strong>hortium</strong></span> <span class='ocrx_word' id='word_1_16' title='bbox 382 407 548 470; x_wconf 79' lang='lat' dir='ltr'><strong>militibus</strong></span> <span class='ocrx_word' id='word_1_17' title='bbox 575 408 680 482; x_wconf 77' lang='lat' dir='ltr'><strong>caesi3</strong></span> <span class='ocrx_word' id='word_1_18' title='bbox 715 408 873 494; x_wconf 91' lang='lat' dir='ltr'><strong>quosdam</strong></span> <span class='ocrx_word' id='word_1_19' title='bbox 893 411 958 492; x_wconf 86' lang='lat' dir='ltr'><strong>ipsi</strong></span> <span class='ocrx_word' id='word_1_20' title='bbox 984 407 1158 488; x_wconf 82' lang='lat' dir='ltr'><strong>manipuli,</strong></span> <span class='ocrx_word' id='word_1_21' title='bbox 1189 397 1384 470; x_wconf 78' lang='lat' dir='ltr'><strong>documentuu</strong></span> 
     </span>
     <span class='ocr_line' id='line_1_4' title="bbox 203 489 1384 573; baseline 0 -19"><span class='ocrx_word' id='word_1_22' title='bbox 203 492 293 572; x_wconf 87' lang='lat' dir='ltr'><strong>fidei,</strong></span> <span class='ocrx_word' id='word_1_23' title='bbox 330 489 518 554; x_wconf 79' lang='lat' dir='ltr'><strong>tradidere.</strong></span> <span class='ocrx_word' id='word_1_24' title='bbox 572 489 720 553; x_wconf 79' lang='lat' dir='ltr'><strong>Auxerat</strong></span> <span class='ocrx_word' id='word_1_25' title='bbox 759 493 903 554; x_wconf 88' lang='lat' dir='ltr'><strong>militum</strong></span> <span class='ocrx_word' id='word_1_26' title='bbox 938 510 1036 552; x_wconf 86' lang='lat' dir='ltr'><strong>curas</strong></span> <span class='ocrx_word' id='word_1_27' title='bbox 1063 489 1384 573; x_wconf 76' lang='lat' dir='ltr'><strong>praematura¹ltient</strong></span> 
     </span>
     <span class='ocr_line' id='line_1_5' title="bbox 203 571 1384 662; baseline -0.003 -25"><span class='ocrx_word' id='word_1_28' title='bbox 203 574 367 638; x_wconf 82' lang='lat' dir='ltr'><strong>imbribus</strong></span> <span class='ocrx_word' id='word_1_29' title='bbox 403 573 570 636; x_wconf 91' lang='lat' dir='ltr'><strong>continuis</strong></span> <span class='ocrx_word' id='word_1_30' title='bbox 597 571 746 655; x_wconf 82' lang='lat' dir='ltr'><strong>adeoque</strong></span> <span class='ocrx_word' id='word_1_31' title='bbox 778 575 897 653; x_wconf 79' lang='lat' dir='ltr'><strong>saevis,</strong></span> <span class='ocrx_word' id='word_1_32' title='bbox 940 581 979 639; x_wconf 84' lang='lat' dir='ltr'><strong>ut</strong></span> <span class='ocrx_word' id='word_1_33' title='bbox 1013 595 1080 636; x_wconf 95' lang='lat' dir='ltr'><strong>non</strong></span> <span class='ocrx_word' id='word_1_34' title='bbox 1120 572 1235 662; x_wconf 83' lang='lat' dir='ltr'><strong>egredi</strong></span> <span class='ocrx_word' id='word_1_35' title='bbox 1268 578 1384 652; x_wconf 68' lang='lat' dir='ltr'><strong>tentoria</strong></span> 
     </span>
     <span class='ocr_line' id='line_1_6' title="bbox 204 657 1384 744; baseline -0.004 -23"><span class='ocrx_word' id='word_1_36' title='bbox 204 659 404 744; x_wconf 80' lang='lat' dir='ltr'><strong>congregari</strong></span> <span class='ocrx_word' id='word_1_37' title='bbox 436 658 526 718; x_wconf 87' lang='lat' dir='ltr'><strong>inter</strong></span> <span class='ocrx_word' id='word_1_38' title='bbox 560 677 605 734; x_wconf 90' lang='lat' dir='ltr'><strong>se,</strong></span> <span class='ocrx_word' id='word_1_39' title='bbox 640 657 698 718; x_wconf 85' lang='lat' dir='ltr'><strong>vix</strong></span> <span class='ocrx_word' id='word_1_40' title='bbox 734 659 840 720; x_wconf 87' lang='lat' dir='ltr'><strong>tutari</strong></span> <span class='ocrx_word' id='word_1_41' title='bbox 871 660 966 742; x_wconf 87' lang='lat' dir='ltr'><strong>signa</strong></span> <span class='ocrx_word' id='word_1_42' title='bbox 993 665 1139 740; x_wconf 83' lang='lat' dir='ltr'><strong>possent,</strong></span> <span class='ocrx_word' id='word_1_43' title='bbox 1173 675 1259 738; x_wconf 84' lang='lat' dir='ltr'><strong>quae</strong></span> <span class='ocrx_word' id='word_1_44' title='bbox 1289 657 1384 734; x_wconf 81' lang='lat' dir='ltr'><strong>turbiq</strong></span> 
     </span>
     <span class='ocr_line' id='line_1_7' title="bbox 202 737 1384 824; baseline -0.003 -20"><span class='ocrx_word' id='word_1_45' title='bbox 202 750 301 824; x_wconf 89' lang='lat' dir='ltr'><strong>atque</strong></span> <span class='ocrx_word' id='word_1_46' title='bbox 329 739 418 806; x_wconf 86' lang='lat' dir='ltr'><strong>unda</strong></span> <span class='ocrx_word' id='word_1_47' title='bbox 444 739 673 822; x_wconf 79' lang='lat' dir='ltr'><strong>raptabantur.</strong></span> <span class='ocrx_word' id='word_1_48' title='bbox 730 739 896 810; x_wconf 68' lang='lat' dir='ltr'><strong>Durabat,</strong></span> <span class='ocrx_word' id='word_1_49' title='bbox 917 750 951 802; x_wconf 88' lang='lat' dir='ltr'><strong>et</strong></span> <span class='ocrx_word' id='word_1_50' title='bbox 978 737 1123 802; x_wconf 85' lang='lat' dir='ltr'><strong>formido</strong></span> <span class='ocrx_word' id='word_1_51' title='bbox 1156 739 1306 802; x_wconf 87' lang='lat' dir='ltr'><strong>coelestis</strong></span> <span class='ocrx_word' id='word_1_52' title='bbox 1335 743 1384 816; x_wconf 65' lang='lat' dir='ltr'><strong>irat</strong></span> 
     </span>
     <span class='ocr_line' id='line_1_8' title="bbox 203 821 1384 910; baseline -0.003 -24"><span class='ocrx_word' id='word_1_53' title='bbox 203 844 265 886; x_wconf 92' lang='lat' dir='ltr'><strong>nec</strong></span> <span class='ocrx_word' id='word_1_54' title='bbox 295 826 423 886; x_wconf 85' lang='lat' dir='ltr'><strong>frustra</strong></span> <span class='ocrx_word' id='word_1_55' title='bbox 450 821 610 884; x_wconf 88' lang='lat' dir='ltr'><strong>adversus</strong></span> <span class='ocrx_word' id='word_1_56' title='bbox 638 825 759 906; x_wconf 91' lang='lat' dir='ltr'><strong>impios</strong></span> <span class='ocrx_word' id='word_1_57' title='bbox 788 824 963 886; x_wconf 82' lang='lat' dir='ltr'><strong>hebescere</strong></span> <span class='ocrx_word' id='word_1_58' title='bbox 996 821 1118 900; x_wconf 83' lang='lat' dir='ltr'><strong>sidera,</strong></span> <span class='ocrx_word' id='word_1_59' title='bbox 1161 843 1263 884; x_wconf 87' lang='lat' dir='ltr'><strong>ruere</strong></span> <span class='ocrx_word' id='word_1_60' title='bbox 1298 830 1384 910; x_wconf 74' lang='lat' dir='ltr'><strong>tempq</strong></span> 
     </span>
     <span class='ocr_line' id='line_1_9' title="bbox 202 904 1384 987; baseline -0.003 -18"><span class='ocrx_word' id='word_1_61' title='bbox 202 916 319 974; x_wconf 77' lang='lat' dir='ltr'><strong>statesr</strong></span> <span class='ocrx_word' id='word_1_62' title='bbox 349 926 416 968; x_wconf 94' lang='lat' dir='ltr'><strong>non</strong></span> <span class='ocrx_word' id='word_1_63' title='bbox 449 904 541 967; x_wconf 89' lang='lat' dir='ltr'><strong>aliud</strong></span> <span class='ocrx_word' id='word_1_64' title='bbox 571 905 737 968; x_wconf 87' lang='lat' dir='ltr'><strong>malorum</strong></span> <span class='ocrx_word' id='word_1_65' title='bbox 768 905 1004 982; x_wconf 81' lang='lat' dir='ltr'><strong>levamentum,</strong></span> <span class='ocrx_word' id='word_1_66' title='bbox 1045 926 1142 986; x_wconf 90' lang='lat' dir='ltr'><strong>quam</strong></span> <span class='ocrx_word' id='word_1_67' title='bbox 1175 908 1205 966; x_wconf 84' lang='lat' dir='ltr'><strong>si</strong></span> <span class='ocrx_word' id='word_1_68' title='bbox 1238 907 1384 987; x_wconf 79' lang='lat' dir='ltr'><strong>linqueres]</strong></span> 
     </span>
     <span class='ocr_line' id='line_1_10' title="bbox 203 989 1384 1072; baseline -0.001 -20"><span class='ocrx_word' id='word_1_69' title='bbox 203 998 312 1053; x_wconf 87' lang='lat' dir='ltr'><strong>castra</strong></span> <span class='ocrx_word' id='word_1_70' title='bbox 344 992 490 1052; x_wconf 85' lang='lat' dir='ltr'><strong>infausta</strong></span> <span class='ocrx_word' id='word_1_71' title='bbox 529 996 753 1072; x_wconf 78' lang='lat' dir='ltr'><strong>temerataque</strong></span> <span class='ocrx_word' id='word_1_72' title='bbox 792 998 826 1051; x_wconf 90' lang='lat' dir='ltr'><strong>et</strong></span> <span class='ocrx_word' id='word_1_73' title='bbox 867 989 970 1051; x_wconf 86' lang='lat' dir='ltr'><strong>soluti</strong></span> <span class='ocrx_word' id='word_1_74' title='bbox 1011 990 1142 1070; x_wconf 90' lang='lat' dir='ltr'><strong>piaculo</strong></span> <span class='ocrx_word' id='word_1_75' title='bbox 1179 989 1250 1049; x_wconf 88' lang='lat' dir='ltr'><strong>suis</strong></span> <span class='ocrx_word' id='word_1_76' title='bbox 1307 991 1384 1070; x_wconf 86' lang='lat' dir='ltr'><strong>uisqu</strong></span> 
     </span>
     <span class='ocr_line' id='line_1_11' title="bbox 202 1009 1384 1166; baseline -0.003 -30"><span class='ocrx_word' id='word_1_77' title='bbox 202 1075 352 1136; x_wconf 88' lang='lat' dir='ltr'><strong>hibernis</strong></span> <span class='ocrx_word' id='word_1_78' title='bbox 394 1069 627 1136; x_wconf 88' lang='lat' dir='ltr'><strong>redderentur.</strong></span> <span class='ocrx_word' id='word_1_79' title='bbox 683 1073 833 1134; x_wconf 89' lang='lat' dir='ltr'><strong>Primum</strong></span> <span class='ocrx_word' id='word_1_80' title='bbox 877 1081 1007 1148; x_wconf 86' lang='lat' dir='ltr'><strong>octava,</strong></span> <span class='ocrx_word' id='word_1_81' title='bbox 1056 1070 1132 1133; x_wconf 90' lang='lat' dir='ltr'><strong>dein</strong></span> <span class='ocrx_word' id='word_1_82' title='bbox 1171 1009 1384 1166; x_wconf 76' lang='lat' dir='ltr'><strong>quintadecurq</strong></span> 
     </span>
     <span class='ocr_line' id='line_1_12' title="bbox 202 1151 1384 1242; baseline -0.005 -23"><span class='ocrx_word' id='word_1_83' title='bbox 202 1159 292 1242; x_wconf 88' lang='lat' dir='ltr'><strong>legio</strong></span> <span class='ocrx_word' id='word_1_84' title='bbox 325 1153 469 1219; x_wconf 89' lang='lat' dir='ltr'><strong>rediere.</strong></span> <span class='ocrx_word' id='word_1_85' title='bbox 509 1155 700 1234; x_wconf 74' lang='lat' dir='ltr'><strong>Nouanus,</strong></span> <span class='ocrx_word' id='word_1_86' title='bbox 742 1156 954 1238; x_wconf 84' lang='lat' dir='ltr'><strong>opperiendus</strong></span> <span class='ocrx_word' id='word_1_87' title='bbox 991 1151 1115 1218; x_wconf 84' lang='lat' dir='ltr'><strong>Tiberii</strong></span> <span class='ocrx_word' id='word_1_88' title='bbox 1155 1154 1318 1236; x_wconf 84' lang='lat' dir='ltr'><strong>epistolas,</strong></span> <span class='ocrx_word' id='word_1_89' title='bbox 1350 1155 1384 1240; x_wconf 68' lang='lat' dir='ltr'><strong>cla</strong></span> 
     </span>
     <span class='ocr_line' id='line_1_13' title="bbox 202 1235 1384 1324; baseline -0.007 -20"><span class='ocrx_word' id='word_1_90' title='bbox 202 1243 397 1317; x_wconf 89' lang='lat' dir='ltr'><strong>mitaverat,</strong></span> <span class='ocrx_word' id='word_1_91' title='bbox 449 1259 525 1300; x_wconf 81' lang='lat' dir='ltr'><strong>mox</strong></span> <span class='ocrx_word' id='word_1_92' title='bbox 561 1237 725 1324; x_wconf 83' lang='lat' dir='ltr'><strong>desolatus</strong></span> <span class='ocrx_word' id='word_1_93' title='bbox 766 1241 911 1302; x_wconf 89' lang='lat' dir='ltr'><strong>aliorum</strong></span> <span class='ocrx_word' id='word_1_94' title='bbox 954 1235 1153 1302; x_wconf 86' lang='lat' dir='ltr'><strong>discessione</strong></span> <span class='ocrx_word' id='word_1_95' title='bbox 1197 1239 1384 1308; x_wconf 68' lang='lat' dir='ltr'><strong>imminenter</strong></span> 
     </span>
     <span class='ocr_line' id='line_1_14' title="bbox 203 1321 1384 1402; baseline -0.006 -15"><span class='ocrx_word' id='word_1_96' title='bbox 203 1325 432 1387; x_wconf 85' lang='lat' dir='ltr'><strong>necessitatem</strong></span> <span class='ocrx_word' id='word_1_97' title='bbox 469 1329 587 1402; x_wconf 88' lang='lat' dir='ltr'><strong>sponte</strong></span> <span class='ocrx_word' id='word_1_98' title='bbox 626 1324 811 1402; x_wconf 86' lang='lat' dir='ltr'><strong>praevenit.</strong></span> <span class='ocrx_word' id='word_1_99' title='bbox 870 1322 912 1386; x_wconf 82' lang='lat' dir='ltr'><strong>Iit</strong></span> <span class='ocrx_word' id='word_1_100' title='bbox 943 1321 1087 1397; x_wconf 87' lang='lat' dir='ltr'><strong>Drusus,</strong></span> <span class='ocrx_word' id='word_1_101' title='bbox 1128 1341 1196 1383; x_wconf 90' lang='lat' dir='ltr'><strong>non</strong></span> <span class='ocrx_word' id='word_1_102' title='bbox 1235 1330 1384 1402; x_wconf 78' lang='lat' dir='ltr'><strong>exspectat</strong></span> 
     </span>
     <span class='ocr_line' id='line_1_15' title="bbox 202 1401 1384 1492; baseline -0.004 -24"><span class='ocrx_word' id='word_1_103' title='bbox 202 1409 391 1492; x_wconf 88' lang='lat' dir='ltr'><strong>legatorum</strong></span> <span class='ocrx_word' id='word_1_104' title='bbox 418 1423 595 1492; x_wconf 79' lang='lat' dir='ltr'><strong>regressu,</strong></span> <span class='ocrx_word' id='word_1_105' title='bbox 617 1407 693 1488; x_wconf 86' lang='lat' dir='ltr'><strong>q&#39;uia</strong></span> <span class='ocrx_word' id='word_1_106' title='bbox 717 1405 905 1487; x_wconf 86' lang='lat' dir='ltr'><strong>praesentia</strong></span> <span class='ocrx_word' id='word_1_107' title='bbox 931 1406 1011 1466; x_wconf 88' lang='lat' dir='ltr'><strong>satis</strong></span> <span class='ocrx_word' id='word_1_108' title='bbox 1033 1404 1266 1479; x_wconf 86' lang='lat' dir='ltr'><strong>consederant,</strong></span> <span class='ocrx_word' id='word_1_109' title='bbox 1301 1407 1333 1464; x_wconf 89' lang='lat' dir='ltr'><strong>in</strong></span> <span class='ocrx_word' id='word_1_110' title='bbox 1353 1401 1384 1472; x_wconf 80' lang='lat' dir='ltr'><strong>Ui</strong></span> 
     </span>
     <span class='ocr_line' id='line_1_16' title="bbox 202 1483 1384 1552; baseline -0.004 0"><span class='ocrx_word' id='word_1_111' title='bbox 202 1491 277 1552; x_wconf 90' lang='lat' dir='ltr'><strong>bem</strong></span> <span class='ocrx_word' id='word_1_112' title='bbox 299 1487 412 1552; x_wconf 91' lang='lat' dir='ltr'><strong>rediit.</strong></span> <span class='ocrx_word' id='word_1_113' title='bbox 679 1523 682 1528; x_wconf 95' lang='lat'>·</span> <span class='ocrx_word' id='word_1_114' title='bbox 1383 1483 1384 1528; x_wconf 75' lang='grc'><strong>1</strong></span> 
     </span>
    </p>

    <p class='ocr_par' dir='ltr' id='par_1_3' title="bbox 201 1569 1384 1735">
     <span class='ocr_line' id='line_1_17' title="bbox 274 1569 1384 1674; baseline -0.003 -33"><span class='ocrx_word' id='word_1_115' title='bbox 274 1571 299 1646; x_wconf 78' lang='lat' dir='ltr'><strong>i.</strong></span> <span class='ocrx_word' id='word_1_116' title='bbox 326 1569 486 1657; x_wconf 81' lang='lat' dir='ltr'><strong>proecipuus</strong></span> <span class='ocrx_word' id='word_1_117' title='bbox 504 1587 636 1656; x_wconf 80' lang='lat' dir='ltr'><strong>turbator,</strong></span> <span class='ocrx_word' id='word_1_118' title='bbox 661 1596 695 1641; x_wconf 88' lang='lat' dir='ltr'><strong>ut</strong></span> <span class='ocrx_word' id='word_1_119' title='bbox 714 1592 740 1654; x_wconf 93' lang='lat' dir='ltr'><strong>l,</strong></span> <span class='ocrx_word' id='word_1_120' title='bbox 759 1589 804 1644; x_wconf 90' lang='grc'><strong>55.</strong></span> <span class='ocrx_word' id='word_1_121' title='bbox 824 1595 854 1642; x_wconf 87' lang='lat' dir='ltr'><strong>et</strong></span> <span class='ocrx_word' id='word_1_122' title='bbox 870 1590 898 1654; x_wconf 84' lang='grc'><strong>3,</strong></span> <span class='ocrx_word' id='word_1_123' title='bbox 916 1589 952 1646; x_wconf 74' lang='lat'><strong>27</strong></span> <span class='ocrx_word' id='word_1_124' title='bbox 980 1591 1012 1630; x_wconf 88' lang='lat'><strong>-&#39;-</strong></span> <span class='ocrx_word' id='word_1_125' title='bbox 1051 1587 1228 1654; x_wconf 61' lang='lat' dir='ltr'><strong>documentum</strong></span> <span class='ocrx_word' id='word_1_126' title='bbox 1249 1586 1329 1654; x_wconf 74' lang='lat' dir='ltr'><strong>fidei,</strong></span> <span class='ocrx_word' id='word_1_127' title='bbox 1352 1571 1384 1674; x_wconf 60' lang='lat' dir='ltr'><strong>tri</strong></span> 
     </span>
     <span class='ocr_line' id='line_1_18' title="bbox 201 1657 1384 1735; baseline -0.005 -20"><span class='ocrx_word' id='word_1_128' title='bbox 201 1679 289 1735; x_wconf 88' lang='lat' dir='ltr'><strong>quam</strong></span> <span class='ocrx_word' id='word_1_129' title='bbox 309 1679 331 1716; x_wconf 85' lang='lat' dir='ltr'><strong>s.</strong></span> <span class='ocrx_word' id='word_1_130' title='bbox 351 1661 383 1713; x_wconf 91' lang='lat' dir='ltr'><strong>in</strong></span> <span class='ocrx_word' id='word_1_131' title='bbox 401 1660 463 1716; x_wconf 90' lang='lat' dir='ltr'><strong>doc.</strong></span> <span class='ocrx_word' id='word_1_132' title='bbox 482 1659 560 1726; x_wconf 87' lang='lat' dir='ltr'><strong>fidei,</strong></span> <span class='ocrx_word' id='word_1_133' title='bbox 579 1669 613 1712; x_wconf 90' lang='lat' dir='ltr'><strong>ut</strong></span> <span class='ocrx_word' id='word_1_134' title='bbox 632 1663 672 1713; x_wconf 89' lang='lat' dir='ltr'><strong>ita</strong></span> <span class='ocrx_word' id='word_1_135' title='bbox 689 1659 760 1712; x_wconf 89' lang='lat' dir='ltr'><strong>fides</strong></span> <span class='ocrx_word' id='word_1_136' title='bbox 778 1657 960 1732; x_wconf 83' lang='lat' dir='ltr'><strong>probaretur.</strong></span> <span class='ocrx_word' id='word_1_137' title='bbox 997 1657 1043 1714; x_wconf 77' lang='lat' dir='ltr'><strong>Cf.</strong></span> <span class='ocrx_word' id='word_1_138' title='bbox 1063 1659 1125 1715; x_wconf 87' lang='lat' dir='ltr'><strong>Iud.</strong></span> <span class='ocrx_word' id='word_1_139' title='bbox 1145 1659 1199 1713; x_wconf 87' lang='lat'><strong>111.</strong></span> <span class='ocrx_word' id='word_1_140' title='bbox 1217 1679 1244 1716; x_wconf 78' lang='lat' dir='ltr'><strong>r.</strong></span> <span class='ocrx_word' id='word_1_141' title='bbox 1267 1660 1384 1734; x_wconf 74' lang='lat' dir='ltr'><strong>Appositq</strong></span> 
     </span>
    </p>
   </div>
   <div class='ocr_carea' id='block_1_3' title="bbox 201 1729 1384 2308">
    <p class='ocr_par' dir='ltr' id='par_1_4' title="bbox 201 1729 1384 2013">
     <span class='ocr_line' id='line_1_19' title="bbox 203 1729 1384 1842; baseline -0.004 -58"><span class='ocrx_word' id='word_1_142' title='bbox 203 1763 237 1771; x_wconf 93' lang='lat'>-</span> <span class='ocrx_word' id='word_1_143' title='bbox 255 1731 303 1784; x_wconf 77' lang='lat' dir='ltr'><strong>au&#39;x</strong></span> <span class='ocrx_word' id='word_1_144' title='bbox 322 1731 407 1784; x_wconf 83' lang='lat' dir='ltr'><strong>tutari</strong></span> <span class='ocrx_word' id='word_1_145' title='bbox 423 1734 519 1798; x_wconf 82' lang='lat' dir='ltr'><strong>signa,</strong></span> <span class='ocrx_word' id='word_1_146' title='bbox 547 1739 643 1785; x_wconf 83' lang='lat' dir='ltr'><strong>erecta</strong></span> <span class='ocrx_word' id='word_1_147' title='bbox 659 1729 766 1785; x_wconf 88' lang='lat' dir='ltr'><strong>habere</strong></span> <span class='ocrx_word' id='word_1_148' title='bbox 786 1739 814 1784; x_wconf 88' lang='lat' dir='ltr'><strong>et</strong></span> <span class='ocrx_word' id='word_1_149' title='bbox 839 1747 955 1785; x_wconf 87' lang='lat' dir='ltr'><strong>servare</strong></span> <span class='ocrx_word' id='word_1_150' title='bbox 981 1731 1012 1783; x_wconf 94' lang='lat' dir='ltr'><strong>in</strong></span> <span class='ocrx_word' id='word_1_151' title='bbox 1038 1732 1207 1802; x_wconf 80' lang='lat' dir='ltr'><strong>principiis,</strong></span> <span class='ocrx_word' id='word_1_152' title='bbox 1234 1731 1285 1786; x_wconf 91' lang='lat' dir='ltr'><strong>ubi</strong></span> <span class='ocrx_word' id='word_1_153' title='bbox 1311 1731 1384 1842; x_wconf 70' lang='lat' dir='ltr'><strong>defixq</strong></span> 
     </span>
     <span class='ocr_line' id='line_1_20' title="bbox 202 1795 1384 1878; baseline -0.003 -20"><span class='ocrx_word' id='word_1_154' title='bbox 202 1805 277 1872; x_wconf 70' lang='lat' dir='ltr'><strong>lips.</strong></span> <span class='ocrx_word' id='word_1_155' title='bbox 298 1803 458 1870; x_wconf 84' lang='lat' dir='ltr'><strong>„Habitum</strong></span> <span class='ocrx_word' id='word_1_156' title='bbox 477 1801 534 1855; x_wconf 85' lang='lat' dir='ltr'><strong>hoc</strong></span> <span class='ocrx_word' id='word_1_157' title='bbox 553 1803 584 1854; x_wconf 88' lang='lat' dir='ltr'><strong>in</strong></span> <span class='ocrx_word' id='word_1_158' title='bbox 602 1795 690 1855; x_wconf 88' lang='lat' dir='ltr'><strong>diris:</strong></span> <span class='ocrx_word' id='word_1_159' title='bbox 739 1803 770 1855; x_wconf 92' lang='lat' dir='ltr'><strong>ui</strong></span> <span class='ocrx_word' id='word_1_160' title='bbox 791 1819 828 1874; x_wconf 90' lang='lat' dir='ltr'><strong>pe</strong></span> <span class='ocrx_word' id='word_1_161' title='bbox 857 1804 882 1856; x_wconf 87' lang='lat' dir='ltr'><strong>si</strong></span> <span class='ocrx_word' id='word_1_162' title='bbox 904 1821 940 1855; x_wconf 92' lang='lat' dir='ltr'><strong>na</strong></span> <span class='ocrx_word' id='word_1_163' title='bbox 964 1803 1083 1856; x_wconf 88' lang='lat' dir='ltr'><strong>numina</strong></span> <span class='ocrx_word' id='word_1_164' title='bbox 1106 1801 1259 1878; x_wconf 87' lang='lat' dir='ltr'><strong>legionum</strong></span> <span class='ocrx_word' id='word_1_165' title='bbox 1285 1811 1384 1856; x_wconf 53' lang='lat' dir='ltr'><strong>erant..</strong></span> 
     </span>
     <span class='ocr_line' id='line_1_21' title="bbox 201 1821 1384 2002; baseline -0.004 -72"><span class='ocrx_word' id='word_1_166' title='bbox 201 1876 281 2002; x_wconf 50' lang='lat' dir='ltr'><strong>Fpopr.</strong></span> <span class='ocrx_word' id='word_1_167' title='bbox 301 1871 672 2002; x_wconf 53' lang='lat' dir='ltr'><strong>3,p11,32.3ibiquenuk.“</strong></span> <span class='ocrx_word' id='word_1_168' title='bbox 692 1821 779 1930; x_wconf 65' lang='lat' dir='ltr'><strong>ethi.</strong></span> <span class='ocrx_word' id='word_1_169' title='bbox 801 1873 846 1928; x_wconf 81' lang='lat' dir='ltr'><strong>cf.</strong></span> <span class='ocrx_word' id='word_1_170' title='bbox 864 1822 903 1928; x_wconf 75' lang='lat' dir='ltr'><strong>ad</strong></span> <span class='ocrx_word' id='word_1_171' title='bbox 917 1878 943 1940; x_wconf 92' lang='lat' dir='ltr'><strong>l,</strong></span> <span class='ocrx_word' id='word_1_172' title='bbox 962 1875 1006 1941; x_wconf 80' lang='lat'><strong>2⁰,</strong></span> <span class='ocrx_word' id='word_1_173' title='bbox 1024 1877 1050 1930; x_wconf 94' lang='lat' dir='ltr'><strong>l.</strong></span> <span class='ocrx_word' id='word_1_174' title='bbox 1068 1877 1094 1942; x_wconf 90' lang='lat'><strong>1,</strong></span> <span class='ocrx_word' id='word_1_175' title='bbox 1113 1877 1158 1931; x_wconf 82' lang='lat'><strong>37.</strong></span> <span class='ocrx_word' id='word_1_176' title='bbox 1178 1879 1206 1942; x_wconf 87' lang='lat'><strong>1,</strong></span> <span class='ocrx_word' id='word_1_177' title='bbox 1217 1877 1263 1932; x_wconf 79' lang='lat'><strong>39.</strong></span> <span class='ocrx_word' id='word_1_178' title='bbox 1283 1861 1384 1962; x_wconf 53' lang='lat' dir='ltr'><strong>Stameni</strong></span> 
     </span>
     <span class='ocr_line' id='line_1_22' title="bbox 201 1964 860 2013; baseline -0.006 -10"><span class='ocrx_word' id='word_1_179' title='bbox 201 1968 218 2003; x_wconf 89' lang='lat' dir='ltr'><strong>a</strong></span> <span class='ocrx_word' id='word_1_180' title='bbox 281 1965 295 2001; x_wconf 86' lang='lat' dir='ltr'><strong>e</strong></span> <span class='ocrx_word' id='word_1_181' title='bbox 319 1964 333 2000; x_wconf 90' lang='lat' dir='ltr'><strong>e</strong></span> <span class='ocrx_word' id='word_1_182' title='bbox 392 1983 401 2013; x_wconf 92' lang='lat'><strong>,</strong></span> <span class='ocrx_word' id='word_1_183' title='bbox 457 1989 463 2002; x_wconf 95' lang='lat'><strong>.</strong></span> <span class='ocrx_word' id='word_1_184' title='bbox 573 1975 591 2010; x_wconf 61' lang='grc' dir='ltr'>ῃ</span> <span class='ocrx_word' id='word_1_185' title='bbox 859 1974 860 1982; x_wconf 24' lang='grc' dir='ltr'><strong>κ</strong></span> 
     </span>
    </p>

    <p class='ocr_par' dir='ltr' id='par_1_5' title="bbox 201 1966 1382 2308">
     <span class='ocr_line' id='line_1_23' title="bbox 271 1966 1382 2084; baseline -0.005 -15"><span class='ocrx_word' id='word_1_186' title='bbox 271 1966 317 2076; x_wconf 52' lang='lat'><strong>23</strong></span> <span class='ocrx_word' id='word_1_187' title='bbox 325 2017 467 2070; x_wconf 80' lang='lat' dir='ltr'><strong>hebescere</strong></span> <span class='ocrx_word' id='word_1_188' title='bbox 493 2015 597 2081; x_wconf 86' lang='lat' dir='ltr'><strong>sideru,</strong></span> <span class='ocrx_word' id='word_1_189' title='bbox 630 2035 653 2070; x_wconf 87' lang='lat' dir='ltr'><strong>c.</strong></span> <span class='ocrx_word' id='word_1_190' title='bbox 672 2019 716 2074; x_wconf 78' lang='grc'><strong>28.</strong></span> <span class='ocrx_word' id='word_1_191' title='bbox 742 2015 830 2070; x_wconf 82' lang='lat' dir='ltr'><strong>Iunnrn</strong></span> <span class='ocrx_word' id='word_1_192' title='bbox 848 2018 1034 2084; x_wconf 78' lang='lat' dir='ltr'><strong>languescere,</strong></span> <span class='ocrx_word' id='word_1_193' title='bbox 1067 2018 1117 2072; x_wconf 91' lang='lat' dir='ltr'><strong>ubi</strong></span> <span class='ocrx_word' id='word_1_194' title='bbox 1143 2023 1322 2084; x_wconf 81' lang='lat' dir='ltr'><strong>tempestatum</strong></span> <span class='ocrx_word' id='word_1_195' title='bbox 1339 2013 1382 2066; x_wconf 86' lang='lat' dir='ltr'><strong>nul</strong></span> 
     </span>
     <span class='ocr_line' id='line_1_24' title="bbox 201 2087 1380 2164; baseline -0.006 -21"><span class='ocrx_word' id='word_1_196' title='bbox 201 2091 320 2145; x_wconf 83' lang='lat' dir='ltr'><strong>mentio.</strong></span> <span class='ocrx_word' id='word_1_197' title='bbox 342 2089 386 2144; x_wconf 82' lang='lat' dir='ltr'><strong>cf.</strong></span> <span class='ocrx_word' id='word_1_198' title='bbox 406 2087 462 2141; x_wconf 87' lang='lat' dir='ltr'><strong>Dio</strong></span> <span class='ocrx_word' id='word_1_199' title='bbox 480 2091 525 2155; x_wconf 84' lang='grc'><strong>57,</strong></span> <span class='ocrx_word' id='word_1_200' title='bbox 544 2093 570 2146; x_wconf 81' lang='grc'><strong>4,</strong></span> <span class='ocrx_word' id='word_1_201' title='bbox 591 2115 624 2127; x_wconf 92' lang='grc'><strong>-</strong></span> <span class='ocrx_word' id='word_1_202' title='bbox 660 2087 877 2156; x_wconf 78' lang='lat' dir='ltr'><strong>aoiuii&#39;piuculo,</strong></span> <span class='ocrx_word' id='word_1_203' title='bbox 904 2087 951 2141; x_wconf 90' lang='lat' dir='ltr'><strong>bis</strong></span> <span class='ocrx_word' id='word_1_204' title='bbox 980 2089 1151 2144; x_wconf 83' lang='lat' dir='ltr'><strong>criminibus</strong></span> <span class='ocrx_word' id='word_1_205' title='bbox 1195 2089 1292 2142; x_wconf 88' lang='lat' dir='ltr'><strong>iaculo</strong></span> <span class='ocrx_word' id='word_1_206' title='bbox 1309 2087 1380 2164; x_wconf 82' lang='lat' dir='ltr'><strong>digni</strong></span> 
     </span>
     <span class='ocr_line' id='line_1_25' title="bbox 202 2107 1378 2232; baseline -0.006 -17"><span class='ocrx_word' id='word_1_207' title='bbox 202 2163 282 2216; x_wconf 83' lang='lat' dir='ltr'><strong>Brut.</strong></span> <span class='ocrx_word' id='word_1_208' title='bbox 319 2157 479 2230; x_wconf 83' lang='lat' dir='ltr'><strong>„l&#39;iaculnm</strong></span> <span class='ocrx_word' id='word_1_209' title='bbox 497 2159 527 2216; x_wconf 90' lang='lat' dir='ltr'><strong>h.</strong></span> <span class='ocrx_word' id='word_1_210' title='bbox 548 2160 569 2216; x_wconf 90' lang='lat' dir='ltr'><strong>l.</strong></span> <span class='ocrx_word' id='word_1_211' title='bbox 588 2161 676 2213; x_wconf 91' lang='lat' dir='ltr'><strong>noni</strong></span> <span class='ocrx_word' id='word_1_212' title='bbox 699 2178 728 2213; x_wconf 85' lang='lat' dir='ltr'><strong>ss</strong></span> <span class='ocrx_word' id='word_1_213' title='bbox 746 2159 830 2214; x_wconf 90' lang='lat' dir='ltr'><strong>modo</strong></span> <span class='ocrx_word' id='word_1_214' title='bbox 856 2161 951 2230; x_wconf 88' lang='lat' dir='ltr'><strong>culpa,</strong></span> <span class='ocrx_word' id='word_1_215' title='bbox 981 2158 1032 2214; x_wconf 87' lang='lat' dir='ltr'><strong>sed</strong></span> <span class='ocrx_word' id='word_1_216' title='bbox 1050 2177 1135 2214; x_wconf 80' lang='lat' dir='ltr'><strong>ornne</strong></span> <span class='ocrx_word' id='word_1_217' title='bbox 1159 2107 1199 2228; x_wconf 81' lang='lat' dir='ltr'><strong>id,</strong></span> <span class='ocrx_word' id='word_1_218' title='bbox 1226 2159 1305 2232; x_wconf 87' lang='lat' dir='ltr'><strong>quod</strong></span> <span class='ocrx_word' id='word_1_219' title='bbox 1322 2157 1378 2226; x_wconf 91' lang='lat' dir='ltr'><strong>culp</strong></span> 
     </span>
     <span class='ocr_line' id='line_1_26' title="bbox 201 2178 1382 2308; baseline -0.005 -22"><span class='ocrx_word' id='word_1_220' title='bbox 201 2249 317 2306; x_wconf 88' lang='lat' dir='ltr'><strong>quoquo</strong></span> <span class='ocrx_word' id='word_1_221' title='bbox 335 2231 420 2284; x_wconf 90' lang='lat' dir='ltr'><strong>modo</strong></span> <span class='ocrx_word' id='word_1_222' title='bbox 440 2229 583 2286; x_wconf 85' lang='lat' dir='ltr'><strong>cohaeret.</strong></span> <span class='ocrx_word' id='word_1_223' title='bbox 622 2178 717 2287; x_wconf 69' lang='lat' dir='ltr'><strong>liuhi</strong></span> <span class='ocrx_word' id='word_1_224' title='bbox 735 2247 794 2284; x_wconf 91' lang='lat' dir='ltr'><strong>non</strong></span> <span class='ocrx_word' id='word_1_225' title='bbox 812 2231 950 2284; x_wconf 85' lang='lat' dir='ltr'><strong>rebantur</strong></span> <span class='ocrx_word' id='word_1_226' title='bbox 970 2249 999 2286; x_wconf 90' lang='lat' dir='ltr'><strong>se</strong></span> <span class='ocrx_word' id='word_1_227' title='bbox 1022 2233 1091 2285; x_wconf 85' lang='lat' dir='ltr'><strong>satis</strong></span> <span class='ocrx_word' id='word_1_228' title='bbox 1109 2231 1233 2308; x_wconf 82' lang='lat' dir='ltr'><strong>purgari</strong></span> <span class='ocrx_word' id='word_1_229' title='bbox 1253 2247 1344 2302; x_wconf 85' lang='lat' dir='ltr'><strong>posse,</strong></span> <span class='ocrx_word' id='word_1_230' title='bbox 1360 2227 1382 2279; x_wconf 91' lang='lat' dir='ltr'><strong>n&#39;</strong></span> 
     </span>
    </p>
   </div>
   <div class='ocr_carea' id='block_1_4' title="bbox 168 2299 1378 2375">
    <p class='ocr_par' dir='ltr' id='par_1_6' title="bbox 168 2299 1378 2375">
     <span class='ocr_line' id='line_1_27' title="bbox 168 2299 1378 2375; baseline -0.004 -16"><span class='ocrx_word' id='word_1_231' title='bbox 168 2311 175 2329; x_wconf 95' lang='lat'><em>&#39;</em></span> <span class='ocrx_word' id='word_1_232' title='bbox 203 2307 290 2360; x_wconf 83' lang='lat' dir='ltr'><strong>etiam</strong></span> <span class='ocrx_word' id='word_1_233' title='bbox 310 2303 418 2367; x_wconf 89' lang='lat' dir='ltr'><strong>locum,</strong></span> <span class='ocrx_word' id='word_1_234' title='bbox 438 2303 469 2356; x_wconf 91' lang='lat' dir='ltr'><strong>in</strong></span> <span class='ocrx_word' id='word_1_235' title='bbox 530 2311 741 2374; x_wconf 87' lang='lat' dir='ltr'><strong>opeccassent,</strong></span> <span class='ocrx_word' id='word_1_236' title='bbox 761 2311 897 2372; x_wconf 79' lang='lat' dir='ltr'><strong>tanquam</strong></span> <span class='ocrx_word' id='word_1_237' title='bbox 925 2304 1085 2356; x_wconf 85' lang='lat' dir='ltr'><strong>infaustum</strong></span> <span class='ocrx_word' id='word_1_238' title='bbox 1108 2303 1314 2375; x_wconf 87' lang='lat' dir='ltr'><strong>pollutumque</strong></span> <span class='ocrx_word' id='word_1_239' title='bbox 1331 2299 1378 2354; x_wconf 83' lang='lat' dir='ltr'><strong>re&#39;</strong></span> 
     </span>
    </p>
   </div>
   <div class='ocr_carea' id='block_1_5' title="bbox 272 2441 1374 2529">
    <p class='ocr_par' dir='ltr' id='par_1_7' title="bbox 272 2441 1374 2529">
     <span class='ocr_line' id='line_1_28' title="bbox 272 2441 1374 2529; baseline -0.004 -31"><span class='ocrx_word' id='word_1_240' title='bbox 272 2451 300 2504; x_wconf 84' lang='lat'><strong>3.</strong></span> <span class='ocrx_word' id='word_1_241' title='bbox 329 2447 466 2498; x_wconf 81' lang='lat' dir='ltr'><strong>desolatus</strong></span> <span class='ocrx_word' id='word_1_242' title='bbox 484 2446 598 2498; x_wconf 82' lang='lat' dir='ltr'><strong>oliorum</strong></span> <span class='ocrx_word' id='word_1_243' title='bbox 618 2445 791 2512; x_wconf 79' lang='lat' dir='ltr'><strong>discessione,</strong></span> <span class='ocrx_word' id='word_1_244' title='bbox 819 2453 972 2529; x_wconf 83' lang='lat' dir='ltr'><strong>postquam</strong></span> <span class='ocrx_word' id='word_1_245' title='bbox 1000 2441 1053 2498; x_wconf 84' lang='lat' dir='ltr'><strong>alii</strong></span> <span class='ocrx_word' id='word_1_246' title='bbox 1081 2441 1284 2501; x_wconf 87' lang='lat' dir='ltr'><strong>discesserant.</strong></span> <span class='ocrx_word' id='word_1_247' title='bbox 1320 2444 1374 2496; x_wconf 85' lang='lat' dir='ltr'><strong>deso</strong></span> 
     </span>
    </p>
   </div>
   <div class='ocr_carea' id='block_1_6' title="bbox 200 2515 1384 3267">
    <p class='ocr_par' dir='ltr' id='par_1_8' title="bbox 200 2515 1384 3320">
     <span class='ocr_line' id='line_1_29' title="bbox 202 2515 1355 2592; baseline 0.001 -21"><span class='ocrx_word' id='word_1_248' title='bbox 202 2525 255 2584; x_wconf 83' lang='lat' dir='ltr'><strong>tus,</strong></span> <span class='ocrx_word' id='word_1_249' title='bbox 279 2519 419 2592; x_wconf 67' lang='grc' dir='ltr'><strong>μονωθεὶς</strong></span> <span class='ocrx_word' id='word_1_250' title='bbox 445 2517 540 2570; x_wconf 90' lang='lat' dir='ltr'><strong>Gloss.</strong></span> <span class='ocrx_word' id='word_1_251' title='bbox 570 2525 641 2582; x_wconf 76' lang='lat' dir='ltr'><strong>vet,</strong></span> <span class='ocrx_word' id='word_1_252' title='bbox 670 2515 748 2570; x_wconf 90' lang='lat' dir='ltr'><strong>solus</strong></span> <span class='ocrx_word' id='word_1_253' title='bbox 775 2516 916 2582; x_wconf 70' lang='lat' dir='ltr'><strong>relictus,</strong></span> <span class='ocrx_word' id='word_1_254' title='bbox 944 2515 1017 2582; x_wconf 85' lang='lat' dir='ltr'><strong>Lips.</strong></span> <span class='ocrx_word' id='word_1_255' title='bbox 1053 2515 1101 2572; x_wconf 83' lang='lat' dir='ltr'><strong>Cf.</strong></span> <span class='ocrx_word' id='word_1_256' title='bbox 1127 2515 1163 2570; x_wconf 88' lang='lat' dir='ltr'><strong>nd</strong></span> <span class='ocrx_word' id='word_1_257' title='bbox 1180 2519 1224 2582; x_wconf 70' lang='lat' dir='ltr'><strong>li,</strong></span> <span class='ocrx_word' id='word_1_258' title='bbox 1250 2519 1355 2580; x_wconf 73' lang='grc'><strong>2516,</strong></span> 
     </span>
     <span class='ocr_line' id='line_1_30' title="bbox 201 2587 1372 2665; baseline -0.003 -23"><span class='ocrx_word' id='word_1_259' title='bbox 201 2591 283 2665; x_wconf 83' lang='lat' dir='ltr'><strong>Virg.</strong></span> <span class='ocrx_word' id='word_1_260' title='bbox 302 2587 372 2642; x_wconf 83' lang='lat' dir='ltr'><strong>Aen.</strong></span> <span class='ocrx_word' id='word_1_261' title='bbox 392 2592 437 2654; x_wconf 93' lang='lat' dir='ltr'><strong>ll,</strong></span> <span class='ocrx_word' id='word_1_262' title='bbox 456 2591 517 2645; x_wconf 79' lang='lat'><strong>87⁰.</strong></span> <span class='ocrx_word' id='word_1_263' title='bbox 537 2596 567 2642; x_wconf 85' lang='lat' dir='ltr'><strong>et</strong></span> <span class='ocrx_word' id='word_1_264' title='bbox 586 2588 676 2641; x_wconf 88' lang='lat' dir='ltr'><strong>Gron.</strong></span> <span class='ocrx_word' id='word_1_265' title='bbox 695 2587 768 2642; x_wconf 89' lang='lat' dir='ltr'><strong>obss.</strong></span> <span class='ocrx_word' id='word_1_266' title='bbox 788 2589 815 2654; x_wconf 80' lang='grc'><strong>4,</strong></span> <span class='ocrx_word' id='word_1_267' title='bbox 833 2589 878 2644; x_wconf 75' lang='lat'><strong>21.</strong></span> <span class='ocrx_word' id='word_1_268' title='bbox 898 2587 947 2639; x_wconf 92' lang='lat' dir='ltr'><strong>uhi</strong></span> <span class='ocrx_word' id='word_1_269' title='bbox 966 2587 1059 2654; x_wconf 88' lang='lat' dir='ltr'><strong>docet,</strong></span> <span class='ocrx_word' id='word_1_270' title='bbox 1078 2589 1201 2640; x_wconf 83' lang='lat' dir='ltr'><strong>desolare</strong></span> <span class='ocrx_word' id='word_1_271' title='bbox 1223 2589 1372 2660; x_wconf 77' lang='lat' dir='ltr'><strong>propriae</strong></span> 
     </span>
     <span class='ocr_line' id='line_1_31' title="bbox 202 2655 1347 2734; baseline 0 -20"><span class='ocrx_word' id='word_1_272' title='bbox 202 2661 238 2714; x_wconf 82' lang='lat' dir='ltr'><strong>ad</strong></span> <span class='ocrx_word' id='word_1_273' title='bbox 257 2660 445 2712; x_wconf 87' lang='lat' dir='ltr'><strong>solitudinem</strong></span> <span class='ocrx_word' id='word_1_274' title='bbox 465 2667 495 2712; x_wconf 92' lang='lat' dir='ltr'><strong>et</strong></span> <span class='ocrx_word' id='word_1_275' title='bbox 512 2660 678 2712; x_wconf 86' lang='lat' dir='ltr'><strong>vastitatem</strong></span> <span class='ocrx_word' id='word_1_276' title='bbox 696 2655 843 2734; x_wconf 75' lang='lat' dir='ltr'><strong>redigerd,</strong></span> <span class='ocrx_word' id='word_1_277' title='bbox 871 2675 930 2712; x_wconf 89' lang='lat' dir='ltr'><strong>non</strong></span> <span class='ocrx_word' id='word_1_278' title='bbox 970 2657 1048 2730; x_wconf 89' lang='lat' dir='ltr'><strong>quod</strong></span> <span class='ocrx_word' id='word_1_279' title='bbox 1065 2658 1216 2712; x_wconf 80' lang='lat' dir='ltr'><strong>Ferrettus</strong></span> <span class='ocrx_word' id='word_1_280' title='bbox 1244 2659 1280 2712; x_wconf 87' lang='lat' dir='ltr'><strong>ad</strong></span> <span class='ocrx_word' id='word_1_281' title='bbox 1307 2662 1347 2723; x_wconf 79' lang='lat' dir='ltr'><strong>lt,</strong></span> 
     </span>
     <span class='ocr_line' id='line_1_32' title="bbox 201 2727 1384 2800; baseline -0.005 -15"><span class='ocrx_word' id='word_1_282' title='bbox 201 2730 369 2798; x_wconf 85' lang='lat' dir='ltr'><strong>annotavit)</strong></span> <span class='ocrx_word' id='word_1_283' title='bbox 387 2729 584 2800; x_wconf 81' lang='lat' dir='ltr'><strong>tanquamde</strong></span> <span class='ocrx_word' id='word_1_284' title='bbox 602 2729 675 2782; x_wconf 88' lang='lat' dir='ltr'><strong>solio</strong></span> <span class='ocrx_word' id='word_1_285' title='bbox 700 2727 836 2796; x_wconf 88' lang='lat' dir='ltr'><strong>deiicere,</strong></span> <span class='ocrx_word' id='word_1_286' title='bbox 861 2737 895 2781; x_wconf 83' lang='lat' dir='ltr'><strong>ut</strong></span> <span class='ocrx_word' id='word_1_287' title='bbox 920 2729 1056 2782; x_wconf 84' lang='lat' dir='ltr'><strong>desolatus</strong></span> <span class='ocrx_word' id='word_1_288' title='bbox 1084 2730 1152 2782; x_wconf 87' lang='lat' dir='ltr'><strong>inde</strong></span> <span class='ocrx_word' id='word_1_289' title='bbox 1177 2731 1216 2782; x_wconf 88' lang='lat' dir='ltr'><strong>sit</strong></span> <span class='ocrx_word' id='word_1_290' title='bbox 1244 2729 1384 2784; x_wconf 77' lang='lat' dir='ltr'><strong>deiectusl</strong></span> 
     </span>
     <span class='ocr_line' id='line_1_33' title="bbox 202 2799 1372 2868; baseline -0.001 -13"><span class='ocrx_word' id='word_1_291' title='bbox 202 2803 355 2856; x_wconf 89' lang='lat' dir='ltr'><strong>demissus.</strong></span> <span class='ocrx_word' id='word_1_292' title='bbox 376 2828 409 2837; x_wconf 94' lang='lat'>-</span> <span class='ocrx_word' id='word_1_293' title='bbox 446 2801 559 2854; x_wconf 80' lang='lat' dir='ltr'><strong>aliorum</strong></span> <span class='ocrx_word' id='word_1_294' title='bbox 577 2799 750 2868; x_wconf 85' lang='lat' dir='ltr'><strong>discessione,</strong></span> <span class='ocrx_word' id='word_1_295' title='bbox 770 2809 942 2856; x_wconf 88' lang='lat' dir='ltr'><strong>ceterorum.</strong></span> <span class='ocrx_word' id='word_1_296' title='bbox 963 2801 1010 2854; x_wconf 79' lang='lat' dir='ltr'><strong>uf.</strong></span> <span class='ocrx_word' id='word_1_297' title='bbox 1030 2801 1092 2853; x_wconf 90' lang='lat' dir='ltr'><strong>lnd.</strong></span> <span class='ocrx_word' id='word_1_298' title='bbox 1111 2800 1148 2855; x_wconf 92' lang='lat' dir='ltr'><strong>ll.</strong></span> <span class='ocrx_word' id='word_1_299' title='bbox 1169 2809 1198 2854; x_wconf 86' lang='lat' dir='ltr'><strong>et</strong></span> <span class='ocrx_word' id='word_1_300' title='bbox 1215 2800 1254 2854; x_wconf 90' lang='lat' dir='ltr'><strong>ad</strong></span> <span class='ocrx_word' id='word_1_301' title='bbox 1273 2805 1317 2868; x_wconf 76' lang='lat'><strong>12,</strong></span> <span class='ocrx_word' id='word_1_302' title='bbox 1333 2802 1372 2856; x_wconf 71' lang='lat' dir='ltr'><strong>ib.</strong></span> 
     </span>
     <span class='ocr_line' id='line_1_34' title="bbox 200 2869 1373 2942; baseline -0.005 -15"><span class='ocrx_word' id='word_1_303' title='bbox 200 2871 364 2942; x_wconf 81' lang='lat' dir='ltr'><strong>praesentio,</strong></span> <span class='ocrx_word' id='word_1_304' title='bbox 383 2871 454 2925; x_wconf 86' lang='lat' dir='ltr'><strong>haec</strong></span> <span class='ocrx_word' id='word_1_305' title='bbox 473 2871 587 2926; x_wconf 89' lang='lat' dir='ltr'><strong>seditio.</strong></span> <span class='ocrx_word' id='word_1_306' title='bbox 617 2904 650 2915; x_wconf 93' lang='lat'>-</span> <span class='ocrx_word' id='word_1_307' title='bbox 675 2871 850 2925; x_wconf 86' lang='lat' dir='ltr'><strong>consederant</strong></span> <span class='ocrx_word' id='word_1_308' title='bbox 868 2869 980 2938; x_wconf 84' lang='lat' dir='ltr'><strong>(sedata</strong></span> <span class='ocrx_word' id='word_1_309' title='bbox 999 2873 1093 2937; x_wconf 83' lang='lat' dir='ltr'><strong>erant)</strong></span> <span class='ocrx_word' id='word_1_310' title='bbox 1121 2871 1184 2926; x_wconf 91' lang='lat' dir='ltr'><strong>edd.</strong></span> <span class='ocrx_word' id='word_1_311' title='bbox 1204 2871 1240 2924; x_wconf 82' lang='lat' dir='ltr'><strong>Li</strong></span> <span class='ocrx_word' id='word_1_312' title='bbox 1264 2891 1287 2924; x_wconf 92' lang='lat' dir='ltr'><strong>s.</strong></span> <span class='ocrx_word' id='word_1_313' title='bbox 1316 2880 1373 2924; x_wconf 87' lang='lat' dir='ltr'><strong>etr</strong></span> 
     </span>
     <span class='ocr_line' id='line_1_35' title="bbox 202 2891 1370 3014; baseline -0.005 -16"><span class='ocrx_word' id='word_1_314' title='bbox 202 2963 238 2998; x_wconf 84' lang='lat' dir='ltr'><strong>ex</strong></span> <span class='ocrx_word' id='word_1_315' title='bbox 256 2944 368 3000; x_wconf 85' lang='lat' dir='ltr'><strong>emend.</strong></span> <span class='ocrx_word' id='word_1_316' title='bbox 392 2943 485 3000; x_wconf 85' lang='lat' dir='ltr'><strong>Rhen.</strong></span> <span class='ocrx_word' id='word_1_317' title='bbox 511 2945 562 3014; x_wconf 87' lang='lat' dir='ltr'><strong>qui</strong></span> <span class='ocrx_word' id='word_1_318' title='bbox 585 2945 674 2996; x_wconf 87' lang='lat' dir='ltr'><strong>etiam</strong></span> <span class='ocrx_word' id='word_1_319' title='bbox 697 2945 773 2996; x_wconf 90' lang='lat' dir='ltr'><strong>coni.</strong></span> <span class='ocrx_word' id='word_1_320' title='bbox 800 2949 1007 3010; x_wconf 53' lang='lat' dir='ltr'><strong>componderatio</strong></span> <span class='ocrx_word' id='word_1_321' title='bbox 1025 2941 1197 2996; x_wconf 79' lang='lat' dir='ltr'><strong>considerant</strong></span> <span class='ocrx_word' id='word_1_322' title='bbox 1214 2891 1277 2997; x_wconf 60' lang='lat' dir='ltr'><strong>hili.</strong></span> <span class='ocrx_word' id='word_1_323' title='bbox 1312 2943 1370 3010; x_wconf 85' lang='lat' dir='ltr'><strong>„lta</strong></span> 
     </span>
     <span class='ocr_line' id='line_1_36' title="bbox 203 2983 1384 3086; baseline 0.003 -17"><span class='ocrx_word' id='word_1_324' title='bbox 203 3017 247 3069; x_wconf 90' lang='lat' dir='ltr'><strong>ed.</strong></span> <span class='ocrx_word' id='word_1_325' title='bbox 267 3017 334 3070; x_wconf 89' lang='lat' dir='ltr'><strong>Ber.</strong></span> <span class='ocrx_word' id='word_1_326' title='bbox 353 3024 420 3068; x_wconf 90' lang='lat' dir='ltr'><strong>uta</strong></span> <span class='ocrx_word' id='word_1_327' title='bbox 438 3015 527 3068; x_wconf 88' lang='lat' dir='ltr'><strong>verbo</strong></span> <span class='ocrx_word' id='word_1_328' title='bbox 546 3015 695 3068; x_wconf 68' lang='lat' dir='ltr'><strong>considere.</strong></span> <span class='ocrx_word' id='word_1_329' title='bbox 733 3013 790 3068; x_wconf 87' lang='lat' dir='ltr'><strong>Sed</strong></span> <span class='ocrx_word' id='word_1_330' title='bbox 806 3015 910 3066; x_wconf 83' lang='lat' dir='ltr'><strong>sedisse</strong></span> <span class='ocrx_word' id='word_1_331' title='bbox 927 3033 943 3068; x_wconf 88' lang='lat' dir='ltr'><strong>a</strong></span> <span class='ocrx_word' id='word_1_332' title='bbox 960 3013 1051 3069; x_wconf 85' lang='lat' dir='ltr'><strong>sidere</strong></span> <span class='ocrx_word' id='word_1_333' title='bbox 1067 3017 1096 3082; x_wconf 79' lang='lat'><strong>2,</strong></span> <span class='ocrx_word' id='word_1_334' title='bbox 1114 3017 1160 3072; x_wconf 80' lang='lat'><strong>47.</strong></span> <span class='ocrx_word' id='word_1_335' title='bbox 1179 3015 1340 3086; x_wconf 76' lang='lat' dir='ltr'><strong>consyderut</strong></span> <span class='ocrx_word' id='word_1_336' title='bbox 1357 2983 1384 3072; x_wconf 78' lang='lat' dir='ltr'><strong>ed</strong></span> 
     </span>
     <span class='ocr_line' id='line_1_37' title="bbox 201 3086 1384 3170; baseline -0.005 -29"><span class='ocrx_word' id='word_1_337' title='bbox 201 3086 294 3142; x_wconf 83' lang='lat' dir='ltr'><strong>Rben.</strong></span> <span class='ocrx_word' id='word_1_338' title='bbox 314 3087 380 3142; x_wconf 82' lang='lat' dir='ltr'><strong>Ald.</strong></span> <span class='ocrx_word' id='word_1_339' title='bbox 399 3095 432 3140; x_wconf 89' lang='lat' dir='ltr'><strong>ut</strong></span> <span class='ocrx_word' id='word_1_340' title='bbox 447 3087 606 3156; x_wconf 85' lang='lat' dir='ltr'><strong>praesentia</strong></span> <span class='ocrx_word' id='word_1_341' title='bbox 626 3087 664 3139; x_wconf 88' lang='lat' dir='ltr'><strong>sit</strong></span> <span class='ocrx_word' id='word_1_342' title='bbox 683 3087 715 3139; x_wconf 93' lang='lat' dir='ltr'><strong>in</strong></span> <span class='ocrx_word' id='word_1_343' title='bbox 733 3103 813 3138; x_wconf 90' lang='lat' dir='ltr'><strong>num.</strong></span> <span class='ocrx_word' id='word_1_344' title='bbox 833 3087 909 3164; x_wconf 83' lang='lat' dir='ltr'><strong>sing.</strong></span> <span class='ocrx_word' id='word_1_345' title='bbox 1383 3125 1384 3170; x_wconf 62' lang='lat' dir='ltr'><strong>q</strong></span> 
     </span>
     <span class='ocr_line' id='line_1_38' title="bbox 638 3209 999 3267; baseline -0.003 -3"><span class='ocrx_word' id='word_1_346' title='bbox 638 3211 661 3264; x_wconf 86' lang='lat' dir='ltr'><strong>G</strong></span> <span class='ocrx_word' id='word_1_347' title='bbox 680 3211 705 3263; x_wconf 80' lang='lat' dir='ltr'>A</span> <span class='ocrx_word' id='word_1_348' title='bbox 723 3212 743 3262; x_wconf 88' lang='grc' dir='ltr'>Ρ</span> <span class='ocrx_word' id='word_1_349' title='bbox 761 3210 788 3264; x_wconf 90' lang='lat' dir='ltr'>U</span> <span class='ocrx_word' id='word_1_350' title='bbox 805 3209 831 3262; x_wconf 87' lang='grc' dir='ltr'><strong>Τ</strong></span> <span class='ocrx_word' id='word_1_351' title='bbox 866 3209 999 3267; x_wconf 83' lang='lat' dir='ltr'><strong>xxxt.&#39;</strong></span> 
     </span>
    </p>
   </div>
   <div class='ocr_carea' id='block_1_7' title="bbox 178 3316 1384 4321">
    <p class='ocr_par' dir='ltr' id='par_1_9' title="bbox 178 3316 1384 4328">
     <span class='ocr_line' id='line_1_39' title="bbox 285 3316 1384 3406; baseline -0.003 -26"><span class='ocrx_word' id='word_1_352' title='bbox 285 3317 405 3383; x_wconf 88' lang='lat' dir='ltr'><strong>Iisdem</strong></span> <span class='ocrx_word' id='word_1_353' title='bbox 432 3323 537 3381; x_wconf 81' lang='lat' dir='ltr'><strong>ferme</strong></span> <span class='ocrx_word' id='word_1_354' title='bbox 570 3318 698 3399; x_wconf 91' lang='lat' dir='ltr'><strong>diebus,</strong></span> <span class='ocrx_word' id='word_1_355' title='bbox 732 3318 851 3382; x_wconf 89' lang='lat' dir='ltr'><strong>iisdem</strong></span> <span class='ocrx_word' id='word_1_356' title='bbox 886 3321 994 3382; x_wconf 85' lang='lat' dir='ltr'><strong>causis</strong></span> <span class='ocrx_word' id='word_1_357' title='bbox 1025 3316 1243 3383; x_wconf 85' lang='lat' dir='ltr'><strong>Germanioa&#39;e</strong></span> <span class='ocrx_word' id='word_1_358' title='bbox 1278 3321 1384 3406; x_wconf 61' lang='lat' dir='ltr'><strong>legioni</strong></span> 
     </span>
     <span class='ocr_line' id='line_1_40' title="bbox 202 3401 1384 3503; baseline -0.002 -39"><span class='ocrx_word' id='word_1_359' title='bbox 202 3403 368 3480; x_wconf 88' lang='lat' dir='ltr'><strong>turbatae,</strong></span> <span class='ocrx_word' id='word_1_360' title='bbox 405 3413 526 3485; x_wconf 85' lang='lat' dir='ltr'><strong>quanto</strong></span> <span class='ocrx_word' id='word_1_361' title='bbox 554 3403 679 3484; x_wconf 87' lang='lat' dir='ltr'><strong>plures,</strong></span> <span class='ocrx_word' id='word_1_362' title='bbox 714 3411 807 3464; x_wconf 81' lang='lat' dir='ltr'><strong>tanto</strong></span> <span class='ocrx_word' id='word_1_363' title='bbox 840 3403 1032 3480; x_wconf 80' lang='lat' dir='ltr'><strong>uiolentius,</strong></span> <span class='ocrx_word' id='word_1_364' title='bbox 1062 3411 1096 3464; x_wconf 91' lang='lat' dir='ltr'><strong>et</strong></span> <span class='ocrx_word' id='word_1_365' title='bbox 1117 3423 1237 3503; x_wconf 88' lang='lat' dir='ltr'><strong>magna</strong></span> <span class='ocrx_word' id='word_1_366' title='bbox 1259 3423 1318 3484; x_wconf 90' lang='lat' dir='ltr'><strong>spe</strong></span> <span class='ocrx_word' id='word_1_367' title='bbox 1339 3401 1384 3478; x_wconf 79' lang='lat' dir='ltr'><strong>lon]</strong></span> 
     </span>
     <span class='ocr_line' id='line_1_41' title="bbox 202 3483 1384 3626; baseline -0.007 -76"><span class='ocrx_word' id='word_1_368' title='bbox 202 3495 249 3550; x_wconf 90' lang='lat' dir='ltr'><strong>ut.</strong></span> <span class='ocrx_word' id='word_1_369' title='bbox 263 3485 480 3549; x_wconf 87' lang='lat' dir='ltr'><strong>Germanicus</strong></span> <span class='ocrx_word' id='word_1_370' title='bbox 503 3483 623 3547; x_wconf 86' lang='lat' dir='ltr'><strong>Caesar</strong></span> <span class='ocrx_word' id='word_1_371' title='bbox 644 3488 821 3568; x_wconf 89' lang='lat' dir='ltr'><strong>imperium</strong></span> <span class='ocrx_word' id='word_1_372' title='bbox 840 3488 975 3546; x_wconf 86' lang='lat' dir='ltr'><strong>alterius</strong></span> <span class='ocrx_word' id='word_1_373' title='bbox 995 3487 1067 3566; x_wconf 90' lang='lat' dir='ltr'><strong>pati</strong></span> <span class='ocrx_word' id='word_1_374' title='bbox 1089 3505 1129 3547; x_wconf 90' lang='lat' dir='ltr'><strong>ne</strong></span> <span class='ocrx_word' id='word_1_375' title='bbox 1153 3483 1244 3548; x_wconf 80' lang='lat' dir='ltr'><strong>urret</strong></span> <span class='ocrx_word' id='word_1_376' title='bbox 1266 3485 1384 3626; x_wconf 61' lang='lat' dir='ltr'><strong>daretqp</strong></span> 
     </span>
     <span class='ocr_line' id='line_1_42' title="bbox 201 3505 1366 3653; baseline -0.002 -23"><span class='ocrx_word' id='word_1_377' title='bbox 201 3589 236 3632; x_wconf 87' lang='lat' dir='ltr'><strong>se</strong></span> <span class='ocrx_word' id='word_1_378' title='bbox 257 3569 448 3653; x_wconf 82' lang='lat' dir='ltr'><strong>legionibus</strong></span> <span class='ocrx_word' id='word_1_379' title='bbox 468 3569 503 3632; x_wconf 84' lang='lat' dir='ltr'><strong>vi</strong></span> <span class='ocrx_word' id='word_1_380' title='bbox 524 3589 583 3630; x_wconf 89' lang='lat' dir='ltr'><strong>sua</strong></span> <span class='ocrx_word' id='word_1_381' title='bbox 603 3578 722 3630; x_wconf 89' lang='lat' dir='ltr'><strong>cuncta</strong></span> <span class='ocrx_word' id='word_1_382' title='bbox 742 3570 911 3632; x_wconf 84' lang='lat' dir='ltr'><strong>tracturis.</strong></span> <span class='ocrx_word' id='word_1_383' title='bbox 954 3569 1030 3630; x_wconf 91' lang='lat' dir='ltr'><strong>Duo</strong></span> <span class='ocrx_word' id='word_1_384' title='bbox 1062 3505 1151 3650; x_wconf 81' lang='lat' dir='ltr'><strong>apud</strong></span> <span class='ocrx_word' id='word_1_385' title='bbox 1179 3573 1289 3652; x_wconf 89' lang='lat' dir='ltr'><strong>ripam</strong></span> <span class='ocrx_word' id='word_1_386' title='bbox 1318 3568 1366 3630; x_wconf 80' lang='lat' dir='ltr'><strong>uh</strong></span> 
     </span>
     <span class='ocr_line' id='line_1_43' title="bbox 178 3629 1384 3740; baseline -0.005 -26"><span class='ocrx_word' id='word_1_387' title='bbox 178 3653 369 3736; x_wconf 28' lang='lat' dir='ltr'><strong>‘exercitus</strong></span> <span class='ocrx_word' id='word_1_388' title='bbox 393 3659 498 3714; x_wconf 88' lang='lat' dir='ltr'><strong>erant.</strong></span> <span class='ocrx_word' id='word_1_389' title='bbox 543 3649 606 3713; x_wconf 85' lang='lat' dir='ltr'><strong>Cui</strong></span> <span class='ocrx_word' id='word_1_390' title='bbox 628 3669 748 3713; x_wconf 87' lang='lat' dir='ltr'><strong>nomen</strong></span> <span class='ocrx_word' id='word_1_391' title='bbox 770 3651 950 3732; x_wconf 88' lang='lat' dir='ltr'><strong>superiori,</strong></span> <span class='ocrx_word' id='word_1_392' title='bbox 972 3649 1031 3712; x_wconf 93' lang='lat' dir='ltr'><strong>sub</strong></span> <span class='ocrx_word' id='word_1_393' title='bbox 1055 3649 1090 3714; x_wconf 86' lang='lat' dir='ltr'><strong>C.</strong></span> <span class='ocrx_word' id='word_1_394' title='bbox 1114 3651 1198 3714; x_wconf 86' lang='lat' dir='ltr'><strong>Silio</strong></span> <span class='ocrx_word' id='word_1_395' title='bbox 1220 3653 1350 3740; x_wconf 79' lang='lat' dir='ltr'><strong>legato:</strong></span> <span class='ocrx_word' id='word_1_396' title='bbox 1372 3629 1384 3724; x_wconf 81' lang='grc'><strong>11</strong></span> 
     </span>
     <span class='ocr_line' id='line_1_44' title="bbox 202 3731 1384 3836; baseline -0.003 -38"><span class='ocrx_word' id='word_1_397' title='bbox 202 3738 362 3798; x_wconf 83' lang='lat' dir='ltr'><strong>seriorem</strong></span> <span class='ocrx_word' id='word_1_398' title='bbox 382 3734 421 3798; x_wconf 81' lang='lat' dir='ltr'><strong>A.</strong></span> <span class='ocrx_word' id='word_1_399' title='bbox 446 3733 586 3797; x_wconf 87' lang='lat' dir='ltr'><strong>Caecina</strong></span> <span class='ocrx_word' id='word_1_400' title='bbox 607 3736 755 3798; x_wconf 83' lang='lat' dir='ltr'><strong>curabat.</strong></span> <span class='ocrx_word' id='word_1_401' title='bbox 799 3733 957 3836; x_wconf 85' lang='lat' dir='ltr'><strong>Regimen</strong></span> <span class='ocrx_word' id='word_1_402' title='bbox 979 3755 1126 3797; x_wconf 88' lang='lat' dir='ltr'><strong>summae</strong></span> <span class='ocrx_word' id='word_1_403' title='bbox 1148 3738 1199 3798; x_wconf 88' lang='lat' dir='ltr'><strong>rei</strong></span> <span class='ocrx_word' id='word_1_404' title='bbox 1245 3757 1324 3797; x_wconf 88' lang='lat' dir='ltr'><strong>enes</strong></span> <span class='ocrx_word' id='word_1_405' title='bbox 1341 3731 1384 3812; x_wconf 69' lang='lat' dir='ltr'><strong>(id</strong></span> 
     </span>
     <span class='ocr_line' id='line_1_45' title="bbox 201 3757 1384 3904; baseline -0.003 -24"><span class='ocrx_word' id='word_1_406' title='bbox 201 3821 367 3882; x_wconf 90' lang='lat' dir='ltr'><strong>manicum</strong></span> <span class='ocrx_word' id='word_1_407' title='bbox 387 3817 515 3904; x_wconf 85' lang='lat' dir='ltr'><strong>agendo</strong></span> <span class='ocrx_word' id='word_1_408' title='bbox 538 3817 724 3880; x_wconf 87' lang='lat' dir='ltr'><strong>Galliarum</strong></span> <span class='ocrx_word' id='word_1_409' title='bbox 751 3837 865 3880; x_wconf 79' lang='lat' dir='ltr'><strong>censui</strong></span> <span class='ocrx_word' id='word_1_410' title='bbox 893 3827 964 3879; x_wconf 88' lang='lat' dir='ltr'><strong>tum</strong></span> <span class='ocrx_word' id='word_1_411' title='bbox 989 3821 1167 3881; x_wconf 87' lang='lat' dir='ltr'><strong>intentum.</strong></span> <span class='ocrx_word' id='word_1_412' title='bbox 1211 3757 1278 3880; x_wconf 59' lang='grc' dir='ltr'><strong>ἒεά</strong></span> <span class='ocrx_word' id='word_1_413' title='bbox 1308 3819 1384 3902; x_wconf 64' lang='lat' dir='ltr'><strong>quibl</strong></span> 
     </span>
     <span class='ocr_line' id='line_1_46' title="bbox 202 3891 1384 3988; baseline -0.004 -24"><span class='ocrx_word' id='word_1_414' title='bbox 202 3901 305 3964; x_wconf 89' lang='lat' dir='ltr'><strong>Silius</strong></span> <span class='ocrx_word' id='word_1_415' title='bbox 325 3899 574 3979; x_wconf 86' lang='lat' dir='ltr'><strong>moderabatur,</strong></span> <span class='ocrx_word' id='word_1_416' title='bbox 602 3911 714 3964; x_wconf 91' lang='lat' dir='ltr'><strong>mente</strong></span> <span class='ocrx_word' id='word_1_417' title='bbox 734 3902 889 3988; x_wconf 86' lang='lat' dir='ltr'><strong>ambigua</strong></span> <span class='ocrx_word' id='word_1_418' title='bbox 909 3905 1079 3962; x_wconf 85' lang='lat' dir='ltr'><strong>fortunam</strong></span> <span class='ocrx_word' id='word_1_419' title='bbox 1101 3901 1276 3963; x_wconf 83' lang='lat' dir='ltr'><strong>seditionis</strong></span> <span class='ocrx_word' id='word_1_420' title='bbox 1298 3891 1384 3970; x_wconf 69' lang='lat' dir='ltr'><strong>alieni</strong></span> 
     </span>
     <span class='ocr_line' id='line_1_47' title="bbox 201 3981 1384 4068; baseline -0.003 -22"><span class='ocrx_word' id='word_1_421' title='bbox 201 3986 475 4068; x_wconf 84' lang='lat' dir='ltr'><strong>speculabantur:</strong></span> <span class='ocrx_word' id='word_1_422' title='bbox 513 3987 685 4052; x_wconf 84' lang='lat' dir='ltr'><strong>inferioris</strong></span> <span class='ocrx_word' id='word_1_423' title='bbox 700 3986 877 4047; x_wconf 75' lang='lat' dir='ltr'><strong>exercitus</strong></span> <span class='ocrx_word' id='word_1_424' title='bbox 905 3984 999 4046; x_wconf 88' lang='lat' dir='ltr'><strong>miles</strong></span> <span class='ocrx_word' id='word_1_425' title='bbox 1029 3987 1063 4045; x_wconf 89' lang='lat' dir='ltr'><strong>in</strong></span> <span class='ocrx_word' id='word_1_426' title='bbox 1091 3985 1217 4046; x_wconf 90' lang='lat' dir='ltr'><strong>rabiem</strong></span> <span class='ocrx_word' id='word_1_427' title='bbox 1245 3981 1384 4067; x_wconf 70' lang='lat' dir='ltr'><strong>prolapsi</strong></span> 
     </span>
     <span class='ocr_line' id='line_1_48' title="bbox 202 4064 1384 4150; baseline -0.003 -20"><span class='ocrx_word' id='word_1_428' title='bbox 202 4080 262 4148; x_wconf 86' lang='lat' dir='ltr'><strong>est,</strong></span> <span class='ocrx_word' id='word_1_429' title='bbox 286 4077 362 4131; x_wconf 90' lang='lat' dir='ltr'><strong>orto</strong></span> <span class='ocrx_word' id='word_1_430' title='bbox 382 4069 423 4130; x_wconf 90' lang='lat' dir='ltr'><strong>ab</strong></span> <span class='ocrx_word' id='word_1_431' title='bbox 444 4064 755 4131; x_wconf 74' lang='lat' dir='ltr'><strong>unaetvice‘simanis</strong></span> <span class='ocrx_word' id='word_1_432' title='bbox 777 4069 1010 4150; x_wconf 86' lang='lat' dir='ltr'><strong>quintanisque</strong></span> <span class='ocrx_word' id='word_1_433' title='bbox 1040 4068 1140 4136; x_wconf 88' lang='lat' dir='ltr'><strong>initio</strong></span> <span class='ocrx_word' id='word_1_434' title='bbox 1162 4075 1196 4130; x_wconf 90' lang='lat' dir='ltr'><strong>et</strong></span> <span class='ocrx_word' id='word_1_435' title='bbox 1215 4070 1337 4129; x_wconf 70' lang='lat' dir='ltr'><strong>tractis</strong></span> <span class='ocrx_word' id='word_1_436' title='bbox 1357 4077 1384 4148; x_wconf 79' lang='lat' dir='ltr'><strong>pl</strong></span> 
     </span>
     <span class='ocr_line' id='line_1_49' title="bbox 202 4149 1384 4236; baseline -0.005 -24"><span class='ocrx_word' id='word_1_437' title='bbox 202 4173 254 4212; x_wconf 86' lang='lat' dir='ltr'><strong>rna</strong></span> <span class='ocrx_word' id='word_1_438' title='bbox 276 4173 342 4234; x_wconf 95' lang='lat' dir='ltr'><strong>quo</strong></span> <span class='ocrx_word' id='word_1_439' title='bbox 363 4171 406 4214; x_wconf 88' lang='lat' dir='ltr'><strong>ue</strong></span> <span class='ocrx_word' id='word_1_440' title='bbox 428 4170 466 4213; x_wconf 86' lang='lat' dir='ltr'><strong>ac</strong></span> <span class='ocrx_word' id='word_1_441' title='bbox 487 4153 644 4220; x_wconf 76' lang='lat' dir='ltr'><strong>uicesima</strong></span> <span class='ocrx_word' id='word_1_442' title='bbox 663 4152 867 4236; x_wconf 84' lang='lat' dir='ltr'><strong>legionibus:</strong></span> <span class='ocrx_word' id='word_1_443' title='bbox 907 4171 983 4212; x_wconf 90' lang='lat' dir='ltr'><strong>nam</strong></span> <span class='ocrx_word' id='word_1_444' title='bbox 1004 4149 1122 4214; x_wconf 86' lang='lat' dir='ltr'><strong>iisdem</strong></span> <span class='ocrx_word' id='word_1_445' title='bbox 1144 4153 1294 4226; x_wconf 88' lang='lat' dir='ltr'><strong>aestivis,</strong></span> <span class='ocrx_word' id='word_1_446' title='bbox 1330 4153 1384 4212; x_wconf 67' lang='lat' dir='ltr'><strong>iul</strong></span> 
     </span>
     <span class='ocr_line' id='line_1_50' title="bbox 203 4173 1384 4321; baseline -0.001 -27"><span class='ocrx_word' id='word_1_447' title='bbox 203 4235 301 4297; x_wconf 90' lang='lat' dir='ltr'><strong>nibus</strong></span> <span class='ocrx_word' id='word_1_448' title='bbox 322 4173 497 4313; x_wconf 71' lang='lat' dir='ltr'><strong>Uhiorum,</strong></span> <span class='ocrx_word' id='word_1_449' title='bbox 520 4235 726 4298; x_wconf 88' lang='lat' dir='ltr'><strong>habebantur</strong></span> <span class='ocrx_word' id='word_1_450' title='bbox 746 4255 807 4318; x_wconf 85' lang='lat' dir='ltr'><strong>per</strong></span> <span class='ocrx_word' id='word_1_451' title='bbox 829 4237 1016 4319; x_wconf 87' lang='lat' dir='ltr'><strong>otiumaut</strong></span> <span class='ocrx_word' id='word_1_452' title='bbox 1036 4235 1122 4300; x_wconf 82' lang='lat' dir='ltr'><strong>levia</strong></span> <span class='ocrx_word' id='word_1_453' title='bbox 1144 4235 1268 4298; x_wconf 90' lang='lat' dir='ltr'><strong>munia.</strong></span> <span class='ocrx_word' id='word_1_454' title='bbox 1316 4221 1384 4321; x_wconf 81' lang='lat' dir='ltr'><strong>Igitl</strong></span> 
     </span>
    </p>
   </div>
   <div class='ocr_carea' id='block_1_8' title="bbox 202 2373 1384 2736">
    <p class='ocr_par' dir='ltr' id='par_1_10' title="bbox 202 2373 1384 2736">
     <span class='ocr_line' id='line_1_51' title="bbox 202 2373 1384 2598; baseline -0.001 -168"><span class='ocrx_word' id='word_1_455' title='bbox 202 2373 359 2449; x_wconf 87' lang='lat' dir='ltr'><strong>querent.“</strong></span> <span class='ocrx_word' id='word_1_456' title='bbox 396 2373 492 2426; x_wconf 82' lang='lat' dir='ltr'><strong>Freins</strong></span> <span class='ocrx_word' id='word_1_457' title='bbox 514 2412 520 2424; x_wconf 92' lang='lat'><strong>.</strong></span> <span class='ocrx_word' id='word_1_458' title='bbox 541 2407 574 2416; x_wconf 88' lang='lat'>-</span> <span class='ocrx_word' id='word_1_459' title='bbox 610 2373 732 2426; x_wconf 80' lang='lat' dir='ltr'><strong>bibernis</strong></span> <span class='ocrx_word' id='word_1_460' title='bbox 749 2374 922 2428; x_wconf 85' lang='lat' dir='ltr'><strong>redderentur</strong></span> <span class='ocrx_word' id='word_1_461' title='bbox 944 2382 997 2428; x_wconf 93' lang='lat' dir='ltr'><strong>cet.</strong></span> <span class='ocrx_word' id='word_1_462' title='bbox 1019 2377 1057 2430; x_wconf 81' lang='lat' dir='ltr'><strong>ci.</strong></span> <span class='ocrx_word' id='word_1_463' title='bbox 1077 2373 1112 2428; x_wconf 89' lang='lat' dir='ltr'><strong>ad</strong></span> <span class='ocrx_word' id='word_1_464' title='bbox 1131 2393 1156 2430; x_wconf 88' lang='lat' dir='ltr'><strong>c.</strong></span> <span class='ocrx_word' id='word_1_465' title='bbox 1176 2375 1219 2430; x_wconf 78' lang='lat'><strong>16.</strong></span> <span class='ocrx_word' id='word_1_466' title='bbox 1240 2393 1273 2427; x_wconf 88' lang='lat' dir='ltr'><strong>n.</strong></span> <span class='ocrx_word' id='word_1_467' title='bbox 1292 2379 1316 2429; x_wconf 88' lang='lat'><strong>1.</strong></span> <span class='ocrx_word' id='word_1_468' title='bbox 1371 2413 1384 2598; x_wconf 64' lang='lat' dir='ltr'><strong>p</strong></span> 
     </span>
     <span class='ocr_line' id='line_1_52' title="bbox 1371 2603 1384 2736; baseline 0 0"><span class='ocrx_word' id='word_1_469' title='bbox 1371 2603 1384 2736; x_wconf 87' lang='grc'><strong>1</strong></span> 
     </span>
    </p>
   </div>
   <div class='ocr_carea' id='block_1_9' title="bbox 0 0 1418 4794">
    <p class='ocr_par' dir='ltr' id='par_1_11' title="bbox 0 0 1418 4794">
     <span class='ocr_line' id='line_1_53' title="bbox 0 0 1418 4794; baseline 0 0"><span class='ocrx_word' id='word_1_470' title='bbox 0 0 1418 4794; x_wconf 95' lang='lat' dir='ltr'><strong> </strong></span> 
     </span>
    </p>
   </div>
  </div>
 </body>
</html>
