2904 4798
185 253 248 322 548
576 249 822 316 ANNALIUM
841 251 925 316 ΜΒ.
948 251 1009 316 vt.

185 419 234 474 dic
253 417 304 474 Gr.
325 415 444 484 ἐκπλεῖν,
463 413 594 484 ἐξελθεῖν,
613 415 758 486 ἐκβαίνειν,
784 437 811 474 r.
831 435 856 474 c.
877 413 987 471 bruleio
1004 411 1054 470 τὸν
1079 413 1276 484 Ἑλλὴςπονιον
1298 415 1396 471 liet-od

120 491 126 506 ¹
183 493 213 554 b,
232 493 293 548 lta.
313 489 374 544 insi
391 487 507 556 ἐξῆλθον
523 486 574 558 τὴν
589 490 716 559 Περσίδα
729 489 826 561 χώρην
844 487 882 546 id.
903 493 929 556 t,
947 487 1016 556 29‚“
1044 487 1151 542 Wattt.
1177 490 1210 542 ed
1235 493 1278 554 ll,
1304 491 1348 545 95.
1372 497 1399 541 et

185 565 229 628 1²,
247 565 291 619 ea.
329 563 374 616 cf.
393 559 528 614 liuddim.
549 562 616 614 inst.
635 577 727 639 gram.
746 559 779 614 Τ.
799 561 821 614 1.
840 579 870 637 p.
889 563 953 618 998.
972 557 1061 616 Drsk.
1081 560 1117 614 ad
1135 559 1189 616 Sil.
1209 565 1252 626 ll,
1271 562 1332 616 Μ.
1358 561 1398 622 14,

183 635 243 690 499
262 633 362 686 Burm.
381 633 417 687 ed
434 633 517 708 Vis-g.
537 632 608 686 Aen.
629 639 655 698 l,
675 633 735 688 684.
764 641 793 687 et
816 632 878 686 Vel.
903 631 949 686 Fi.
972 633 998 696 5,
1017 633 1079 690 466.
1108 631 1213 684 exisset
1238 632 1313 684 coni.
1331 630 1398 682 Ern

183 701 239 760 Sed
257 707 296 760 ci.
317 703 379 760 lud.
400 703 452 758 111.
472 721 500 756 ι.
525 703 676 758 Verborum
697 703 832 773 Tempora
850 703 888 756 11.
914 721 944 776 p.
964 706 1026 760 eet.

658 827 849 883 CAPUT
883 829 934 882 vis.

264 936 334 1000 lam
355 937 529 1004 Tiberium
551 956 684 1020 corpus,
717 938 783 998 iam
804 937 903 1008 vires,
931 935 1079 998 nondum
1102 933 1322 1004 dissimulatio
1344 933 1397 996 de-

180 1019 322 1084 serebat.
365 1019 456 1084 Idem
477 1021 580 1083 animi
600 1023 714 1108 rigor:
736 1038 889 1082 sermone
902 1037 940 1080 ac
960 1019 1060 1082 vultu
1078 1021 1226 1080 intentus
1253 1019 1399 1100 quaesita

179 1103 349 1166 interdum
385 1105 542 1167 comitate
573 1105 722 1186 quamvis
761 1103 971 1166 manifestem
998 1099 1218 1165 deiectionem
1249 1101 1398 1172 moedau

179 1189 380 1270 mutatisque
408 1189 539 1332 saepius
566 1186 662 1262 locis,
694 1184 827 1248 tandem
856 1183 945 1269 apud
971 1185 1242 1266 prbmontorium
1315 1185 1398 1244 iseui

179 1267 331 1332 consedit
358 1271 394 1332 in
422 1272 459 1332 vi
472 1271 515 1346 le,
550 1271 605 1332 cui
630 1269 670 1332 L.
699 1268 860 1332 Lucullus
951 1267 1071 1332 ondens
1105 1266 1269 1330 dominus.
1328 1265 1399 1327 lllic

177 1369 256 1414 eum
276 1353 544 1436 appropinquare
565 1353 742 1438 supremis,
768 1352 828 1414 tali
849 1369 903 1414 mo
929 1372 948 1414 o
970 1359 1188 1433 compertum.
1231 1349 1312 1412 Erat
1332 1369 1400 1410 me-

176 1432 273 1496 dicus
294 1443 367 1498 erte
387 1437 540 1522 insignis,
562 1437 696 1498 nomine
718 1431 898 1512 Charicles,
919 1453 993 1502 nou
1008 1432 1141 1517 quidem
1168 1451 1288 1518 regere
1309 1433 1399 1494 vele-

176 1515 309 1580 tudines
337 1517 503 1600 Principis
536 1519 663 1596 solitus,
696 1517 829 1580 consilii
856 1525 966 1580 tamen
988 1518 1117 1598 copiam
1138 1517 1310 1598 praebere.
1356 1513 1400 1590 ls,

174 1599 271 1662 velut
292 1603 436 1682 propria
452 1599 494 1662 ad
515 1619 556 1663 ne
601 1603 649 1662 tie
670 1598 862 1686 digrediens
884 1608 918 1662 et
946 1619 1007 1682 per
1035 1600 1178 1680 speciem
1204 1598 1308 1658 officii
1331 1617 1400 1658 ma-

175 1701 257 1744 num
276 1683 483 1766 complexus,
512 1703 556 1766 pu
571 1703 644 1746 sum
671 1702 832 1744 venarum
853 1681 977 1768 attigit,
1016 1701 1123 1764 neque
1151 1681 1284 1742 fefellit:
1323 1700 1401 1742 nam

174 1763 344 1844 Tiberius,
377 1767 543 1830 incertum
571 1785 613 1826 en
634 1767 779 1828 offensus
807 1773 900 1828 teuto
922 1784 965 1828 ue
992 1767 1097 1848 magis
1127 1764 1212 1826 iram
1233 1781 1401 1844 premens,

172 1845 353 1910 instaurari
373 1847 484 1927 motos
505 1848 599 1908 iubet
621 1845 864 1928 discumbitque
885 1785 976 1908 ddtra
989 1847 1138 1923 solitum,
1160 1847 1254 1927 quasi
1274 1843 1401 1906 honori

149 1927 325 2003 ‚abeuntis
355 1928 455 1994 amici
481 1928 658 1992 tribueret.
703 1927 872 1990 Charicles
901 1937 1011 1992 tamen
1044 1929 1113 1990 labi
1146 1929 1305 2009 spiritum
1342 1947 1402 1989 neo

171 2009 263 2074 ultre
283 2007 422 2072 biduum
443 2007 643 2073 duraturum
664 2007 820 2073 Macroni
850 2011 1009 2074 firmavit.
1053 2007 1136 2072 Inde
1156 2017 1276 2071 cuncta
1295 2011 1402 2072 collo·

171 2093 258 2174 qniis
279 2095 371 2154 iuter
416 2099 595 2170 sementes,
618 2094 744 2154 nuntiis
776 2091 866 2174 apud
891 2091 1019 2180 legatos
1049 2099 1083 2154 et
1109 2093 1275 2154 exercitus
1309 2095 1402 2154 festi-

169 2175 348 2237 nsbentur.
404 2173 480 2238 vtt.
502 2173 575 2238 Kal.
596 2173 723 2256 Aprilis
744 2175 925 2236 interclusa
946 2177 1056 2236 enimn
1067 2172 1215 2236 creditus
1236 2183 1288 2236 est
1310 2195 1403 2238 mer-

169 2257 334 2319 telitatem
355 2259 547 2338 explevisse.
584 2256 627 2316 Et
648 2258 966 2344 multogretentum
988 2275 1154 2319 concursu
1174 2254 1217 2324 ed
1237 2257 1403 2339 capienda

118 2339 120 2346 “
169 2339 307 2424 imperii
327 2337 514 2422 primordia
536 2336 572 2403 G.
596 2337 719 2401 Caesar
740 2337 986 2424 egrediebatur,
1016 2359 1117 2422 quum
1139 2349 1277 2421 repente
1300 2343 1403 2402 effer-

169 2429 238 2499 tur,
267 2419 381 2486 redire
401 2421 543 2484 'l'iberio
565 2441 679 2484 vocem
703 2441 742 2483 ac
762 2423 855 2484 visus
875 2423 1067 2503 vocarique,
1107 2423 1164 2504 qui
1191 2423 1403 2485 recreandae

169 2503 348 2568 defectioni
381 2505 492 2568 cibum
519 2507 691 2570 efferrent.
748 2503 858 2566 Pavor
891 2504 970 2566 hinc
999 2507 1033 2564 iu
1067 2523 1191 2580 omnes,
1223 2511 1262 2565 'et
1292 2509 1402 2568 ceteri

168 2589 289 2669 possim
310 2585 470 2672 dispergi,
492 2607 528 2650 se
548 2589 686 2669 quisque
708 2595 868 2648 maestum
891 2595 950 2654 aut
971 2588 1120 2650 nescium
1142 2585 1289 2672 fingere.-
1318 2589 1401 2652 Cae-

168 2690 225 2732 ser
254 2672 291 2732 in
319 2670 491 2732 silentium
521 2670 606 2731 fixus
638 2689 818 2732 asumma
851 2689 910 2751 spe
945 2673 1128 2734 novissime
1165 2675 1400 2752 exspectabat:

169 2753 291 2815 Macro
323 2751 512 2834 intrepidus
534 2753 681 2836 opprimi
709 2771 820 2814 senem
850 2754 977 2832 iniectu
1008 2753 1133 2814 multae
1166 2756 1270 2816 uestis
1306 2756 1402 2817 iubet

169 2833 360 2918 discedique
387 2835 428 2897 ab
456 2836 582 2898 limine.
636 2833 692 2896 Sic
721 2833 884 2898 Tiberius
909 2835 1020 2898 finivit
1049 2844 1169 2898 octavo
1191 2843 1232 2896 ¹et
1260 2845 1398 2920 septua-

167 2921 295 3006 gesimo
317 2920 433 2982 aetatis
463 2937 560 2982 anuo.

238 3041 263 3093 l.
284 3037 346 3090 lom
367 3035 511 3091 Tiberium
528 3049 630 3104 eorpus
650 3061 682 3073 -
697 3029 864 3090 'deserebam
883 3039 1056 3102 „manifeste
1074 3038 1209 3093 imitatur
1227 3039 1397 3102 ldvinuul,

165 3109 210 3166 at.
238 3109 381 3162 Βοιιιιιιιαι
407 3108 534 3177 legiones
559 3108 620 3160 ium
643 3123 707 3175 opes
734 3115 806 3175 teto,
838 3109 960 3162 nendum
984 3115 1077 3162 reses
1104 3125 1174 3162 euro
1192 3109 1398 3164 deemnotf‘

165 3179 237 3233 Ero.
258 3213 291 3226 -
327 3181 465 3246 intentos,
486 3181 523 3235 ei.
543 3179 607 3231 lud.
627 3179 666 3230 11.
686 3197 714 3235 v.
734 3180 890 3236 Intendere.
910 3211 944 3224 -
964 3179 1113 3250 'qoneu'to
1136 3181 1283 3246 comitate,
1311 3199 1342 3232 v.
1362 3179 1398 3234 ad

164 3253 193 3316 3,
211 3253 256 3316 26,
275 3254 301 3308 2.
323 3279 356 3298 -,
393 3251 520 3321 quumvis
537 3249 728 3316 manifestam,
752 3269 782 3303 v.
802 3251 838 3304 ad
855 3255 881 3315 1,
900 3255 944 3317 33,
963 3254 989 3304 i.
1010 3281 1043 3294 -
1081 3251 1278 3318 defectionem,
1310 3270 1339 3304 v.
1361 3252 1398 3304 ad

164 3337 190 3374 c.
211 3323 255 3378 bi·
275 3341 303 3378 ιι.
325 3327 350 3378 l.
371 3349 404 3361 -
441 3321 517 3390 opud
533 3321 759 3389 promontorium
776 3321 886 3374 Miseni
905 3342 926 3378 s.
945 3324 1090 3376 Misenum
1109 3324 1141 3376 in
1155 3321 1326 3392 Gmupsnia.
1349 3323 1398 3377 Cr.

164 3393 228 3449 lud.
248 3393 285 3446 11.
307 3411 336 3447 v.
355 3395 448 3462 Apud.
486 3392 617 3445 Misenus
635 3409 655 3446 s.
677 3392 819 3450 Misenum
845 3407 911 3463 opp.
933 3400 961 3447 et
979 3409 1075 3463 prom.
1102 3393 1194 3460 (Cape
1213 3395 1245 3447 di
1263 3393 1398 3454 sbtieeno)

163 3462 213 3516 ubi
231 3463 333 3518 novole
351 3465 387 3519 sd
405 3466 501 3518 sinum
518 3463 657 3516 Baianum
676 3471 705 3517 et
723 3464 893 3518 Misenensis
912 3465 1012 3518 classis
1029 3465 1064 3518 sb
1082 3465 1128 3518 Au
1169 3471 1214 3518 sto
1237 3464 1281 3518 ibi
1300 3465 1397 3518 eollo-

163 3541 235 3588 cata.
255 3553 284 3587 v.
304 3533 385 3590 Suet.
406 3535 467 3590 Oct.
488 3537 531 3590 49.
550 3533 584 3586 vt
626 3533 723 3590 ‚Aen
743 3539 770 3601 o,
790 3535 842 3592 232
862 3543 905 3605 iq.
924 3535 998 3588 Plin.
1019 3552 1062 3606 ep.
1083 3538 1125 3601 6,
1165 3565 1226 3587 .-
1258 3535 1291 3588 in
1308 3535 1395 3598 mita,

163 3605 210 3658 eoi
233 3605 265 3658 L.
285 3605 418 3660 Luculleas
437 3607 576 3676 quondam
613 3605 723 3660 ominus
739 3607 808 3669 init,
825 3613 910 3660 entes
928 3607 1044 3674 Manios,
1070 3605 1175 3660 deinde
1200 3605 1342 3660 Cornelia
1366 3613 1397 3658 et

162 3693 221 3730 uon
238 3677 331 3732 multo
349 3685 416 3750 post
433 3677 465 3732 1..
485 3676 635 3740 Lucullus,
666 3677 717 3746 qui
740 3694 802 3730 eam
827 3678 996 3754 quingentis
1020 3677 1153 3731 millibus
1179 3677 1337 3732 denarium
1365 3683 1399 3729 et

162 3747 295 3804 ducentis
324 3751 428 3803 emisse
456 3747 573 3801 dicitur.
618 3749 664 3803 lta
688 3747 764 3800 Plut.
792 3748 823 3804 iu
850 3749 941 3804 Mario
969 3763 995 3800 c.
1023 3749 1066 3806 55.
1094 3765 1124 3818 p.
1150 3749 1213 3805 494.
1237 3749 1302 3804 495.
1346 3746 1395 3800 ct.

162 3818 281 3874 Phaedn.
301 3822 327 3886 b,
346 3821 391 3876 36.
410 3819 508 3889 ibique
527 3816 621 3942 intpp.
659 3817 752 3872 Villae
775 3817 863 3872 liuius
890 3819 998 3874 rudere
1021 3818 1118 3872 adhuc.
1139 3825 1268 3884 exstant3
1301 3819 1396 3873 Brut.

163 3889 208 3946 Gi.
228 3891 264 3945 ad
284 3897 327 3955 11,
347 3897 372 3958 l,
393 3895 418 3946 1.
439 3899 469 3944 et
487 3889 568 3944 Suet.
615 3891 654 3946 ib.
675 3893 717 3946 73-
739 3917 772 3928 -
808 3890 932 3943 medices
950 3897 1014 3944 orte
1032 3889 1160 3958 insignis
1181 3889 1294 3944 ιιωιιὲιιι
1315 3887 1397 3942 cbo·

162 3961 256 4028 meles,
275 3963 357 4015 cuius
376 3960 586 4016 rnedicsmente
604 3960 640 4014 ed
658 3961 794 4015 icterieos
812 3979 858 4032 sp.
879 3961 982 4016 Galen.
1001 3959 1037 4016 de
1056 3977 1150 4032 comp.
1169 3961 1243 4016 med.
1264 3963 1292 4025 9,
1315 3965 1347 4024 1,
1368 3963 1396 4016 2

162 4041 294 4098 exstsut3
323 4033 407 4102 liqui.
452 4033 557 4087 Medici
580 4030 775 4086 Romanorum
799 4040 883 4086 erant
904 4035 967 4086 fere
987 4030 1103 4098 Graeci,
1131 4031 1209 4086 serui
1226 4039 1277 4085 sut
1294 4030 1398 4084 liber·

161 4103 229 4170 tini,
239 4111 268 4158 et
281 4102 425 4180 chirurgi.
442 4121 470 4159 v.
481 4102 556 4158 Plin.
564 4106 610 4169 29,
621 4105 645 4159 6.
654 4105 717 4162 ete.
728 4135 761 4146 -
774 4103 1043 4168 valetudinemi
1054 4106 1099 4170 12,
1109 4105 1153 4168 49,
1169 4108 1193 4158 1.
1201 4118 1256 4170 per
1264 4101 1398 4170 speeiem

161 4175 251 4238 officii
259 4195 267 4226 ι
283 4176 399 4240 „nescio
409 4191 445 4228 an
455 4175 560 4228 osculis
574 4191 607 4230 ea
617 4182 696 4227 certe
706 4191 798 4226 mens.
811 4172 889 4228 Suet.
900 4173 964 4230 Tib.
979 4177 1022 4230 79.
1034 4190 1117 4243 quom
1129 4171 1276 4227 Charicles
1289 4187 1307 4226 e
1323 4189 1397 4226 con-

160 4244 235 4366 ssrioip
254 4245 404 4365 eogredieue
421 4259 534 4367 mqqom
551 4243 608 4297 sibi
623 4243 772 4326 osculandi
790 4259 879 4327 euoeo
896 4243 1163 4328 apprehendisset.“
1175 4243 1254 4312 Lips.
1272 4243 1396 4372 ἔθῐέειιι

160 4330 254 4444 fididm
263 4331 336 4439 hosp
343 4317 394 4438 esd
401 4317 1307 4453 dtddcdidddotodidpdddddcidedneadtgcddscdrffnldtddserdndsfi
1319 4317 1394 4446 9.οξ
