2904 4798
270 225 415 289 curus
435 227 527 291 xvr.
550 227 657 292 xvu.
686 231 738 300 (ι.
753 227 791 291 u
811 229 880 297 rso.
905 230 942 294 1.
962 230 997 294 c.
1012 233 1079 311 ss.)
1219 235 1283 298 ,au

61 393 235 455 familiana
270 392 467 479 dignitatem
501 415 539 457 ac
561 399 678 458 tamam
715 415 873 480 praeceps
906 398 1023 476 dabat,
1064 397 1168 460 donec
1205 399 1285 460 tulit

1 549 2 552 Ἴ
61 494 159 556 opem
192 473 313 538 Caesar
348 477 509 560 disposito
542 497 604 560 per
637 499 766 541 mensas
797 481 916 543 millies
947 482 1100 543 sestertio
1133 484 1284 564 factaque

60 557 236 620 mutuandi
268 561 364 640 copia
393 563 464 622 sine
488 564 600 624 usuris
629 581 689 644 per
717 564 916 642 triennium,
945 565 973 625 si
1002 562 1133 626 debitor
1159 566 1283 646 populo

60 643 98 702 in
136 639 274 722 duplum
302 641 448 725 praediis
481 647 631 708 cavisset.
682 644 737 707 Sic
773 650 896 708 retecta
928 645 1023 724 fides,
1060 655 1094 710 et
1125 648 1284 730 paulatim

2 782 4 788 ,
61 727 188 806 privati
226 745 356 807 quoquc
394 725 579 792 erectores
621 730 764 809 reperti:
815 749 921 812 neque
960 731 1085 811 emptio
1124 749 1284 814 agrorum

0 875 1 882 χ
61 809 207 869 exercita
236 807 278 870 ad
305 813 447 872 sormam
475 820 608 873 senatus
630 813 797 890 consuitis
812 813 955 889 acribus,
989 821 1027 873 ut
1055 815 1160 874 ferma
1194 813 1286 890 talia,

61 892 181 963 initiis,
210 893 379 954 incurioso
400 893 476 958 lino.

134 995 158 1047 l.
179 991 256 1044 Hinc
273 991 373 1060 inopia
392 995 436 1046 rei
455 995 601 1048 numeriae
619 1003 675 1048 cst.
695 997 732 1052 ci.
753 995 830 1050 Suet.
850 993 912 1048 Tib.
933 997 976 1052 te.
999 1003 1181 1048 -commoto
1201 995 1288 1048 simul

62 1061 188 1114 omnium
206 1079 271 1116 aere
290 1065 398 1131 alieno,
417 1067 438 1118 i.
453 1084 475 1121 e.
496 1067 564 1120 dum
583 1067 710 1120 creditor
729 1068 851 1138 quisque
870 1067 1024 1136 pecuniam
1043 1065 1184 1121 creditam
1203 1083 1286 1138 repe·

1 1145 2 1172 ι
61 1134 101 1184 tit
118 1133 218 1187 eodem
243 1143 386 1206 ternpore,
414 1146 447 1188 ut
473 1154 540 1191 mox
559 1137 649 1190 tradit
667 1137 798 1206 Tacitus,
825 1137 895 1194 Era.
933 1137 1124 1214 intelligatur
1147 1139 1287 1210 pecuniae

1 1215 3 1244 t
60 1204 191 1258 fenebris
219 1207 293 1259 ratio
319 1209 486 1276 perturbata
510 1227 560 1264 seu
583 1209 748 1280 periculum
779 1210 944 1263 amissionis
973 1211 1113 1279 pecuniae
1145 1210 1288 1276 creditae,

1 1291 2 1316 ι
63 1276 181 1329 Forcell.
203 1310 235 1320 -
255 1279 442 1342 attinebatur,
461 1298 488 1332 v.
509 1280 544 1334 ad
564 1285 588 1345 1,
608 1283 653 1346 35,
672 1284 697 1336 3.
719 1295 751 1323 -2
771 1281 820 1334 Ad
838 1279 896 1346 boc,
914 1289 1076 1351 praeterea,
1096 1279 1138 1346 (v.
1160 1280 1224 1333 lnd.
1245 1279 1285 1333 11.

1 1360 3 1370 ’
62 1365 88 1402 v.
110 1347 166 1414 Aa,
185 1348 229 1416 γ.)
247 1357 361 1402 senatus
377 1353 614 1420 praescripserat,
635 1349 679 1416 (v.
699 1352 734 1405 ad
753 1355 778 1417 l,
797 1353 825 1418 d,
845 1351 887 1418 2.)
911 1359 941 1403 ut
961 1353 1033 1404 daos
1053 1355 1170 1423 quisque
1187 1359 1287 1420 partes

61 1421 179 1486 sennis,
199 1419 228 1477 h.
244 1437 268 1472 e.
287 1423 428 1491 pecuniae
447 1423 498 1475 sub
516 1425 616 1477 senene
635 1421 781 1490 locandae,
806 1423 837 1476 in
857 1423 940 1490 agris
957 1439 1011 1490 per
1028 1424 1147 1476 ltaliam
1164 1423 1287 1476 colloca·

60 1497 116 1556 ret,
134 1509 162 1544 r.
184 1491 220 1544 ad
238 1509 298 1562 cap.
320 1495 363 1548 lli.
383 1512 413 1546 n.
434 1499 458 1550 1.
486 1523 516 1532 -
551 1493 608 1548 Sed
626 1494 783 1548 creditores
800 1495 833 1548 in
852 1493 973 1546 solidum
1000 1496 1179 1564 appellabant
1198 1495 1286 1560 „scil

1 1581 3 1604 2
61 1563 217 1628 debitores,
243 1564 293 1632 qui
320 1566 441 1634 proprie
464 1565 607 1634 appellari
624 1565 772 1632 dicuntur,
801 1583 891 1636 quum
909 1567 1032 1636 pecunia
1057 1568 1093 1620 111
1118 1565 1227 1619 credita
1253 1563 1288 1620 ab

1 1654 3 1678 ι
61 1635 134 1704 ipsis
153 1651 185 1688 re
207 1637 327 1700 oscitur,
347 1653 437 1706 quum
457 1637 492 1690 de
511 1637 655 1692 solutione
673 1645 837 1690 monentur.
858 1635 970 1702 (Germ.
1024 1636 1172 1691 emahnt
1192 1653 1288 1691 wer·

1 1725 2 1728 ¹
60 1705 158 1772 den.)
223 1707 390 1760 otissimum
418 1708 507 1762 illud:
544 1709 653 1776 optima
676 1709 790 1761 nomina
822 1723 876 1761 non
906 1657 1075 1778 appadano
1104 1711 1173 1774 fiunt
1201 1709 1286 1760 mala.

1 1791 2 1818 ³
60 1775 120 1842 (cf.
148 1775 183 1828 Η.
212 1781 236 1843 l,
264 1781 299 1833 2⁰
317 1777 376 1848 pr.)
412 1780 510 1834 Etiam
533 1781 656 1834 solidum
680 1781 834 1852 proprium
859 1781 889 1832 in
916 1778 973 1834 hac
996 1797 1029 1833 re
1047 1780 1179 1846 verbum,
1206 1787 1239 1834 ut
1258 1777 1288 1830 in

60 1846 187 1900 solidum
204 1849 383 1907 soloerecic.
402 1869 432 1922 p.
443 1850 511 1908 Rab.
531 1853 607 1906 Post.
629 1854 672 1908 17.
693 1851 816 1904 solidum
833 1857 930 1921 petere
950 1851 1072 1919 Quintil.
1088 1855 1114 1916 ὅ,
1135 1850 1197 1906 10.“
1217 1850 1286 1906 Ern.

1 1935 2 1940 ¹
60 1917 106 1974 Of.
129 1918 164 1971 ad
183 1923 227 1986 1³,
247 1923 292 1986 53,
311 1924 338 1977 2.
359 1953 391 1964 -
411 1923 539 1977 minuere
556 1923 648 1990 fidem
668 1941 694 1975 v.
716 1921 752 1974 ad
772 1926 814 1987 13,
834 1927 878 1989 31,
899 1927 923 1978 l.

133 2029 159 2082 2.
179 2027 227 2079 lta
241 2028 336 2095 primo
355 2028 534 2084 concursatio
553 2027 618 2084 init.
657 2029 872 2095 „Concursatio
896 2030 1006 2082 dicitur
1024 2029 1059 2083 de
1078 2031 1124 2094 iis,
1144 2029 1290 2099 quianxie

59 2097 193 2152 laborant
211 2098 254 2152 de'
266 2116 299 2153 re
316 2101 424 2171 aliqua,
444 2100 585 2166 adeundo,
604 2101 767 2177 allegando,
787 2101 922 2172 patendo.
956 2099 1006 2154 Sic
1024 2118 1069 2170 ap.
1089 2099 1149 2154 (lic.
1170 2115 1235 2171 epp.
1254 2101 1291 2152 ad

58 2169 122 2225 div.
143 2174 169 2236 1,
190 2175 214 2224 l.
235 2169 354 2224 Libonis
372 2179 400 2226 et
418 2171 547 2241 Hypsaei
565 2187 620 2226 non
639 2173 757 2225 obscura
774 2171 954 2225 contumatia
973 2177 1001 2225 et
1020 2171 1178 2224 contentio.-
1202 2187 1290 2240 quem

59 2241 160 2294 locum
187 2239 304 2294 Tacitus
333 2244 364 2295 in
391 2251 489 2298 mente
515 2241 648 2296 habuisse
674 2241 821 2296 ridetur.“
845 2243 914 2298 Era.
955 2273 985 2286 -·-
1023 2242 1091 2313 quia
1116 2243 1290 2308 feneratores

59 2326 171 2364 omnem
187 2313 334 2379 pecuniam
352 2313 514 2366 mercandis
532 2312 618 2382 agris
636 2313 838 2368 condiderant.-
857 2309 1013 2367 Salmasius
1033 2311 1190 2388 legendum
1228 2319 1291 2366 uta·

59 2385 112 2435 bat
129 2381 160 2434 in
178 2383 341 2436 mercandis
365 2391 395 2438 et
419 2385 539 2437 condere
565 2383 676 2438 dictum
704 2401 889 2455 proponere,
915 2385 1069 2448 collocare3
1100 2382 1149 2436 sed
1166 2383 1215 2436 Pic
1238 2399 1291 2436 ena

58 2454 93 2509 h.
107 2453 127 2508 l.
148 2455 190 2506 ita
209 2456 343 2523 exponit:
362 2487 380 2521 „
386 2457 565 2520 feneratores
583 2471 701 2508 onmem
710 2456 862 2524 pecuniam
884 2455 1082 2518 condiderant,
1106 2453 1291 2508 abscondide-

58 2533 139 2589 runt,
160 2543 196 2578 ns
215 2526 283 2594 quis
300 2535 398 2594 posset
417 2528 452 2579 ab
471 2527 509 2580 iia
533 2526 570 2580 ad
593 2542 682 2594 agros
706 2527 907 2580 obaeratorum
924 2528 1093 2582 mercandas
1116 2528 1219 2580 tenere
1245 2541 1291 2578 su·

60 2613 159 2660 mere,
176 2595 230 2648 hac
249 2596 313 2651 scil.
333 2606 441 2662 mente,
460 2605 501 2662 ut,
521 2615 610 2667 quum
628 2598 681 2652 alii
700 2607 846 2668 emptores
863 2606 987 2670 propter
1003 2597 1144 2668 pecuniae
1162 2596 1290 2666 inopiam

58 2683 123 2720 non
141 2667 357 2733 invenirentur,
377 2668 506 2722 obaerati
524 2683 590 2723 suos
608 2685 693 2742 agros
712 2669 926 2723 feneratoribus
945 2669 1018 2739 ipsis
1043 2675 1221 2745 cogerentur
1246 2667 1291 2720 vi·

60 2740 175 2792 lissima
193 2740 290 2808 pretio
309 2739 445 2793 vendere.
483 2739 560 2793 Hine
577 2739 704 2794 venditio
723 2749 754 2794 et
771 2740 885 2808 emptio,
911 2757 984 2810 quae
1010 2739 1081 2794 alias
1107 2737 1231 2792 remedio
1248 2738 1291 2790 ci-

59 2813 143 2863 vium
161 2827 222 2862 esse
241 2809 346 2876 solent,
365 2810 397 2862 in
415 2812 595 2868 contrarium
611 2817 748 2878 mutatae,
773 2813 882 2882 'quippe
900 2829 974 2884 quae
992 2828 1052 2866 non
1076 2811 1113 2864 ad
1139 2827 1224 2865 suum
1242 2825 1292 2862 cu·

61 2885 168 2952 iusque
186 2880 351 2946 arbitrium,
378 2883 429 2934 sed
451 2881 487 2935 ad
510 2883 692 2936 voluntatem
716 2891 745 2936 et
769 2884 921 2936 avaritiam
946 2885 1145 2937 feneratorum
1164 2887 1292 2936 tautum·

62 2953 149 3008 modo
168 2951 404 3006 exercebantur.“
440 2955 546 3007 Veram
565 2959 661 3006 autem
679 2951 775 3008 Taciti
800 2962 928 3008 mentem
952 2961 1098 3007 assecutus
1125 2959 1169 3007 est
1196 2952 1221 3006 1.
1240 2949 1290 3006 rr.

63 3025 241 3088 Gronovius,
260 3026 310 3094 qui
329 3026 360 3078 in
379 3025 514 3078 Mentissa
538 3024 574 3078 de
600 3041 663 3094 pec.
683 3033 743 3078 vet.
763 3041 825 3095 cap.
847 3031 871 3080 l.
897 3043 926 3095 p.
946 3041 984 3078 m.
1004 3027 1066 3080 417.
1097 3024 1137 3076 ita
1161 3021 1290 3094 disputa·

63 3101 123 3152 vit:
143 3095 264 3162 „Reddit
282 3097 426 3150 rationem
443 3095 611 3162 historicus,
631 3112 721 3166 quare
739 3095 791 3149 SC.
810 3095 845 3150 ad
872 3095 1081 3150 restituendam
1105 3094 1194 3148 fidem
1212 3107 1292 3146 com-

62 3177 197 3242 paratum
216 3165 350 3221 habuerit
368 3169 504 3222 eventum
530 3170 720 3220 contrarium.
764 3168 808 3220 Eo
828 3166 881 3220 SC.
902 3165 1117 3230 continebatur,
1147 3172 1181 3216 ut
1203 3163 1292 3234 (quod

62 3242 142 3295 Suet.
162 3237 250 3302 addit,
268 3255 328 3292 non
346 3237 426 3306 Tac.)
445 3239 589 3293 debitores
608 3241 738 3310 primum
758 3239 826 3292 duas
852 3244 950 3308 partes
976 3239 1050 3291 aeris
1078 3235 1167 3290 alieni
1192 3236 1291 3288 statim

63 3314 223 3377 solverent,
246 3311 322 3382 quod
360 3311 593 3382 romptissimum
612 3310 748 3364 illiserat
767 3317 867 3363 mutuo
886 3317 1003 3378 accepto
1018 3307 1068 3362 sub
1080 3309 1195 3372 usuris3
1213 3305 1302 3378 dein„

62 3385 204 3457 quoniam
224 3385 300 3438 idem
319 3329 371 3439 Sd.
389 3383 626 3452 praescripserat,
645 3381 816 3452 utquisque
835 3381 907 3434 duas
925 3380 1034 3447 teneris
1052 3379 1081 3435 h.
1101 3395 1125 3434 e.
1151 3378 1292 3452 patrimo·

63 3457 109 3510 nii
125 3461 223 3524 partes
239 3455 272 3508 in
290 3455 376 3522 agris
391 3472 443 3523 per
461 3453 580 3506 Italiam
597 3454 758 3518 collocaret,
778 3451 929 3506 commodo
947 3468 998 3506 suo
1016 3452 1121 3506 fundos
1132 3448 1293 3531 venderent

62 3545 100 3582 ac
117 3529 227 3582 retacta
245 3545 281 3582 ex
299 3527 353 3580 illa
370 3527 505 3580 auctione
523 3526 646 3596 pecunia
663 3523 856 3580 creditoribus
874 3525 942 3576 satis
961 3526 1099 3577 facerent.
1136 3521 1199 3574 Hoc
1223 3520 1293 3572 irrr-

63 3610 130 3654 tum
149 3601 240 3654 tuisse
259 3597 385 3653 ostendit
403 3597 531 3662 Tacitus,
551 3598 620 3668 quia
638 3613 724 3650 nemo
742 3593 953 3666 reperiebatur,
981 3593 1031 3665 qui
1072 3595 1173 3647 ecunia
1192 3598 1293 3644 mutuo

63 3673 134 3724 data
152 3671 221 3724 illos
239 3669 306 3724 duas
324 3679 423 3740 partes
442 3668 532 3722 debiti
558 3669 705 3723 soluturos
731 3669 861 3734 iuvaret;
888 3666 974 3736 quod,
1002 3613 1107 3736 quibus
1135 3667 1167 3718 ln
1188 3679 1294 3746 'nume-

63 3751 132 3796 rato
150 3743 242 3808 numi,
262 3741 295 3793 hi
315 3757 363 3794 eos
381 3741 534 3795 condebant
554 3757 593 3793 sc.
614 3743 644 3793 in
663 3757 739 3806 arca,
760 3747 789 3794 et
807 3739 924 3808 quidem
942 3735 1106 3790 mercandis
1124 3750 1207 3805 agris
1223 3731 1253 3783 h.
1268 3750 1292 3786 e.

63 3815 103 3870 ad
121 3814 289 3867 mercandas
309 3829 405 3888 agros,
424 3821 458 3866 ut
475 3812 537 3865 illis
557 3813 614 3882 ipsi
632 3819 787 3877 uterentur
804 3812 1022 3880 pacatioresque
1042 3815 1137 3862 essent
1155 3807 1191 3860 ad
1213 3819 1295 3858 occa·

65 3889 179 3942 sionem
199 3887 347 3940 venalium
365 3901 504 3960 agrorum
522 3885 595 3938 bene
614 3883 809 3938 emendorum.
847 3879 896 3934 Sic
915 3879 1074 3944 eveniebat,
1099 3886 1133 3930 ut
1150 3890 1296 3950 possesso·

67 3975 126 4022 res,
152 3959 203 4028 qui
229 3955 377 4021 debebant,
405 3958 507 4027 iniquo
532 3973 585 4010 suo
610 3963 740 4024 ternpore
767 3953 929 4006 auctionari
958 3957 1148 4026 cogerentur,
1178 3945 1294 4002 atinde
1357 3983 1359 3988 .

64 4029 178 4094 uilitas,
199 4047 254 4084 nec
272 4029 416 4082 refectum
435 4046 472 4082 ex
490 4029 567 4165 apris
585 4027 712 4082 venditis
731 4033 854 4090 tantum,
875 4023 952 4092 quod
970 4017 1294 4076 sufficeretaerialieno

66 4101 192 4166 luendo,
216 4110 278 4153 tum
303 4098 411 4152 eversio
438 4100 482 4152 rei
519 4097 673 4153 umidioris.
717 4095 900 4150 Confirmant
925 4091 999 4145 hanc
1028 4091 1203 4171 sententiam
1228 4088 1293 4154 duo,

66 4191 141 4246 quiae
160 4180 337 4244 sequuntur:
360 4171 444 4242 prius
462 4171 549 4242 quod,
569 4169 636 4240 quia
660 4169 779 4223 deerant
796 4167 906 4237 privati
925 4163 1093 4228 creditores,
1124 4161 1231 4214 milltes
1253 4175 1296 4209 se-

65 4245 202 4299 stertium
218 4243 388 4313 dispositum
402 4259 456 4310 per
472 4257 591 4306 musas,
611 4249 643 4292 ut
662 4237 729 4293 inde
747 4237 907 4315 gratuitum
934 4235 1054 4289 daretur
1079 4235 1111 4288 in
1133 4232 1295 4286 triennium

67 4319 141 4384 illis,
163 4317 214 4387 qui
232 4333 286 4387 pro
305 4321 422 4386 accepta
449 4331 561 4367 summa
582 4312 614 4365 in
633 4311 748 4379 duplum
765 4309 867 4380 populo
894 4323 991 4362 cavere
1014 4304 1144 4375 praediis
1168 4309 1295 4375 possent,
