2890 4790
170 197 232 262 aaa
561 193 809 264 ANNALIUM
839 195 926 264 ΜΒ.
948 195 1011 262 lV.

170 363 264 426 auxit
287 379 375 426 rana
403 363 551 426 rumoria
578 363 800 448 praebuitque
825 363 891 448 ipai
911 361 1100 442 mammam,
1129 383 1193 428 cnr
1220 365 1382 428 amicitiae

171 447 443 530 constantiaeque
464 445 577 509 Seiani
602 449 708 533 magia
728 446 858 510 fideret.
901 447 1136 510 vescebantur
1160 449 1195 510 in
1218 449 1311 526 ville,
1332 451 1383 510 cni

170 529 369 591 vocabulum
401 528 603 612 Speluncae,
645 549 739 592 mare
771 531 990 594 Amnclaunm
1029 529 1122 591 inter
1153 529 1383 614 Fundanoeqae

170 621 299 674 montes
330 613 445 674 nativo
473 615 509 675 in
531 631 642 698 apecu.
684 611 764 674 Eine
786 633 822 676 oa
857 613 958 696 lapaia
987 622 1127 698 repente
1157 615 1244 675 saxia
1277 614 1385 676 obruit

171 693 330 778 quosdam
353 695 536 760 ministros.
579 697 672 762 Hinc
688 703 800 758 metus
823 698 860 758 in
881 715 995 760 omnea
1017 705 1051 757 et
1071 699 1150 784 iuga
1171 717 1303 776 eorum,
1335 699 1385 780 qui

169 779 363 841 convivium
396 779 617 842 celebrabant.
671 778 812 842 Seianae
851 799 939 866 genn
974 779 1136 860 vultuque
1174 789 1210 842 et
1241 781 1384 842 munitm

171 879 273 942 super
306 859 481 924 Caesarem
513 861 692 944 anapenaa'a
733 865 891 944 opposuit
918 881 991 925 aeae
1017 861 1263 941 incidentibna,
1295 871 1384 945 atque

170 943 288 1006 babitu
312 945 373 1006 tali
398 953 555 1026 repertus
591 954 643 1008 eat
678 965 698 1006 a
732 947 911 1024 militibaa,
944 947 1000 1027 qui
1032 944 1182 1008 subsidio
1219 953 1384 1008 venerant.

170 1025 287 1090 Maior
306 1046 346 1089 ex
368 1045 408 1089 co
429 1035 474 1102 et,
502 1047 687 1112 quanquam
708 1031 850 1090 exitiosa
863 1026 1030 1105 suaderet,
1052 1036 1091 1090 nt
1111 1047 1177 1089 non
1200 1030 1256 1089 aui
1279 1031 1397 1089 anxina'

170 1127 247 1170 cnm
267 1110 335 1172 fide
363 1111 573 1173 audiebatur.
617 1111 905 1192 Aesimnlabatque
933 1111 1055 1173 iudicia
1087 1122 1200 1194 partes
1232 1111 1384 1174 adversus

171 1191 362 1255 Germanici
385 1197 537 1278 stirpem,
569 1193 723 1266 anbditia,
752 1195 809 1278 qui
836 1203 1068 1257 accusatorum
1095 1197 1229 1256 nomina
1252 1196 1384 1256 sustine-

171 1285 249 1338 rent
275 1279 481 1360 maximeque
507 1280 755 1340 insectarentur
777 1277 947 1340 Neronem
979 1279 1167 1360 proximum
1192 1279 1384 1340 successioni

147 1355 216 1436 ὀὶ,
238 1379 425 1444 quanquam
447 1360 595 1422 modeata
616 1361 764 1437 iuventa,
786 1360 982 1444 plerumque
1002 1371 1125 1438 manaa,
1148 1361 1233 1442 quid
1250 1361 1286 1421 in
1299 1380 1383 1442 prae-

172 1447 356 1506 sentiarum
384 1443 604 1522 conduceret,
619 1443 797 1521 tablitum,
830 1441 909 1506 dum
939 1461 958 1505 a
986 1443 1118 1506 libertia
1150 1452 1186 1506 et
1217 1443 1383 1506 clientibus

171 1526 367 1608 apiscendae
387 1529 558 1610 potentiae
575 1527 730 1609 properie
752 1527 998 1604 exstimulatur,
1019 1539 1058 1589 ut
1075 1535 1227 1588 erectum
1244 1539 1280 1588 et
1292 1525 1384 1587 fiden-

172 1621 239 1673 tem
270 1612 377 1672 anitni
410 1609 620 1672 ostenderem
657 1609 741 1670 velle
772 1608 806 1671 id
841 1611 1002 1692 populum
1033 1610 1239 1686 Romanurn,
1274 1627 1383 1692 cupere

171 1697 355 1766 exercitum
378 1712 485 1776 neque
507 1711 668 1754 ausurum
685 1699 803 1754 contra
816 1690 985 1773 Seianum,
1008 1695 1064 1776 qui
1085 1713 1175 1754 nunc
1196 1695 1383 1776 patientiam

170 1781 257 1841 aenis
279 1786 313 1840 et
334 1779 511 1864 segnitiam
537 1777 670 1838 iuvenis
691 1778 785 1838 iuxta
800 1777 956 1838 insultet.

241 1883 269 1934 1.
293 1892 364 1930 vana
387 1875 511 1944 mariq
544 1877 581 1930 cf.
610 1874 747 1932 lnd.111.
774 1893 804 1929 v.
830 1876 979 1931 Adiectioa
1005 1883 1102 1932 amru
1123 1891 1173 1946 pra
1200 1875 1338 1933 Sedetani.
1356 1907 1383 1919 -

174 1948 357 2006 Vcarebantar
374 1947 510 2004 'liberine
529 1955 559 2002 et
577 1945 698 2002 Seianae
715 1949 746 2000 ia
762 1948 843 2014 ailla,
869 1949 914 2002 cua'
930 1951 1085 2002 vocabalum
1102 1949 1320 2017 Speluncae,
1342 1948 1383 2000 abi

170 2037 249 2074 nunc
273 2021 428 2088 Sperloaga
451 2037 489 2092 op
510 2019 625 2074 idulum
649 2018 683 2072 ab
711 2037 744 2074 ea
768 2019 880 2074 dictum
907 2029 937 2076 at
960 2039 1040 2076 mara
1057 2021 1267 2085 Amuclanum,
1285 2017 1384 2072 nardi

170 2092 341 2158 Spcrlouga3
365 2092 454 2150 llarcl.
474 2037 510 2146 ad
527 2091 601 2145 Plin.
622 2094 650 2157 3,
669 2093 696 2147 5.
716 2111 738 2146 a.
759 2093 787 2146 3.
806 2093 889 2146 cuiue
914 2093 1001 2148 rerba
1027 2102 1094 2147 aunt
1118 2095 1182 2146 dein
1209 2095 1289 2145 lacae
1309 2091 1381 2158 Spe·

170 2163 293 2218 lancae
317 2179 356 2222 ac.
376 2163 472 2216 ‹lictua
490 2163 608 2218 relabi
635 2170 679 2217 eat
698 2161 843 2234 Spelunca
868 2163 921 2218 illa
946 2164 1058 2218 inclita.
1102 2164 1176 2220 Cum
1201 2163 1271 2217 loco
1295 2171 1382 2216 nostro

170 2237 248 2292 coni.
268 2233 350 2289 Suet.
369 2233 435 2288 Tib.
454 2237 500 2292 33.
519 2237 571 2306 qui
589 2235 759 2300 dicit,·eum
779 2251 913 2290 coenaaaa
930 2235 1010 2288 iaxta
1031 2237 1206 2290 Tarracinam
1232 2235 1263 2288 ia
1288 2241 1382 2304 praeta·

168 2309 222 2373 rio,
242 2309 287 2360 cui
305 2305 501 2374 Speluncae
518 2323 619 2360 nonen.
656 2307 807 2372 „Locutua
827 2314 871 2362 eat
890 2323 970 2362 more
989 2307 1035 2361 aui
1059 2307 1179 2372 saeculi,
1208 2323 1270 2378 qaae
1296 2321 1382 2360 amaea

168 2379 253 2432 uilloc
270 2377 465 2456 elegantiores
484 2385 514 2433 et
531 2394 590 2432 non
607 2378 713 2431 rustici
731 2396 800 2430 naua
817 2379 960 2446 praetoria
978 2379 1081 2434 dictae.
1118 2379 1237 2434 Nomen
1261 2377 1310 2430 illi
1334 2375 1383 2428 vil·

169 2449 248 2504 laea
266 2467 309 2516 re,
329 2449 397 2521 quia
416 2451 554 2520 imposita
571 2449 620 2504 rel
638 2449 773 2504 adiuncta
791 2447 862 2502 huic
878 2451 995 2504 nativae
1015 2449 1178 2522 speluncae.
1218 2449 1255 2503 ld
1282 2457 1382 2502 secutas

169 2523 200 2574 in
225 2523 357 2593 paritura
384 2521 474 2574 villae
498 2521 640 2574 Romanoa
664 2521 751 2576 docet
776 2520 858 2574 locua
885 2519 950 2580 San.
980 2538 1027 2592 ep.
1047 2525 1091 2580 56.
1118 2521 1154 2576 de
1172 2521 1249 2576 villa
1267 2515 1382 2572 Vatini

170 2594 246 2659 δέρε.
274 2591 364 2660 „Add
383 2589 476 2646 Strab.
495 2595 529 2650 V.
549 2609 579 2663 p·
598 2594 660 2650 333.
688 2593 739 2664 qui
758 2608 850 2664 prope
868 2589 1057 2646 Tarracinam
1083 2591 1156 2646 dicit
1184 2609 1248 2646 aeae
1274 2585 1382 2656 σπήλαια

167 2661 345 2737 ὑπερμεγέθη
368 2666 507 2724 κατοικίας
524 2655 647 2736 μεγάλας
665 2667 713 2716 eni
730 2665 888 2724 πολυτελεῖς
906 2663 1072 2736 δεδεγμένα,
1082 2665 1103 2717 i.
1114 2682 1139 2718 e.
1151 2663 1296 2728 triclinia,
1314 2661 1382 2714 diae·

168 2744 222 2802 taa,
246 2753 306 2790 non
323 2733 415 2788 acdea.
435 2734 606 2790 Praetorem
623 2735 735 2788 dicitur
752 2735 827 2788 villa
844 2736 1030 2808 principalia,
1050 2735 1206 2789 interdum·
1219 2750 1291 2788 vero
1305 2734 1382 2788 etiam

168 2825 237 2878 para
255 2807 317 2860 eiua
335 2806 446 2860 cultior
470 2813 500 2862 et
525 2805 638 2860 domini
662 2805 836 2860 habitationi
855 2807 1010 2870 destinata,
1033 2815 1119 2880 atqua
1138 2806 1207 2860 adeo
1227 2803 1380 2860 triclinium

168 2877 336 2932 cubiculum
379 2894 394 2932 e
417 2877 546 2945 domini,
582 2877 823 2948 quamadmodum
853 2869 892 2930 in'
915 2877 1034 2932 urbatus
1060 2877 1178 2933 aedibus
1201 2877 1381 2963 praecipuum

168 2949 317 3006 conclave.
337 2895 382 3004 dl.
403 2947 481 3002 Suet.
502 2951 534 3004 in
552 2948 627 3025 Aug.
646 2952 690 3008 ti.
710 2949 742 3006 in
761 2947 822 3005 cat.
841 2951 886 3006 37.
906 2951 939 3002 in
957 2949 1025 3004 Tito
1043 2953 1070 3008 8.
1096 2955 1125 3004 et
1143 2951 1240 3006 Perae.
1266 2947 1329 3000 diae.
1351 2945 1380 2998 de

166 3023 316 3094 praetorio
333 3021 415 3088 vul,
442 3019 506 3077 15.ιι
529 3021 597 3074 Era.
635 3053 668 3064 -
697 3036 769 3074 marc
791 3019 965 3074 Anicianam
983 3020 1046 3078 edd.
1070 3019 1163 3074 liban.
1182 3024 1209 3077 2.
1230 3021 1256 3076 3.
1286 3025 1315 3073 et
1330 3033 1379 3070 rec.

166 3093 341 3147 mandanae
363 3091 422 3148 MS.
448 3100 479 3148 et
502 3093 545 3149 ed.
568 3091 660 3150 libau.
682 3097 707 3148 l.
735 3094 876 3146 aniciana
901 3093 945 3146 ed.
970 3091 1035 3148 Ber·
1078 3091 1158 3146 Mare
1176 3091 1346 3146 Anuclaaan
1361 3105 1378 3138 s.

166 3165 340 3234 Amyclam
359 3171 390 3220 et
407 3163 434 3218 A
479 3166 580 3218 clueant
598 3165 679 3218 ainus
697 3164 797 3230 maria,
817 3164 865 3216 cui
879 3179 987 3218 nomen
996 3162 1031 3217 ab
1041 3163 1173 3233 Amyclis,
1192 3179 1230 3233 ap
1253 3161 1379 3215 idoiuxta

167 3253 247 3291 mare
266 3236 322 3292 aito
341 3238 422 3290 inter
465 3235 627 3290 arracinam
645 3243 675 3290 ei
694 3237 833 3300 Caietam,
862 3235 939 3305 quod
956 3253 973 3291 a
992 3233 1175 3306 serpentibus
1194 3181 1322 3290 deletum
1338 3227 1378 3282 rel

167 3315 291 3380 propter
308 3306 532 3362 multitudinem
551 3323 653 3360 aarum
671 3307 706 3362 ab
724 3307 829 3360 incolia
855 3306 1003 3363 deaertum
1022 3305 1212 3360 crediderunt
1228 3305 1305 3358 Plin.
1323 3303 1347 3366 3,
1356 3303 1377 3355 3.

85 3399 88 3414 ·
165 3383 193 3442 8,
212 3381 256 3435 33.
276 3377 367 3434 Solin.
386 3383 414 3447 3,
433 3381 477 3435 33
498 3381 524 3443 7,
549 3380 576 3434 8.
602 3376 684 3433 Serv.
710 3378 746 3438 ad
769 3379 853 3453 Via-g.
877 3377 949 3438 Aen.
969 3381 1014 3443 1⁰,
1033 3379 1094 3436 tet.
1120 3377 1221 3430 etalii
1248 3374 1377 3430 lauditia

166 3449 287 3504 Cluver.
314 3449 379 3504 Ital.
409 3457 468 3504 ant.
493 3465 523 3520 p.
545 3451 625 3506 1333.
668 3447 713 3504 Ab
739 3448 794 3502 bac
820 3449 894 3502 urba
920 3449 1053 3507 diversae
1071 3447 1204 3520 Amyclae
1222 3445 1377 3504 laconicae,

164 3517 558 3650 tellite.t.ltt⁰tl¹‘“³
574 3537 624 3644 ..ii
643 3521 960 3658 {tettitttt‘ti
983 3521 1099 3646 :eelz
1117 3517 1377 3644 enitebit

166 3663 286 3720 cilentio
304 3664 427 3734 periiaae
445 3608 640 3734 pezfffiddntur
656 3671 686 3718 et
704 3663 798 3717 dictae
817 3661 927 3718 tacitae.
947 3681 976 3720 r.
996 3661 1098 3732 lleyne
1116 3661 1188 3718 Exc.
1203 3661 1241 3718 11.
1261 3625 1376 3727 adVirg.

165 3735 235 3790 Aen.
251 3733 287 3790 X.
309 3761 342 3774 -·
361 3733 505 3787 Fuadaaoa
522 3741 623 3786 mantea
639 3751 733 3806 prope
751 3733 869 3800 Fundos,
888 3733 955 3794 bod,
975 3733 1072 3797 Fundi,
1091 3747 1160 3805 opp.
1188 3734 1268 3786 inter
1285 3729 1376 3784 'l'arra-

124 3859 129 3866 ,
166 3807 263 3863 cinam
282 3813 312 3862 et
329 3805 462 3860 Formiae
483 3803 520 3858 ad
537 3823 618 3861 mare
637 3807 735 3860 eitum.
766 3837 799 3849 -
827 3804 920 3858 ratim
937 3805 968 3858 ia
984 3819 1077 3874 specu,
1102 3823 1130 3858 v.
1150 3803 1187 3858 ad
1205 3821 1230 3858 c.
1249 3805 1292 3860 65·
1311 3819 1336 3854 n·
1353 3801 1376 3854 3.

166 3905 199 3916 -
218 3879 264 3946 qai
281 3877 432 3930 conuiuium
449 3877 635 3946 celebrabant,
654 3896 682 3933 r.
701 3873 738 3931 ad
755 3893 780 3934 o.
799 3878 842 3934 63.
862 3895 891 3935 n.
911 3881 938 3933 1.

234 3952 262 4004 3.
282 3948 398 4005 samaa
415 3963 489 4014 gerra
507 3979 539 3990 -
559 3964 639 4016 aupcr
658 3949 803 4001 Caesarem
826 3963 980 4018 ruperant,
1006 3953 1157 4014 extentus,
1184 3947 1250 4001 Era.
1287 3943 1376 4013 „tinec

164 4020 272 4091 positio
289 4019 380 4074 facile
399 4021 524 4090 capitur,
544 4021 570 4074 ei
589 4021 701 4096 cogitas
725 4021 868 4082 iacentem
893 4020 925 4074 in
951 4019 1028 4074 lecta
1047 4017 1210 4086 Tiberium,
1237 4023 1270 4070 ut
1292 4013 1376 4070 colent

165 4099 322 4144 reecentca.
360 4089 481 4144 Seianus
500 4093 594 4168 igitur
611 4091 666 4145 tali
684 4089 786 4144 babitu
805 4107 893 4161 nuper
909 4109 987 4156 eum,
1007 4097 1040 4142 ut
1058 4089 1222 4146 tueretur.“
1247 4089 1321 4155 tips.
1348 4109 1374 4120 ··

164 4162 347 4214 incidentibaa
365 4163 451 4218 aazia.
471 4195 505 4204 —
524 4163 623 4216 Maior
641 4177 676 4214 er
693 4179 735 4226 eo,
753 4161 872 4216 maioris
889 4163 1052 4234 potentiae,
1071 4162 1252 4216 aumoritatie
1273 4168 1302 4214 at
1318 4171 1375 4234 gra·

164 4231 517 4368 fflfflffilaedpem
536 4249 594 4369 (Ἦ
613 4249 699 4359 ⁸:1¹:le
706 4243 887 4360 meam
904 4233 1032 4300 dicitur,
1049 4233 1117 4358 Etru
1145 4265 1193 4358 εἷο
1207 4229 1374 4356 aguaaslgzt

165 4319 194 4354 r.
286 4335 295 4368 ,
397 4319 607 4358 .-caate
690 4321 706 4357 e
787 4321 1221 4372 ,maeacmueaurr
1283 4317 1372 4368 3·
