2762 4788
143 211 233 276 XCIV
646 207 873 274 olnnootts

243 379 355 452 Hisce
380 381 500 451 causis
526 377 687 458 internis
711 378 903 451 Secundus
929 387 965 452 et
980 377 1177 466 Matemus,
1203 379 1267 473 qui
1286 401 1371 473 pro-

145 483 332 568 miserant,
371 503 411 550 se
443 491 678 551 exsecuturos
712 503 792 550 esse
826 489 947 574 partes
978 477 1177 550 aMessala
1203 481 1374 567 omissas,

145 590 191 672 (c.
221 579 292 666 16.)
332 580 535 674 adiungunt
569 591 748 652 externas
781 601 857 674 cap.
872 575 1057 656 ‚36-42
1092 579 1138 670 de
1172 579 1311 672 quibus
1340 603 1372 646 v.

145 684 246 754 idem
259 680 488 752 Breviorium
501 677 646 774 dialogi.
674 679 749 751 Sed
764 677 1027 750 interciderunt
1039 702 1116 772 cap.
1131 675 1190 753 35.
1210 689 1376 750 extrema

146 779 320 854 Messalae
341 781 452 850 verba
477 789 514 850 et
536 780 658 874 prima
685 779 744 850 vel
767 775 932 851 Secundi
958 789 995 849 et
1014 778 1182 868 Materni,
1214 778 1274 848 vel
1298 779 1377 849 Ma-

145 883 239 954 terni
252 889 405 953 tanturn.
420 877 477 950 cf.
491 901 527 974 p.
538 877 719 953 LXXXI.
734 890 770 950 et
782 881 826 950 ed
843 903 921 973 cap.
938 875 996 953 35.
1010 902 1047 950 n.
1056 877 1090 952 5.
1107 877 1319 950 etlloederl.
1338 880 1378 950 iu

144 1083 254 1139 habent
276 1081 347 1148 vim,
375 1083 576 1154 persequitur.
620 1081 712 1150 Quum
738 1082 837 1152 itaque
860 1099 877 1134 a
899 1081 995 1153 prima
1019 1081 1145 1152 puerilis
1164 1081 1269 1134 astatis
1290 1089 1379 1152 parte

146 1173 209 1210 rem
227 1153 403 1226 repetiverit
421 1171 612 1226 puerumque,
632 1153 723 1208 donec
742 1169 839 1208 causas
858 1163 967 1230 ageret,
986 1152 1149 1218 deduxerit,
1176 1153 1206 1206 in
1224 1152 1380 1208 ubertim

146 1227 278 1289 materia,
297 1242 371 1294 quae
390 1225 568 1280 educationis
588 1233 617 1280 et
644 1223 818 1280 eruditionis
838 1233 891 1290 est,
916 1224 1119 1295 pertractanda
1137 1231 1289 1278 versatur:
1324 1243 1345 1294 q
1372 1262 1376 1269 .

146 1301 178 1352 in
196 1305 240 1363 re,
259 1304 292 1349 ut
312 1297 401 1350 etiam
419 1298 452 1348 in
471 1295 597 1374 singulis
616 1295 755 1368 querelis,
776 1313 849 1366 quae
871 1296 905 1350 de
928 1312 1088 1368 puerorum
1112 1295 1287 1348 educatione
1317 1305 1362 1348 tm

145 1371 303 1442 depravate
330 1368 406 1438 apud
427 1376 562 1422 nostrum
587 1367 739 1446 leguntur,
772 1385 877 1443 magna
905 1368 985 1422 inter
1013 1385 1079 1422 eum
1102 1373 1131 1420 et
1150 1365 1373 1434 Quintilianum

145 1443 197 1515 qui
225 1458 309 1493 suum
337 1455 409 1512 opus
434 1440 608 1516 aggrediens
627 1441 661 1493 ab
687 1437 785 1494 eadem
805 1455 838 1492 re
856 1447 1081 1512 praeceptorum
1100 1438 1219 1492 initium
1237 1435 1331 1492 duxit
1352 1439 1362 1490 i

146 1513 241 1568 instit.
261 1527 306 1563 or.
327 1513 353 1575 l,
374 1511 458 1577 1.·t.‚
479 1511 642 1564 similitudo
661 1510 830 1564 intercedit.
868 1511 965 1564 Primo
985 1511 1063 1564 enim
1083 1509 1158 1575 loco,
1183 1526 1255 1580 quae
1276 1511 1370 1580 priva

146 1595 194 1640 tae
213 1591 243 1637 et
262 1581 440 1637 domesticae
458 1582 636 1636 educationis
655 1583 730 1636 ratio
749 1599 765 1634 a
786 1581 825 1636 ud
835 1581 979 1636 Romanos
994 1584 1095 1646 fuerit,
1114 1579 1297 1634 describitur
1316 1597 1373 1651 cap

146 1657 275 1716 28-33·
311 1651 366 1708 Res
385 1653 427 1708 ita
445 1653 620 1724 explicatur,
638 1661 672 1706 ut
690 1599 784 1708 simul
798 1651 876 1708 haud
892 1670 984 1725 pauca
1001 1653 1037 1708 de
1056 1653 1203 1708 communi
1228 1661 1259 1706 et
1279 1653 1371 1724 quoti

146 1728 232 1782 diana
256 1724 375 1778 vivendi
400 1725 617 1790 consuetudine,
645 1743 718 1796 quae
745 1723 852 1779 Romae
878 1725 1052 1790 invaluerat,
1077 1725 1106 1778 le
1128 1741 1206 1776 amm
1225 1725 1380 1795 totiusqu

146 1797 323 1853 domesticae
347 1797 425 1850 vitae
449 1795 579 1868 aliquam
604 1795 687 1850 nobis
714 1795 857 1882 tingamus
888 1797 1055 1874 imaginem.
1102 1742 1191 1864 duem
1220 1795 1327 1849 locum
1360 1816 1373 1848 s

147 1872 239 1948 leges,
264 1883 298 1922 eo
325 1867 435 1922 maiore
460 1868 653 1922 delectatione
676 1870 786 1928 truens
811 1869 1030 1940 utilitatemque
1055 1871 1194 1922 rnaiorem
1212 1867 1374 1939 percipies

147 1959 204 2014 quo
222 1939 309 2010 plura
328 1939 429 2006 exiis,
448 1955 522 2010 quae
539 1939 647 1993 tradita
666 1946 734 1992 sunt
753 1941 787 1994 ab
806 1947 935 2004 auctore,
959 1941 1068 1993 nostris
1093 1955 1208 2012 quoque
1231 1946 1296 1994 tem
1322 1941 1373 1994 ori

146 2015 210 2078 bus,
230 2027 302 2081 quae
320 2009 424 2064 iisdem
442 2011 504 2064 lere
523 2011 606 2064 vitiis
625 2011 872 2077 contaminantur,
896 2013 1004 2082 scripta
1024 2028 1085 2065 esse
1113 2011 1273 2064 inveneris.
1296 1959 1368 2064 gra·

147 2083 321 2138 clarissimis
347 2089 377 2136 et
400 2081 570 2136 utilissimis
593 2083 757 2154 praeceptis
782 2084 881 2137 omnia
904 2083 1059 2136 abundant.
1078 2117 1112 2127 -
1150 2081 1225 2149 Quae
1250 2083 1380 2136 secund

147 2156 213 2210 loco
231 2155 326 2225 posita
353 2161 397 2206 est
415 2171 509 2220 causa,
537 2171 570 2208 ea
593 2153 735 2207 aliorsum
756 2163 886 2208 nostram
905 2162 1032 2208 mentem
1051 2153 1189 2220 deflectit,
1216 2153 1255 2208 ad
1275 2155 1377 2210 litera

148 2245 216 2280 rum
235 2225 330 2280 studia
348 2233 377 2279 et
395 2225 477 2278 varia
494 2243 602 2302 genera
621 2226 874 2292 exercitationum,
894 2225 997 2298 quibus
1017 2225 1068 2296 qui
1087 2227 1144 2280 iarn
1162 2224 1379 2280 adolescebant

147 2306 181 2351 ut
197 2299 269 2352 bene
288 2297 429 2362 dicerent,
464 2295 671 2351 erudiebantur
698 2314 760 2368 cap.
781 2299 907 2354 33-36.
946 2295 1001 2364 Qui
1020 2296 1101 2350 locus
1120 2297 1303 2350 arctioribus
1327 2299 1379 2350 cir

148 2368 357 2422 cumscribitur
374 2367 482 2421 finibus
501 2373 531 2422 et
554 2369 586 2420 in
605 2368 850 2422 exercitationum
868 2367 904 2422 ad
928 2369 1127 2440 eloquentiam
1144 2387 1161 2422 a
1203 2369 1313 2424 endam
1337 2389 1372 2422 a·

148 2449 245 2494 tarum
263 2439 419 2516 generibus
440 2439 625 2494 recensendis
644 2439 779 2510 proxime
793 2441 968 2494 continetur.
1001 2439 1090 2494 =ldem
1110 2441 1185 2494 muti
1200 2459 1232 2494 us
1253 2447 1314 2506 est,
1339 2459 1375 2494 se

147 2510 227 2565 haud
244 2528 335 2582 pauca
352 2511 501 2582 proponit,
522 2529 603 2581 quae,
623 2511 719 2581 qualis
736 2513 874 2566 universa
893 2512 1023 2566 omnium
1051 2511 1207 2565 literarum
1224 2511 1378 2566 discenda

148 2601 215 2636 rum
233 2581 310 2654 apud
327 2579 471 2635 Romanos
490 2584 583 2636 tuerit
601 2583 687 2648 ratio,
716 2582 848 2637 indicant
868 2592 897 2637 et
921 2599 994 2654 quae
1012 2601 1029 2635 a
1046 2581 1297 2654 praeceptoribus,
1343 2611 1350 2633 0

149 2655 303 2708 iuvenibus
323 2651 488 2708 erudiendis
507 2654 586 2707 vires
605 2653 783 2722 addixerint,
802 2654 962 2710 utilissime
976 2663 1201 2730 cognoscuntur.
1239 2653 1364 2710 Salubc

148 2728 224 2779 rima
242 2725 344 2778 insunt
362 2725 472 2777 monita
490 2733 520 2778 et
529 2723 760 2792 exhortamenta,
780 2743 853 2796 quae
867 2725 904 2780 ed
921 2735 1021 2780 nostra
1039 2735 1171 2798 tempora
1181 2733 1262 2780 recte
1281 2735 1380 2780 tran

148 2799 296 2850 feruntur.
316 2827 350 2837 -
386 2793 503 2848 Tertius
522 2794 603 2848 locus
622 2795 715 2850 multo
734 2815 780 2850 am
801 2795 860 2850 lior
879 2805 923 2852 est
941 2805 970 2852 et
987 2796 1044 2850 hoc
1063 2815 1213 2852 causarum
1253 2815 1338 2852 enus
1363 2801 1376 2854 i

148 2867 248 2939 plures
267 2866 416 2920 commode
434 2865 578 2920 dividitur
596 2867 714 2938 species.
754 2816 800 2922 Ad
814 2869 945 2939 publicas
970 2870 1049 2924 enim
1068 2887 1115 2923 res
1140 2869 1222 2923 consi
1244 2873 1371 2926 eranda

148 2939 185 2993 ad
203 2938 381 2991 iudiciorum
398 2937 595 2994 Romanorum
612 2941 740 2994 formam
767 2949 797 2996 et
814 2941 1055 2996 consuetudinem
1073 2940 1325 3017 cognoscendam,

149 3019 242 3065 totam
260 3009 334 3076 vim,
353 3027 439 3080 quam
457 3011 596 3064 universa
615 3013 745 3065 civitatis
764 3011 838 3066 ratio
865 3012 900 3065 ad
924 3011 1120 3084 eloquentiam
1138 3012 1315 3066 mutandam
1351 3041 1378 3061 ..

149 3083 223 3150 beat,
245 3081 474 3149 examinandam,
494 3082 674 3153 quinetiam
692 3083 728 3138 ad
746 3083 895 3138 diversum
913 3084 1041 3148 modum,
1061 3100 1118 3154 quo
1138 3083 1269 3138 civitatis
1292 3085 1374 3140 disc

148 3155 241 3226 plina,
282 3170 334 3207 uae
352 3151 385 3205 ab
404 3171 462 3206 uuo
480 3153 598 3231 regitur
618 3163 647 3208 et
674 3173 746 3226 quae
769 3174 786 3210 a
808 3153 955 3225 pluribus,
981 3155 1148 3210 universam
1173 3153 1318 3208 civilium
1347 3178 1381 3211 r:

149 3243 217 3278 rum
236 3173 358 3278 saiutem
376 3232 479 3300 augeat
496 3227 655 3292 minuatve,
687 3228 785 3281 animo
810 3223 1062 3296 complectendum
1088 3243 1138 3280 nos
1158 3223 1288 3280 deducit.
1339 3229 1373 3282 E

150 3297 245 3422 iqitur
262 3297 455 3349 maximarum
475 3304 505 3350 et
523 3298 763 3372 gravissimarum
790 3315 901 3364 rerum,
930 3315 1003 3367 quae
1032 3298 1273 3353 ediversissimis
1298 3297 1376 3355 loci

150 3385 166 3420 a
204 3367 383 3421 educationis
402 3367 525 3434 ratione,
546 3386 562 3420 a
579 3369 733 3422 literarum
754 3368 868 3434 studiis,
888 3386 905 3424 a
923 3367 1220 3494 civitatisdisciplina
1240 3369 1365 3440 dep'ros

150 3447 217 3510 ptus
236 3447 312 3504 sunt,
332 3438 416 3516 larga
435 3455 468 3492 co
490 3439 517 3490 ia
537 3445 567 3492 et
585 3439 681 3493 suavis
700 3439 834 3494 varietas.
856 3473 888 3482 -
926 3439 985 3506 Qua
1000 3443 1102 3496 derum
1120 3459 1139 3494 u
1162 3448 1254 3494 ertate
1275 3451 1322 3495 ut
1346 3465 1369 3498 v

151 3510 245 3586 magis
264 3508 452 3576 delectemur,
469 3456 585 3580 duplici
603 3519 705 3564 auctor
721 3529 789 3564 usus
810 3520 853 3566 est
875 3511 1010 3566 artificio.
1048 3511 1182 3566 Alterum
1208 3512 1241 3564 in
1259 3528 1299 3566 eo
1327 3535 1370 3571 oe

150 3583 242 3644 nitur,
262 3580 340 3650 quod
357 3581 464 3634 amicos
484 3581 683 3654 colloquentes
704 3583 856 3637 admodum
876 3583 1002 3638 diversis
1021 3577 1159 3660 ingeniis,
1177 3582 1304 3638 iudiciis
1331 3608 1380 3644 m

150 3653 289 3722 ribusque
311 3651 418 3718 induit,
451 3652 572 3724 (dequo
592 3673 620 3707 v.
640 3651 663 3719 d.
683 3653 771 3722 XXI.)
798 3655 924 3708 alterum
950 3655 982 3708 in
1007 3673 1051 3722 eo,
1070 3656 1161 3725 'quod
1178 3655 1288 3726 ubique
1315 3659 1380 3714 du

150 3730 267 3788 aetates,
288 3739 359 3793 quae
369 3722 471 3776 multis
486 3725 617 3794 partibus
635 3725 785 3792 differunt,
807 3733 836 3779 et
853 3725 925 3780 duae
944 3728 1062 3794 artium,
1080 3745 1152 3797 quae
1171 3727 1202 3780 iu
1221 3727 1258 3778 iis
1268 3727 1370 3784 flor-u

151 3796 225 3862 rint,
244 3796 372 3848 rationes
395 3795 435 3848 ita
454 3795 509 3849 sibi
527 3803 724 3867 opponuntur,
743 3805 777 3848 ut
794 3796 882 3852 alteri
900 3799 979 3869 parti
997 3797 1030 3852 ab
1050 3797 1142 3855 altera
1160 3797 1271 3852 clarior
1294 3819 1373 3872 qua

152 3867 218 3920 dam
236 3866 288 3918 lux
306 3865 454 3944 affulgeat.
492 3865 637 3939 Quicquid
655 3868 831 3932 consideres,
852 3871 914 3923 sive
933 3867 1130 3940 eloquentiam
1149 3871 1210 3923 sive
1230 3870 1371 3928 educati

152 3955 219 3991 nem
238 3938 301 3991 sive
319 3939 556 3993 exercitationem
575 3941 637 3994 sive
663 3939 838 3993 iudiciorum
855 3941 982 3994 formam
1006 3949 1035 3996 et
1061 3943 1108 3996 rei
1134 3941 1269 4012 publicae
1293 3944 1380 4000 dis

151 4009 276 4080 plinam,
293 4009 401 4082 ubique
418 4009 580 4065 contrarias
598 4019 683 4083 atque
694 4013 841 4082 oppositas
861 4020 891 4065 et
907 4014 1061 4082 praeteriti
1073 4021 1102 4068 et
1119 4013 1284 4084 praesentis
1312 4026 1354 4073 te.

152 4081 233 4152 poris
251 4082 392 4158 imagines
411 4081 592 4136 adumbratas
611 4091 641 4137 et
659 4083 789 4136 diversos
807 4083 994 4154 antiquorum
1013 4092 1042 4138 et
1061 4086 1261 4138 recentiorum
1279 4106 1375 4144 rnor-

152 4151 314 4224 descriptos
332 4151 500 4206 intueberis.
537 4153 647 4222 Quanta
665 4171 681 4208 e
699 4155 879 4208 diversarum
903 4164 933 4209 et
958 4173 974 4210 o
995 4157 1158 4228 positarum
1175 4173 1277 4210 rerum
1306 4179 1369 4219 cm

152 4225 303 4293 paratione
320 4225 477 4278 delectatio
494 4223 531 4278 ad
547 4227 761 4296 peritissimum
771 4243 916 4296 quemque
935 4227 966 4280 iu
987 4229 1062 4282 icem
1080 4228 1223 4284 redundet
1241 4237 1371 4304 etqua

152 4304 216 4347 tum
235 4295 302 4350 inde
320 4313 419 4350 rerum
438 4295 628 4369 locorumque
646 4298 729 4367 copia
747 4305 896 4374 augeatur,
914 4299 1004 4354 tacite
1021 4302 1173 4371 apparet.“
