2904 4798
315 243 458 312 CAPUT
478 243 519 308 L.
534 241 591 306 Li.
625 234 813 320 (mli-79⁰.
834 234 1003 316 1027.)
1204 231 1268 298 519

58 433 139 488 aeque
157 413 262 484 fefellit
282 430 320 468 sc.
341 411 502 466 Tiberiuma
538 407 616 476 „iiic
643 405 733 461 sensit
759 407 859 461 dolum
887 412 916 460 at
942 413 1046 460 arcana
1071 415 1121 456 sua
1147 399 1265 454 tentari.

57 491 130 542 iiiuc
147 488 242 544 tenuit
259 486 409 541 homiaem
427 483 510 554 qrrasi
527 497 617 536 coena
634 479 740 532 viatica
756 481 964 548 prosecuturus
982 483 1012 528 et
1034 471 1180 544 apparatis
1199 485 1268 542 epu-

56 561 94 612 iis
118 577 210 614 secum
237 551 542 620 discumbere'iussit,
572 558 601 605 et
626 549 712 604 solito
739 549 856 628 longius
880 549 912 602 iu
930 545 1063 601 triclinio
1081 543 1207 606 duravit,
1235 549 1268 594 ut

57 649 119 684 eum
137 629 302 706 ambiguum
320 627 455 682 redderet
473 638 560 696 seque
578 621 739 674 firmiorem
757 621 894 692 probaret
907 635 991 690 quam
1009 614 1141 668 fortassis
1160 612 1268 667 arteria

54 702 241 772 promisisset.
281 699 401 766 Quidam
419 695 503 775 gnari
521 709 637 748 morum
655 691 726 755 eius,
745 699 971 764 etquentopere
984 687 1078 742 nollet
1095 686 1199 740 intima
1217 699 1267 738 sua

54 773 141 836 nosci,
160 773 246 826 ctiam
265 771 396 856 graviter
420 767 555 835 offensum
577 763 711 818 dicebant
729 771 768 825 et,
798 769 832 815 ut
849 761 907 815 hoc
924 775 1039 832 quoque
1057 756 1268 838 dissimularet3

54 860 82 894 m
122 844 144 894 ‘s
169 843 378 920 benignitatem
403 849 433 895 ct
464 837 551 892 umict'
579 835 711 890 bonorem
742 833 892 911 fingere.“
916 831 1057 886 67071-
1102 828 1267 881 instaurare

55 931 104 983 epu
116 929 156 979 oe,
174 913 251 979 fieri,
278 912 405 975 institui,
430 910 676 981 pumicosum,
696 905 793 971 (otii.
812 907 840 972 2,
860 907 903 962 38.
923 903 979 969 70.)
1002 900 1052 956 rel
1069 901 1173 1024 potius
1196 913 1268 970 prc-

54 984 130 1038 trahi
153 1000 279 1040 coenam.
316 982 449 1036 Tiberius
474 979 632 1035 Oboriciem
656 992 801 1032 renectere
825 993 860 1029 oc
883 973 1042 1029 recumbere
1087 975 1199 1026 erictus
1224 975 1267 1024 eet

54 1071 216 1126 coenumque
239 1054 389 1124 protraxit
413 1052 492 1108 Suet.
521 1050 585 1108 Tib.
611 1053 654 1108 72.
674 1081 707 1093 -
744 1046 804 1102 lobi
825 1046 960 1116 spiritum
982 1041 1113 1110 vitalem,
1146 1039 1268 1096 brevem

54 1145 115 1181 esso
133 1135 161 1181 et
179 1128 388 1202 augssstiorem,
407 1124 524 1196 pulsum
542 1123 716 1178 arteriarum
744 1119 884 1196 lang-uere
903 1125 932 1173 ct
949 1131 1041 1190 paene
1059 1113 1192 1169 deficere.
1219 1111 1266 1165 Cf.

52 1199 235 1274 &QQL
1195 1245 1199 1254 .

121 1289 146 1343 2.
177 1285 269 1341 xm
291 1287 357 1342 Kal.
385 1285 503 1355 Aprilis
526 1281 583 1340 MS.
612 1283 675 1340 edd.
704 1283 776 1340 Ero.
803 1289 833 1338 et
855 1273 1265 1344 rec.decimoeeptimoKo1.

52 1359 120 1427 Apr.
140 1357 200 1414 edd.
220 1357 283 1415 Ber.
303 1368 333 1412 et
350 1365 404 1411 cet.
423 1366 490 1410 ante
507 1356 579 1412 Ern.
618 1355 674 1410 Sed
691 1355 807 1424 septimo
826 1351 932 1407 decimo
951 1347 1132 1403 scribendum
1150 1345 1180 1401 h.
1193 1345 1214 1402 1.
1233 1351 1268 1398 ut

50 1427 353 1554 1Ρ·ιῗ““ἑ..ἷ“’1ἷὲέ.
361 1437 410 1554 ”ii
421 1425 795 1564 siiiisii‘iniiii'i'uii‘
827 1417 1267 1562 tetttffltttttti

50 1537 143 1637 ctum}
163 1571 220 1624 Iac.
241 1543 326 1625 oren.
364 1571 427 1624 Hoc
445 1586 504 1624 uon
523 1539 704 1642 suspectum:
731 1535 798 1621 nam
816 1566 847 1619 in
865 1511 1061 1618 nufneralibus
1085 1562 1147 1614 sive
1165 1575 1267 1613 nume·

49 1642 93 1694 ris
113 1643 278 1712 compositis
297 1643 395 1696 minor
413 1644 475 1694 sine
493 1647 521 1694 et
538 1641 643 1695 maiori
662 1648 692 1694 et
709 1639 804 1692 maior
831 1653 898 1693 cum
917 1643 944 1690 et
962 1635 1070 1690 minori
1093 1631 1267 1703 plerumque

47 1715 256 1838 2113117.
268 1715 371 1838 {inii
377 1711 504 1838 titii*
520 1711 583 1838 ¹s¹it
599 1711 764 1840 'titii
772 1707 1184 1838 dme'd‘b‘ii'itti
1204 1703 1268 1832 ⁸²1¹?

45 1855 74 1908 6.
95 1852 139 1906 Gi.
157 1801 330 1910 scissioni.
350 1855 449 1910 Gram.
468 1872 496 1925 p.
516 1855 567 1911 321
587 1819 630 1926 ις’.
668 1817 945 1908 Ceterum'euu’sdem
964 1814 1069 1915 morti’s
1088 1847 1166 1902 diem
1185 1811 1266 1903 nou:

46 1925 93 1975 vit
112 1923 188 1980 Suet.
206 1925 270 1979 Tib.
290 1929 332 1982 73.
352 1927 401 1980 sed
418 1926 473 1978 Dio
492 1926 536 1990 58,
554 1927 599 1982 28.
635 1925 702 1978 Vll.
721 1923 789 1978 Kal.
809 1923 880 1992 Apr.
899 1921 931 1993 τῇ
949 1917 1011 1993 ἕκτῃ
1029 1921 1076 1973 καὶ
1093 1917 1200 1990 εἰκοστῇ
1217 1917 1266 1972 τοῦ

44 1997 175 2064 Μαρτίου
193 1991 291 2067 ἡμέρᾳ,
310 1999 436 2050 Zonaras
456 1995 563 2066 εὶκοστῇ
580 1993 629 2046 τοῦ
647 1997 786 2066 Μαρτίου.
806 2025 839 2036 -
868 1991 1023 2045 intercluso
1042 1991 1149 2055 animo,
1168 1998 1201 2041 ut
1219 2005 1264 2060 ap.

44 2066 110 2122 Liv.
128 2067 173 2132 te,
192 2069 219 2120 7.
256 2065 391 2134 spiritum
409 2065 556 2130 (vitalem)
580 2063 770 2118 intercludere
791 2064 855 2118 hir.
881 2066 925 2128 4⁰,
947 2063 987 2118 16.
1005 2065 1051 2118 tt.
1076 2071 1105 2116 et
1129 2060 1265 2128 impedito

43 2141 138 2188 meatu
156 2137 292 2205 spiritum
309 2135 424 2202 finiebat
441 2137 495 2188 inf.
515 2139 558 2198 lt,
578 2139 622 2192 51.
643 2167 675 2178 -
713 2137 836 2204 offertur
854 2167 886 2178 -
907 2135 1055 2202 offerrent,
1074 2135 1112 2188 cf.
1133 2129 1199 2186 lnd.
1209 2131 1263 2188 111.

44 2225 75 2258 v.
99 2207 190 2262 Verbo
210 2207 306 2260 eodem
323 2207 453 2274 repetito.
474 2238 507 2250 -
544 2205 706 2274 defectioni,
724 2207 763 2259 cf.
783 2205 819 2259 ad
838 2222 861 2258 o.
881 2209 926 2263 21.
946 2223 975 2262 n.
988 2209 1012 2261 1.
1030 2203 1086 2260 Res
1105 2205 1166 2275 ipsa
1183 2203 1265 2258 varie

40 2277 158 2334 tradita.
178 2295 206 2331 v.
226 2277 304 2335 Suet.
323 2275 386 2331 Tib.
407 2281 450 2334 73.
471 2308 504 2319 -
543 2277 575 2332 0.
600 2277 709 2330 Caesar
733 2277 765 2330 iu
789 2273 934 2330 silentium
958 2279 1040 2344 fixus,
1068 2293 1097 2328 v.
1117 2275 1152 2329 ad
1172 2279 1197 2339 1,
1216 2275 1263 2340 db,

43 2353 69 2402 l.
91 2381 123 2390 —
160 2349 323 2416 nouissimo,
343 2367 371 2403 v.
390 2349 426 2403 ad
444 2354 470 2415 1,
488 2349 516 2415 8,
537 2353 562 2404 1.
583 2380 615 2392 —
654 2347 817 2418 discedique
835 2349 870 2401 ab
889 2347 997 2414 limine,
1016 2345 1163 2402 discedere
1180 2363 1265 2418 prae·

40 2419 182 2488 toriauos,
202 2420 323 2474 libertos
341 2420 470 2490 aliosque
488 2435 546 2474 uon
565 2419 696 2475 conscios
713 2435 767 2472 uec
784 2419 866 2486 fidos,
892 2427 926 2472 ut
951 2420 1014 2490 ipse
1037 2433 1070 2470 sc
1089 2417 1192 2471 Caesar
1220 2405 1263 2472 se'·

41 2491 143 2544 curius
160 2499 286 2545 mortem
305 2492 369 2545 seni
387 2491 600 2556 accelerarent3
619 2487 696 2545 Pt'cls.
717 2521 750 2532 -
787 2489 837 2544 Sic
857 2489 988 2544 Tiberius
1005 2487 1109 2556 finivit,
1132 2505 1160 2541 v.
1181 2488 1217 2542 ad
1234 2491 1262 2554 2,

39 2565 185 2624 71,1.-
223 2569 320 2616 octauo
338 2569 365 2614 et
383 2561 591 2631 septuagesimo
610 2559 715 2614 aetatis
739 2577 829 2615 cuno.-
856 2561 898 2614 ita
922 2559 1010 2614 etium
1034 2559 1112 2614 Suet.
1133 2557 1197 2613 Tib.
1216 2563 1262 2616 te.

41 2637 72 2684 et
98 2629 222 2704 Eutrop.
249 2636 275 2696 7,
297 2637 322 2692 b.
346 2632 402 2686 Dio
426 2635 472 2698 68,
496 2635 540 2690 28.
566 2631 640 2686 dicit
669 2629 734 2699 idios
764 2627 833 2686 ἑπτὰ
863 2632 910 2685 καὶ
933 2625 1122 2704 ἑβδομήκοντα
1146 2630 1192 2698 ἔτη
1215 2631 1264 2686 teci

38 2703 133 2777 μῆνας
149 2703 283 2776 τέσσαρας
300 2699 467 2776 subripique
484 2699 572 2758 ἐννέα.
593 2703 636 2756 Oi.
646 2702 716 2757 Aur.
726 2704 829 2757 Victor
847 2721 862 2758 e
885 2703 918 2756 it.
938 2719 964 2756 c.
978 2705 1003 2760 2.
1018 2735 1050 2746 -
1065 2709 1133 2772 poet
1150 2709 1262 2772 septua-

36 2774 180 2839 geeimum
191 2782 318 2829 octauum
330 2791 433 2829 cauum
446 2783 472 2828 et
482 2789 603 2830 mensem
615 2781 755 2842 picarium,
770 2783 804 2828 ut
818 2783 847 2830 et
856 2721 933 2831 itin.
944 2773 1042 2828 tradit.
1061 2774 1139 2842 „Dio
1148 2776 1261 2828 verius:

40 2862 110 2898 nam
129 2853 214 2900 natus
232 2845 367 2901 Tiberius
385 2865 410 2900 a.
429 2845 465 2900 U.
486 2848 546 2902 712.
565 2845 629 2899 XVI
646 2845 708 2899 Kal.
727 2845 796 2900 Dec.
817 2845 861 2912 (v.
881 2843 961 2900 Suet.
980 2843 1045 2902 Tib.
1064 2845 1103 2915 5.)
1130 2851 1262 2899 mortuus

38 2923 138 2969 autem
164 2932 306 2972 consensu
329 2918 461 2974 omnium
486 2935 510 2976 a.
536 2919 598 2975 ¹79⁰.
622 2917 710 2970 xvn.
734 2917 797 2971 Kal.
823 2915 895 2986 ripr.
926 2917 1093 2988 Quanquam
1111 2925 1143 2972 et
1159 2915 1261 2970 Dionis

38 2988 168 3040 rationes
186 3003 245 3040 non
262 2989 349 3060 plane
367 2989 402 3042 ad
421 3005 486 3042 eum
505 2987 650 3042 calculum
667 2987 860 3059 pariaveris.“
878 2986 956 3058 Lips.
992 2987 1112 3042 Tacitus
1135 2996 1165 3042 et
1183 2987 1260 3042 Suet.

38 3071 150 3110 anuum
167 3058 245 3113 vitae
263 3069 443 3144 postremum
462 3059 666 3130 imperfectum
684 3076 739 3129 pro
757 3060 891 3130 perfecto
909 3068 1117 3126 numeraruut3
1140 3058 1196 3113 Dio
1214 3075 1261 3113 ac·

38 3129 170 3189 curatius
187 3127 323 3183 debmvit
340 3139 454 3202 tempus
472 3129 550 3184 vitae
569 3139 598 3185 et
616 3137 696 3184 recte
714 3129 841 3184 calculos
859 3130 1006 3196 subduxit,
1035 3131 1060 3184 si
1085 3147 1187 3184 verum
1206 3139 1259 3196 est,

37 3196 117 3264 quod
136 3195 190 3251 ille
209 3200 307 3268 tradit,
326 3199 477 3256 Tiberium
496 3200 601 3258 obiisse
618 3201 873 3272 v11Ka1.Apr.et
890 3203 1047 3272 imperasse
1064 3218 1153 3256 annos
1172 3201 1259 3268 mt,

34 3283 152 3320 rnenses
176 3267 239 3321 vn.
266 3279 296 3324 et
320 3271 382 3326 dies
405 3273 469 3331 VII.
494 3271 553 3336 (lta
578 3290 603 3326 c·
622 3275 666 3329 51.
696 3279 755 3326 tres
778 3275 866 3340 fenne
892 3279 919 3326 et
944 3272 1054 3342 viginti
1077 3273 1193 3342 aanor.)
1212 3271 1257 3326 Gi.

34 3337 165 3422 Reimar.
185 3339 220 3392 ud
237 3339 323 3404 Dion.
342 3345 388 3408 50,
414 3345 459 3400 28.
487 3343 613 3400 Ηιιὰιοιι.
633 3344 669 3398 ad
687 3343 800 3416 Ioseph.
819 3343 853 3396 A.
873 3335 901 3400 i.
923 3347 1012 3412 lm,
1034 3347 1077 3402 to.
1102 3352 1132 3398 et
1156 3345 1259 3422 Regius

33 3415 105 3462 crit.
125 3409 229 3466 Barcn.
259 3411 292 3465 Τ.
312 3413 334 3469 1.
362 3417 454 3486 1229.
589 3459 592 3470 ,

497 3541 691 3597 cetur
742 3545 807 3598 Isi.

121 3643 222 3706 Pater
254 3647 285 3710 ei
311 3647 404 3710 Nero
437 3657 472 3712 et
499 3651 667 3733 utrimque
694 3651 791 3738 origo
819 3653 928 3740 gentis
958 3649 1128 3730 Claudiae,
1156 3670 1257 3734 quau-

29 3735 266 3824 quammater
292 3731 329 3792 in
360 3731 493 3794 Liviam
522 3741 556 3796 et
583 3751 660 3796 mox
687 3732 807 3796 Iuliam
834 3735 993 3798 familiam
1023 3733 1257 3817 adoptionibus

29 3810 224 3873 transierit.
258 3809 360 3876 Cusus
381 3816 490 3896 prima
511 3816 552 3878 ab
574 3816 715 3879 infantia
735 3820 912 3900 ancipites:
934 3837 1010 3879 nam
1031 3819 1258 3901 proscriptum

27 3893 169 3986 petrem
190 3895 284 3956 exsul
304 3905 449 3977 secutus,
482 3899 542 3960 ubi
570 3897 705 3962 domum
732 3901 877 3987 Augusti
904 3903 958 3984 pri
986 3899 994 3916 ‘
1019 3919 1080 3961 ous
1111 3901 1256 3978 introiit,

26 3971 151 4070 multus
173 3975 310 4038 aemulis
332 3983 538 4042 conflictatus
561 3990 622 4059 est,
643 3980 723 4044 dum
738 3981 922 4047 Marcellus
944 3921 1158 4070 effigrippm
1179 4003 1256 4046 111⁰!

27 4051 137 4116 Casus
159 4055 349 4142 Luciusque
377 4059 536 4126 Caesares
563 4065 713 4149 viguero.
755 4066 864 4128 Etiam
895 4069 1000 4130 frater
1026 4069 1098 4128 eius
1124 4065 1256 4130 Drusus

26 4139 253 4238 prosperiore
274 4143 396 4206 civium
417 4165 531 4209 amore
562 4153 645 4210 erat
688 4145 753 4209 Sed
782 4149 924 4215 maxime
950 4152 985 4212 in
1014 4149 1145 4212 lubrico
1174 4151 1254 4238 egit,

24 4227 226 4317 acceptam
247 4229 498 4290 matrimonium
509 4227 608 4308 iulia,
629 4229 871 4314 impudicitiam
892 4235 1007 4295 uxoris
1029 4233 1176 4295 tolerans
1196 4241 1255 4295 eut

24 4299 212 4400 decimans.
234 4305 343 4404 'Dein
364 4309 481 4374 Rhodo
503 4332 675 4399 regressus
697 4333 819 4377 vacuos
833 4313 994 4398 Principis
1015 4323 1150 4398 penates
1171 4313 1253 4379 duo-

25 4381 142 4446 decim
164 4403 271 4468 anuis,
293 4395 441 4456 morrei
467 4393 633 4458 Romanae
662 4395 841 4461 arbitrium
871 4399 979 4462 tribus
1006 4401 1110 4461 terme
1138 4406 1172 4464 et
1203 4401 1252 4462 vi·
