2774 4784
180 173 296 232 nxvtn
678 168 904 234 DIALOGUS

181 349 281 420 theta
305 343 482 417 concinne
516 349 552 412 et
590 349 694 412 acute
718 341 862 429 innexa,
900 341 940 410 in
965 337 1101 434 quibus
1126 336 1277 412 Tacitus
1303 337 1377 408 min'

180 447 249 521 fiee
274 447 346 517 sibi
371 443 500 538 placet,
525 451 568 512 ut
593 463 622 511 c.
651 439 684 512 4.
712 461 796 534 ego,
828 437 889 510 eui
912 433 1093 511 desidiam
1123 434 1377 510 mancationes

181 545 323 636 oblinis,
350 537 600 638 quotidianum
625 535 694 612 loc
715 538 966 643 patrocinium
991 533 1245 631 defendendae
1262 532 1377 608 ‘adon

180 669 244 718 sus
269 658 306 716 te
328 641 504 745 poeticae
529 660 695 728 exerceo,
721 639 797 712 c8.
819 634 981 710 divitiae
1006 650 1043 709 et
1069 659 1173 738 opes,
1198 657 1293 730 quas
1311 635 1377 728 sac

179 745 253 818 lius
284 740 458 830 inuenies,
498 738 561 833 qui
591 739 782 839 vituperet
815 759 920 831 quom
952 737 1014 832 qui
1053 733 1249 828 fastidiat,
1288 759 1320 806 c.
1350 735 1377 806 15

178 843 276 938 [elic
301 837 398 915 illud
422 853 458 911 et
484 859 632 910 aureum
656 834 837 910 saeculum
862 850 898 908 et
925 849 1115 910 cratonem
1148 847 1186 906 et
1219 833 1377 906 crimina

180 945 291 1045 inops
312 939 441 1043 poetis
466 951 505 1008 et
529 935 677 1010 uatibus
703 932 929 1025 abundabat,
964 935 1027 1030 qui
1052 933 1140 1008 bene
1164 934 1275 1028 saeta
1301 957 1377 1006 cans

181 1057 277 1133 rent,
317 1063 390 1114 non
423 1037 485 1132 qui
509 1034 602 1109 mole
635 1033 798 1110 admissa
823 1031 1077 1128 defenderent,
1103 1057 1133 1106 c.
1166 1031 1377 1128 lacinga

180 1165 257 1215 nrm
283 1137 498 1213 adulatione
523 1159 588 1208 nec
613 1133 882 1238 imperantibus
906 1153 1061 1229 unwan
1092 1133 1189 1206 eatis
1223 1135 1327 1206 cerci
1354 1157 1373 1204 o

180 1241 327 1328 dentur,
353 1261 419 1310 nce
443 1233 549 1308 mobis
574 1237 671 1308 sotis
698 1233 819 1325 liberi,
845 1258 874 1304 c.
902 1233 960 1307 40.
987 1234 1178 1307 mactanti
1203 1233 1261 1306 rei
1283 1229 1377 1334 publ

180 1367 246 1416 cac
281 1333 527 1413 Gracchorum
559 1333 766 1430 eloquentia
802 1333 889 1426 fuit,
929 1346 971 1406 ut
993 1345 1195 1434 pateretur
1219 1345 1257 1404 et
1293 1329 1377 1428 lege.

179 1465 248 1514 nec
281 1437 397 1510 bonae
429 1434 583 1526 formam
615 1431 843 1528 eloquentiae
871 1429 1006 1508 Cicero
1040 1429 1112 1506 tali
1143 1431 1246 1506 ecitu
1268 1454 1377 1534 pense

180 1541 261 1622 cit,⁸
286 1579 337 1592 --
361 1535 560 1606 verborum
585 1533 700 1621 hisne,
727 1543 770 1602 ut
794 1555 824 1604 c.
852 1533 886 1606 4.
914 1531 1057 1606 omissis
1089 1531 1293 1625 forensium
1318 1530 1377 1604 Mu

180 1659 305 1712 aarum
342 1632 531 1728 angustiis
566 1633 787 1706 sanctiorem
820 1632 930 1704 istam
968 1644 1005 1702 et
1044 1631 1302 1727 augustiorem
1336 1629 1377 1704 el

181 1736 363 1834 quantiam
396 1730 525 1820 colam,
568 1756 598 1802 c.
626 1730 685 1804 32.
718 1753 790 1804 non
823 1730 1014 1806 exstitisse
1043 1753 1199 1826 unquam
1231 1727 1377 1826 confirm

181 1861 270 1927 eum,
296 1835 358 1930 qui
383 1847 554 1926 tanquam
580 1831 618 1903 in
643 1831 757 1902 anion
783 1827 944 1904 omnibus
968 1831 1083 1904 armis
1108 1831 1329 1922 instructus,
1354 1833 1377 1904 sl

101 1971 104 1976 ·
181 1939 221 2011 in
245 1935 367 2031 farum
393 1927 553 2004 omnibus
579 1929 727 2004 artibus
752 1941 918 2002 armatus
944 1929 1092 2019 exierit,
1118 1929 1167 2000 H.
1186 1930 1223 2020 2,
1249 1930 1312 2006 96.
1337 1953 1377 2002 nn

181 2037 246 2133 gis
270 2031 340 2108 olii
364 2027 522 2104 homines
548 2052 652 2124 quum
677 2027 747 2102 alii
770 2051 902 2118 mores,
926 2027 1012 2122 Agr.
1032 2027 1074 2102 ¹6.
1110 2052 1178 2102 nee
1201 2029 1321 2104 minus
1343 2051 1377 2132 pt

182 2132 335 2209 riculum
370 2155 415 2204 ea
446 2148 583 2218 magna
620 2127 722 2221 fama
762 2151 867 2223 quam
904 2149 951 2200 en
984 2125 1083 2202 suala
1113 2139 1162 2200 et'
1186 2152 1216 2199 c.
1247 2130 1307 2204 19.
1343 2149 1377 2204 ne

76 2229 82 2246 '
211 2257 304 2308 oeno
338 2251 494 2332 semper,
530 2224 598 2300 sed
630 2227 782 2330 saepius
812 2227 1047 2329 poenitentia
1072 2240 1265 2300 contentus
1293 2241 1377 2306 esset

179 2259 237 2408 iu
261 2331 444 2426 Longius,
474 2329 578 2400 cuius
602 2328 751 2400 iudiciis
776 2337 812 2398 et
830 2327 951 2400 verbis
976 2328 1016 2398 in
1041 2337 1128 2398 nota
1148 2323 1195 2412 27)
1222 2329 1376 2422 subiunp

255 2532 295 2602 π)
312 2533 406 2588 Verba
424 2531 527 2588 Orellii
545 2547 581 2609 p.³
594 2498 658 2583 laxi
675 2549 719 2601 sq.
740 2491 821 2584 sunt:
859 2529 1008 2600 ,‚Antiqna
1031 2529 1166 2585 libertate
1183 2548 1293 2585 usurus
1311 2549 1376 2604 aper

180 2605 351 2682 profitebor,
370 2621 416 2657 me
475 2619 550 2674 oque
568 2619 627 2686 non
645 2602 680 2655 ab
698 2601 757 2656 alio
776 2619 863 2672 qiman
886 2621 903 2654 a
921 2597 1023 2654 Tacito
1046 2603 1212 2672 prolectam
1237 2620 1301 2658 esse
1325 2621 1376 2682 egr

180 2683 264 2760 giam
282 2677 363 2729 hune
380 2673 439 2728 libe
453 2674 515 2726 lum
533 2673 678 2726 arbitrari.
715 2671 820 2726 Omnes
840 2679 869 2726 et
888 2673 1047 2726 sententiae
1066 2675 1095 2725 et
1113 2690 1213 2728 sensus
1234 2673 1323 2750 digni
1343 2693 1376 2728 snt

81 2765 85 2774 ’
180 2761 213 2807 st
229 2749 283 2804 tali
300 2748 367 2803 viro
387 2745 488 2799 attali
507 2746 660 2814 scriptore,
685 2759 772 2813 quem
794 2743 992 2798 venerabundi
1017 2745 1190 2814 inspicimini
1212 2753 1304 2816 atque
1332 2749 1376 2801 int

179 2825 269 2878 Luae
291 2825 408 2872 nostros
435 2815 598 2870 familiares
627 2823 725 2868 sancte
751 2814 886 2868 colimus.
906 2845 939 2858 -
975 2813 1084 2868 Recens
1108 2823 1172 2868 tum
1190 2825 1254 2872 erat
1272 2837 1290 2871 s
1310 2818 1376 2874 rhet

180 2913 250 2950 rum
269 2887 377 2946 scholis
402 2893 431 2940 et
449 2903 496 2941 res
514 2885 550 2939 ad
568 2885 681 2940 easdem
700 2904 786 2956 quam
811 2887 937 2940 inaxime
963 2893 1125 2957 spectantes
1144 2889 1296 2946 tractabat.
1337 2891 1376 2956 Qu

179 2967 303 3029 mirum,
331 2961 357 3014 si
376 2977 412 3012 ex
431 2959 469 3012 iis
487 2959 519 3010 in
537 2965 599 3010 toto
618 2957 765 3010 scribendi
787 2975 895 3033 genere
912 2957 1026 3028 aliquid
1049 2961 1218 3012 contraxit?
1253 2961 1376 3016 Manifel

179 3045 332 3110 praeterea
350 3033 452 3086 insum
471 3037 500 3086 et
526 3029 617 3082 multa
642 3029 716 3084 vost‘
741 3030 769 3082 ia
787 3032 914 3086 recentis
933 3029 1069 3084 lectionis
1087 3029 1147 3098 vel,
1166 3032 1192 3086 si
1209 3035 1317 3100 mavis,
1342 3035 1376 3100 im

179 3109 304 3164 tationes
324 3121 446 3176 operum
464 3101 681 3156 rhetoricorum
723 3099 808 3166 allii,
836 3103 886 3168 (cf.
906 3101 983 3171 inpr.
1004 3117 1028 3156 c.
1048 3101 1105 3167 31.)
1133 3103 1159 3156 si
1182 3103 1305 3173 quidem
1323 3105 1376 3158 alit

179 3181 246 3236 lteri
263 3181 329 3231 lere
347 3175 495 3244 nequibat,
524 3189 609 3243 quam
628 3180 662 3224 ut
680 3171 738 3226 tale
757 3173 787 3224 in
810 3175 907 3226 eninm
926 3173 1102 3226 iuvenilibus
1140 3177 1297 3228 raesertinr
1316 3169 1376 3234 anni

179 3251 285 3324 quibus
303 3247 361 3301 hoc
379 3243 551 3316 opuseulum
570 3242 729 3297 elaborasse
748 3189 823 3298 miii
841 3243 968 3309 videtur,
988 3242 1041 3310 (cl.
1061 3241 1084 3309 5.
1141 3247 1190 3308 V.)
1208 3263 1326 3302 summa
1344 3265 1375 3300 eu

179 3319 347 3378 reverentia
365 3333 485 3388 operam
503 3315 586 3368 daret
602 3315 817 3386 perfectissimo
836 3317 895 3370 scri
917 3315 976 3368 tori
994 3333 1117 3385 eumque
1135 3324 1274 3388 tanquam
1295 3319 1375 3372 absol

179 3402 244 3447 tum
264 3387 446 3460 eloquentiae
465 3386 585 3440 Latinae
605 3386 756 3456 exemplar
774 3404 882 3458 sequen
902 3404 952 3438 um
971 3385 1026 3440 sibi
1044 3397 1228 3460 proponeret,
1249 3399 1375 3462 anteque

180 3481 249 3522 suae
276 3470 305 3519 et
328 3459 465 3532 propriae
492 3455 586 3509 indoli
611 3457 728 3510 tandem
750 3473 871 3527 prorsus
899 3457 1051 3512 obsecutus
1075 3459 1109 3512 ab
1133 3461 1220 3512 unius
1239 3461 1375 3516 imitatio]

179 3535 332 3591 recederet
348 3540 437 3602 atque
455 3527 615 3582 maioribus
640 3545 673 3581 ac
695 3546 767 3583 vere
785 3531 912 3584 aeternis
934 3530 966 3582 in
985 3532 1105 3600 scriptis
1124 3549 1154 3586 se
1173 3533 1271 3602 ipsum
1290 3541 1375 3606 praet

178 3617 292 3662 eeteros
320 3603 499 3673 exprimeret
523 3599 573 3652 vir
597 3601 847 3676 generosissimus.
874 3627 907 3638 -
952 3601 1060 3655 Verum
1084 3603 1164 3673 ipsse
1194 3603 1266 3658 illae
1292 3605 1375 3660 schol

177 3676 343 3733 rhetoricae
363 3681 393 3727 et
410 3669 586 3724 imitationis
606 3669 700 3724 studia
718 3672 821 3726 multis
846 3672 949 3741 utique
967 3673 1132 3743 perniciosa
1155 3674 1292 3730 divinum
1311 3677 1375 3730 Tsci

177 3749 332 3836 ingenium
357 3751 498 3815 provecta
521 3741 626 3796 deinde
649 3749 742 3796 aetate
760 3743 936 3796 adiuverunt
953 3745 1052 3814 potius
1077 3761 1166 3815 quam
1184 3761 1375 3818 oppresserat

177 3819 377 3888 Quintilianus
395 3813 504 3868 scholis
524 3829 592 3866 sane
609 3829 679 3883 pars
706 3815 842 3884 superior
859 3813 987 3882 Tacitus,
1006 3833 1103 3884 quesn,
1132 3817 1158 3872 si
1175 3815 1227 3872 liic
1251 3819 1375 3891 eliquati

177 3891 325 3948 aberravit
342 3907 359 3942 a
377 3903 447 3940 vera
465 3884 603 3938 dictionis
628 3899 741 3947 norma,
764 3885 949 3954 postmodum
975 3887 1027 3940 vix
1050 3905 1091 3940 un
1201 3891 1294 3968 fugit,
1327 3891 1375 3962 qui

177 3981 269 4036 quum
289 3977 356 4015 suae
374 3957 468 4011 indoli
486 3956 675 4027 potissimum
693 3956 884 4023 mfisfacerst,
912 3958 1000 4012 etiam
1025 3975 1060 4013 es
1079 3905 1234 4016 rfflmm
1253 3979 1341 4018 scena
1360 3975 1375 4024 st

177 4033 370 4096 sciscendum,
389 4029 460 4098 quid
477 4025 605 4082 studiose
629 4025 818 4080 devitandum
844 4036 926 4084 esset.
963 4027 1035 4084 Tris
1057 4029 1198 4086 videlicet
1221 4033 1321 4088 veluti
1348 4033 1375 4096 el

176 4115 275 4161 menta
292 4103 356 4160 stili
373 4099 502 4154 Tacitini
521 4097 656 4170 equidem
674 4113 810 4173 gnoson,
828 4097 1015 4166 historicum,
1029 4100 1220 4169 rhetoricum,
1239 4107 1375 4176 poeticurt

177 4195 251 4250 quse
269 4171 412 4251 singulari
429 4183 493 4226 erte
511 4169 631 4224 miscuit
647 4175 736 4238 atque
754 4169 834 4224 inter
852 4187 883 4226 ss
902 4174 1088 4242 temperarit,
1117 4175 1159 4229 its
1175 4184 1210 4228 nt
1228 4177 1321 4248 ipsius
1341 4175 1375 4230 su

177 4251 259 4304 limis
283 4263 366 4300 mens
391 4242 484 4298 libers
511 4241 714 4296 dominaretur
742 4239 903 4298 elocutioni
921 4260 975 4314 per
992 4261 1113 4318 eamque
1131 4263 1248 4319 semper
1273 4249 1374 4302 claro¹
