2872 4792
158 233 302 303 CAPUT
323 232 702 300 LXXX11.LXXXIII.
745 232 1141 314 (A-U.772.A.C.19·)
1196 236 1261 304 245
1345 315 1346 321 .
1391 305 1392 310 ,

47 400 81 468 li,
101 359 239 456 scih-ulii
258 400 317 457 isti.
340 401 532 469 madidi,
553 409 577 458 1.
608 435 641 446 -
660 401 817 456 moliuntur
834 403 1103 472 temptornmJores,
1131 419 1159 455 v.
1178 401 1214 456 sd
1233 407 1258 468 1,

46 476 86 537 39,
107 478 129 527 l.
167 475 313 542 „Vespere
330 471 403 526 haec
420 481 501 549 gesta
525 483 689 538 antoecis,
718 483 747 528 st
765 482 829 526 tum
847 475 943 532 clausa
965 475 1083 543 templa.
1113 471 1157 529 Gt.
1177 473 1257 528 Suet.

47 545 102 598 Gal.
125 545 174 599 d.“
197 543 279 611 Ls'ps.
310 544 459 612 implores
481 545 565 607 liores
583 575 616 586 -
628 546 707 614 fulsi
735 545 793 600 MS.
831 577 860 588 -
896 544 972 598 luoit
996 545 1058 600 edd.
1084 561 1141 599 rec.
1175 543 1258 597 Iuncu
1352 599 1357 610 ,
1397 571 1399 578 .

47 614 103 668 add.
115 625 172 670 vet.
184 616 299 684 sthips.
312 621 336 670 1.
357 647 390 657 —
404 616 610 681 aeditualem,
628 617 854 682 v.a‹112‚49,1.
874 649 906 658 -
919 617 1031 669 obstitit
1041 616 1138 682 falsis,
1152 634 1259 669 vanum
1299 664 1304 672 .

46 704 189 740 rumorem
212 687 354 752 inhibuit;
378 688 450 740 Ern.
479 720 512 731 -
533 689 619 741 donec
643 694 767 757 tempore
791 703 825 739 uc
849 688 944 756 spolio
966 692 1161 754 senescerent,
1184 685 1215 743 h.
1230 705 1255 742 e.

46 759 180 842 temporis
200 760 306 828 spatio:
325 777 393 811 nam
411 760 486 811 fama
506 759 585 812 uires
604 759 721 829 quidem
740 777 774 812 ac
794 760 868 826 uirit
887 757 990 822 eundo,
1010 759 1060 810 sed
1077 774 1169 840 parvo
1185 766 1258 811 tem·

45 845 118 898 puris
138 831 230 900 spatio
242 831 387 896 vanescitq
414 829 497 886 nott.
516 849 545 900 p.
565 833 608 885 33.
631 831 676 883 Cf.
696 829 759 886 lnd.
774 778 834 883 ill.
852 849 881 886 r.
901 829 1111 897 Hendiudyosn.
1148 827 1257 900 Accipe

45 901 198 970 potiuspro
209 903 391 971 synonymis,
405 919 477 982 quae
492 921 536 973 ap.
549 901 608 955 cic.
624 909 653 956 et
663 901 735 955 alios
747 901 790 955 sic
800 919 882 972 saepe
888 902 1125 980 ¹coniunguntur-s
1147 898 1255 954 Watrt.

427 1021 620 1099 casus
668 1005 875 1098 nxxxnu'

121 1149 288 1230 Honores,
322 1159 362 1212 ut
389 1152 460 1234 quis
488 1171 602 1214 amore
623 1153 657 1212 in
681 1149 916 1214 Germanicum
938 1159 997 1214 aut
1017 1152 1151 1236 ingenio
1173 1151 1257 1212 vali·
1330 1195 1333 1212 .

45 1231 111 1312 dus,
132 1236 260 1316 reperti
280 1233 485 1316 decretique:
507 1242 546 1296 ut
566 1253 688 1316 nomen
710 1237 781 1296 eius
804 1233 929 1296 Saliari
951 1236 1099 1296 carmine
1121 1253 1257 1296 cancre·
1302 1269 1306 1278 ·

45 1323 111 1378 tur:
140 1316 233 1378 sedes
262 1317 395 1378 curules
423 1317 633 1380 sacerdotum
654 1318 705 1379 Au
770 1319 887 1379 talium
909 1318 991 1379 locis
1013 1335 1183 1399 superque
1203 1335 1257 1378 eas

46 1389 199 1480 qnercebe
219 1397 363 1462 coronae
391 1408 634 1462 statuerentur:
670 1402 704 1462 lu
729 1421 766 1462 os
788 1399 960 1462 Circenses
982 1399 1110 1461 eburna
1130 1401 1278 1483 efligies

46 1484 203 1564 praeiret:
230 1501 314 1544 neve
335 1483 408 1566 quis
428 1485 547 1545 flamen
569 1491 627 1545 aut
647 1503 756 1570 augur
776 1485 812 1544 in
842 1484 954 1545 locum
975 1481 1164 1545 Germanici
1193 1483 1257 1542 nisi
1300 1553 1304 1564 .

65 1568 147 1629 entis
185 1565 289 1627 Iuliae
323 1575 507 1629 crearetur.
550 1565 658 1648 hrcus
686 1565 791 1628 additi
819 1566 942 1627 Romae
969 1574 1002 1626 et
1028 1561 1258 1646 apud‘ripam

45 1585 145 1709 libeni
173 1659 207 1710 et
233 1651 268 1709 in
297 1657 411 1710 monte
432 1649 552 1728 Syriae
572 1650 699 1710 Amano
729 1670 804 1710 cum
824 1651 1045 1730 inscriptione
1066 1667 1181 1710 rerum
1202 1667 1258 1734 ge-

45 1743 164 1793 starum
184 1751 223 1792 ac
242 1739 369 1794 mortem
390 1725 430 1789 ob
445 1727 677 1804 rempublicam
689 1729 823 1794 obiisse:
846 1731 1036 1810 sepulcrum
1049 1729 1256 1804 Antiochiae,
1340 1787 1342 1792 .

44 1811 98 1870 ubi
119 1817 302 1870 crematus:
333 1809 484 1872 tribunal
503 1810 726 1892 Epidaphnae,
748 1830 812 1892 quo
834 1815 869 1870 in
892 1812 966 1871 loco
988 1814 1092 1870 vitam
1113 1811 1255 1872 linierat.

46 1891 232 1952 Statuarum
253 1893 456 1970 locorumve,
489 1893 524 1952 in
545 1895 616 1976 quis
639 1894 844 1971 colerentur,
879 1893 966 1954 hand
987 1894 1082 1953 facile
1103 1895 1176 1975 quis
1198 1913 1258 1952 nu·
1345 1921 1349 1928 ·

46 1994 167 2035 merum
190 1977 315 2037 inierit.
358 1975 466 2039 Ouum
489 1985 685 2057 censeretur
707 1976 833 2056 clipeus
860 1993 944 2035 auro
971 1983 1005 2034 et
1026 1974 1257 2060 magnitudine

46 2059 178 2144 insignis
200 2060 290 2119 inter
310 2067 463 2120 auctores
479 2059 696 2140 eloquentiae,
719 2060 925 2120 asseveravit
936 2057 1107 2136 Tiberius,
1129 2057 1257 2120 solitum

43 2161 204 2223 paremque
238 2144 353 2203 ceteris
387 2141 575 2203 dicaturum.
624 2143 734 2222 Neque
766 2144 846 2203 enim
880 2139 1089 2222 eloquentium
1122 2141 1258 2218 fortuna

45 2225 189 2301 discerni,
227 2234 258 2286 et
285 2227 368 2286 sotis
394 2225 532 2301 illustre,
566 2226 596 2287 si
622 2235 743 2285 ueteres
771 2226 857 2286 inter
877 2227 1053 2303 scriptores
1074 2220 1255 2287 haberetur.
1351 2287 1355 2292 .

45 2307 199 2389 Equester
219 2305 303 2370 ordo
325 2327 452 2369 mneum
474 2307 659 2370 Germanici
679 2307 870 2388 appellavit,
902 2308 959 2390 qui
986 2307 1148 2368 Iuniorem
1169 2309 1256 2371 dice-

45 2389 149 2468 batur,
181 2393 401 2473 instituitque,
429 2392 481 2451 uti
507 2397 639 2451 turmae
660 2387 774 2451 Idibus
795 2389 891 2449 Iuliis
913 2391 1093 2474 imaginem
1115 2391 1186 2451 eius
1208 2409 1256 2452 se-

45 2481 230 2553 querentur.
273 2473 433 2555 Pleraque
456 2481 606 2539 mauent:
630 2470 788 2555 quaedam
809 2473 922 2533 statim
943 2473 1066 2534 omissa
1087 2480 1176 2551 sunt,
1198 2481 1258 2535 aut

45 2563 187 2618 vetustas
215 2555 417 2620 obliteravit.
767 2574 771 2580 ·

112 2678 137 2730 1.
157 2673 338 2727 Honores-
358 2674 482 2728 decreti:
513 2672 597 2740 „eius
616 2671 685 2726 SGti
704 2671 845 2742 reliquias
871 2689 899 2725 v.
929 2689 973 2743 ap.
994 2671 1134 2729 Niebuhr.
1154 2672 1255 2729 Rhein.
1329 2707 1332 2714 ·
1426 2711 1427 2722 .

45 2745 109 2798 lius.
129 2746 152 2800 1.
174 2763 202 2817 p
220 2747 403 2802 sss-³54*
420 2745 502 2799 Bett.
524 2775 555 2788 -
574 2751 605 2796 ut
625 2761 723 2798 nomen
741 2744 803 2796 eius
820 2742 934 2796 Saliari
950 2743 1077 2797 camnine
1093 2751 1256 2798 cernetur:

45 2817 112 2886 „qui
138 2817 231 2872 honos
254 2833 313 2870 non
336 2817 395 2870 nisi
418 2816 585 2870 nominibus
609 2815 738 2881 deorum,
767 2823 800 2868 ut
825 2823 855 2867 et
871 2815 956 2869 Vero.
989 2835 1017 2870 v.
1044 2814 1200 2886 Capitolio.
1226 2817 1257 2869 in

46 2887 145 2942 Anton.
176 2887 252 2940 Phil.
283 2905 309 2940 c.
328 2887 395 2944 alf‘
417 2887 498 2956 Lips.
525 2887 568 2939 Cf.
596 2886 652 2939 Ilio
677 2889 722 2952 51,
750 2889 793 2942 to.
819 2884 936 2941 Gasaub.
971 2895 1001 2940 et
1027 2883 1192 2963 Schweigh.
1222 2886 1258 2940 ad

47 2957 144 3012 Athen.
163 2963 192 3022 6,
214 2962 255 3014 ld.
293 2959 396 3024 „Idem
414 2960 501 3030 petiit
519 2959 676 3011 Mamurius
694 2959 840 3010 Veturius.
860 2975 887 3008 v.
908 2957 983 3009 Plut.
1002 2958 1035 3009 in
1052 2958 1155 3010 Numa.
1195 2957 1258 3010 Hoc

46 3047 111 3084 vero
129 3033 249 3084 nomine
274 3030 435 3106 significari
451 3027 629 3083 'Memoriam
652 3037 784 3082 veterem
801 3029 894 3080 Varro
913 3025 986 3080 ait.“
1009 3027 1108 3080 Aur-el.
1146 3027 1257 3082 Saliare

46 3118 157 3156 munau
186 3103 284 3173 prisco
309 3117 442 3156 sermone
468 3101 633 3156 confectum
661 3119 677 3152 a
696 3099 782 3153 Saliis
806 3097 977 3150 saltantibus
1001 3099 1065 3152 cani
1090 3097 1199 3152 solebat
1225 3100 1257 3150 in

46 3169 182 3226 honorem
200 3174 309 3228 Martis.
336 3173 379 3239 Oi.
405 3173 468 3226 loca
491 3174 575 3226 class.
600 3171 635 3224 de
654 3169 739 3223 Saliis
758 3169 877 3237 Dionys.
903 3167 967 3221 Hal.
985 3171 1011 3234 7,
1031 3171 1074 3223 711.
1101 3177 1130 3222 et
1147 3169 1210 3223 Lis.
1231 3174 1257 3234 1,

47 3245 85 3298 2⁰.
103 3247 144 3300 27.
164 3260 296 3316 necnon
315 3243 409 3315 intpp.
428 3243 499 3299 Hor.
519 3243 564 3296 od.
585 3247 610 3308 l,
629 3244 674 3306 36,
695 3243 736 3297 17.
755 3241 784 3306 4,
805 3244 830 3305 l,
848 3241 892 3295 78.
913 3247 943 3293 et
961 3239 1085 3310 sapisti,
1105 3243 1129 3306 l,
1149 3242 1193 3296 86.
1212 3242 1256 3296 st.

48 3346 76 3356 —
95 3318 175 3369 sedes
192 3315 304 3369 curules
321 3316 499 3369 sacerdotum
516 3313 719 3382 Augustalium
737 3309 823 3366 loeis.-
843 3328 933 3376 „nam
950 3310 1085 3380 publicus
1104 3312 1135 3364 in
1147 3318 1258 3382 specta-

48 3387 115 3438 culis
134 3388 216 3441 locus
235 3404 282 3438 ms
305 3403 342 3438 no
359 3385 466 3440 honori
484 3387 553 3450 luit,
572 3393 602 3438 at
620 3384 730 3438 evaluit
746 3382 889 3454 paulatim
907 3381 1046 3443 adulatio,
1073 3389 1107 3434 ut
1133 3399 1193 3435 non
1212 3399 1257 3435 su-

48 3455 102 3509 lum
121 3459 212 3525 vivis,
243 3405 304 3510 serf
318 3458 405 3510 etiam
424 3458 556 3518 mortuis,
583 3455 748 3508 absentibus
772 3462 802 3507 et
824 3453 951 3524 posteris
978 3451 1097 3506 daretur
1121 3453 1148 3506 is
1175 3453 1257 3506 locus

48 3531 199 3583 memoriae
218 3529 442 3595 conservandae,
471 3535 500 3582 et
518 3527 576 3582 loci
594 3527 728 3598 praebiti
739 3525 880 3586 indicium
898 3542 956 3576 una
975 3523 1024 3576 vel
1041 3524 1141 3594 plures
1162 3531 1271 3577 essentx
1307 3547 1311 3554 ·

47 3601 120 3652 sedes
139 3619 162 3656 s.
182 3596 276 3654 sellae'
298 3599 419 3666 curules,
444 3597 542 3668 δίφροι
565 3596 676 3666 ιἰρχιιιοὶ
699 3595 748 3650 vel
771 3595 924 3666 ἐπίχρυσοι.
949 3611 976 3650 s.
997 3593 1062 3648 niv.
1082 3598 1110 3660 2,
1128 3599 1173 3650 st.
1201 3595 1258 3647 Dio

47 3672 86 3732 ll,
102 3675 128 3727 6.
147 3675 194 3736 63,
212 3675 256 3727 3⁰.
276 3672 321 3738 58,
340 3673 366 3725 l.
387 3673 431 3736 ll,
450 3674 476 3726 4.
497 3669 672 3724 Germanico
691 3669 785 3744 igitur
802 3667 934 3719 decretae
962 3665 1104 3719 eiusmodi
1123 3666 1211 3719 sellae
1229 3672 1259 3719 et

47 3757 163 3796 coronae
182 3744 213 3795 in
232 3741 269 3794 iis
289 3759 304 3795 e
322 3757 432 3812 quercu
449 3759 504 3812 per
529 3743 619 3806 trina,
646 3747 681 3792 ut
699 3739 814 3808 opinor,
834 3735 947 3790 theatra
972 3737 1051 3790 inter
1077 3737 1257 3804 sacerdotum

46 3809 246 3890 Augustalium
266 3811 475 3880 sedes.“1n'ps.
513 3813 593 3866 Idem
621 3809 755 3864 adGell.
775 3805 954 3874 3,18.haec
977 3808 1145 3861 annotavit:
1174 3806 1270 3872 „Sel-r

45 3880 87 3936 lae
104 3885 232 3950 curules,
251 3884 282 3936 in
300 3883 403 3954 quibus
421 3884 552 3956 primum
570 3899 665 3960 reges,
684 3879 787 3934 deinde
805 3880 989 3954 magistratus
1017 3879 1150 3944 maiores,
1175 3893 1259 3929 curu·

45 3951 93 4016 les,
112 3954 265 4018 Consules,
284 3953 433 4020 Censores,
461 3956 612 4008 Praetores
631 3961 660 4006 et
677 3951 792 4005 Aediles
816 3949 950 4012 curules,
977 3951 1009 4001 in
1026 3948 1145 4018 publico
1164 3948 1259 4001 cond-

45 4021 157 4092 debant,
176 4043 236 4080 non
254 4026 412 4080 dissimiles
432 4027 516 4080 sellis
535 4027 581 4092 iis,
601 4041 670 4096 quas
688 4022 859 4093 Hispanicas
882 4019 1062 4092 appellamus
1088 4027 1117 4071 et
1135 4035 1258 4088 quarum

46 4092 73 4145 in
90 4098 166 4150 aulis
191 4115 270 4162 usus,
296 4098 429 4152 inauris
451 4097 582 4168 pedibus,
611 4095 758 4160 sublimes,
782 4092 916 4164 pluribus
941 4091 1085 4144 adiunctis
1111 4089 1258 4165 gradibus,

46 4161 128 4220 shore
147 4176 240 4222 tectae
259 4167 309 4225 vsl
328 4169 477 4234 exchers,
502 4168 627 4222 caelatae
655 4174 685 4220 et
708 4165 847 4236 sculptae,
872 4180 942 4234 quas
966 4161 1107 4215 describit
1130 4159 1207 4212 Plut.
1227 4161 1258 4212 in

45 4231 133 4291 llario
152 4255 333 4310 quarumque
350 4241 444 4293 forma
462 4241 495 4291 in
512 4237 610 4292 numis
629 4239 731 4292 crebro
750 4231 917 4307 expressa.“
935 4232 981 4286 Gi.
1000 4231 1035 4284 de
1053 4231 1091 4284 iis
1101 4230 1256 4302 Spanhem.

45 4303 77 4360 de
93 4325 151 4364 usu
168 4317 200 4366 et
215 4327 261 4382 pr.
281 4327 362 4365 num.
381 4311 449 4366 diss.
468 4309 502 4363 X.
521 4310 619 4366 Burm.
641 4308 677 4364 ad
694 4306 772 4364 Suet.
791 4305 865 4384 Aug.
879 4308 921 4362 ta.
943 4311 972 4358 at
991 4304 1068 4374 inps.
1078 4300 1257 4358 liichstaedt.
