2872 4792
197 209 305 301 tet,
397 221 402 242 «
596 205 839 274 annectunt
866 207 949 272 ιιι.
966 199 1069 272 ιι..
1178 211 1183 223 ·

194 373 368 438 venatione
389 369 502 437 eadem
523 381 669 455 peracta,
691 373 883 457 iureivitqne
904 374 1074 452 Tiberius,
1095 375 1275 457 petiturum
1299 396 1329 438 sc
1348 381 1387 438 ti-

195 467 261 520 tam
285 457 434 538 quamvis
455 458 599 536 nocenti,
622 459 687 522 nisi
707 459 929 538 voluntariam
951 465 1093 519 mortem
1112 459 1353 540 properavisset.

267 581 289 630 1.
311 573 479 640 cingebatur
497 573 603 628 interim
626 575 711 628 milite
735 575 834 639 donor,
858 577 910 646 qui
929 575 1129 630 necessitatem
1149 576 1332 642 ostenderent,
1348 588 1387 630 aut

76 639 81 653 ¹
196 655 298 718 sponte
316 654 366 700 eut
383 647 414 700 vi
454 646 631 713 ereundum3
652 647 725 714 lips.
746 680 776 690 -
793 647 946 715 strepebant
958 647 1039 700 etiam
1048 645 1104 702 MS.
1126 655 1155 700 et
1166 647 1227 703 edd.
1241 656 1294 703 vet.
1305 665 1388 702 omues

197 728 230 772 ut
252 735 310 772 rec.
336 725 403 788 post
446 715 503 772 ich.
527 719 731 786 stupebantque
753 712 834 770 etiam
864 717 926 774 edd.
957 717 1035 786 Lips.
1067 725 1097 772 et
1115 717 1201 776 Grut.
1237 719 1299 772 Non
1320 719 1387 772 modo

194 793 242 844 ein
265 789 350 844 ebant
367 788 486 844 domum
504 789 627 856 militas,
654 789 704 844 sed
726 791 877 857 strepebant
902 788 981 841 etiam
1000 792 1029 842 ιἰι
1047 796 1113 845 neat.
1151 817 1183 828 -
1218 789 1247 842 ie
1263 791 1388 852 restituta

133 857 135 864 ’
195 807 388 930 ,destitutum
406 869 450 914 est
468 861 593 930 spatium
611 870 678 916 ante
702 862 818 914 ianuam
842 859 944 915 domus
962 877 1087 914 vacuum
1112 861 1192 914 inter
1215 861 1289 914 viam
1310 863 1388 931 publi-

198 952 261 988 carn
280 940 366 1004 atque
385 933 459 1002 ipsas
477 931 570 989 aedes.
607 933 668 986 lem
686 939 748 984 onte
766 933 840 998 sores
866 949 927 986 esse
946 931 1093 998 dicuntur,
1117 933 1169 1002 qui
1192 933 1315 1002 proximi
1335 941 1389 986 sunt

196 1005 321 1060 loribus:
341 1010 371 1056 et
387 1003 418 1056 e'n
435 1003 567 1057 vestibulo
586 1021 648 1058 esse
665 1011 770 1075 potest,
789 1004 840 1074 qui
858 1021 875 1056 a
892 1003 1004 1057 foribus
1024 1005 1092 1058 satis
1105 1002 1192 1080 longe
1208 1012 1327 1056 remotus
1343 1011 1388 1068 est;
1410 1063 1411 1072 ἵ

197 1086 231 1132 et=
244 1076 301 1131 hoc
318 1093 403 1130 sensu
420 1073 472 1127 hic
496 1075 662 1146 accipienda
685 1083 754 1128 sunt
771 1073 886 1129 rerba.“
905 1073 1026 1130 Freined.
1057 1103 1090 1113 -
1114 1091 1189 1143 quan
1213 1075 1279 1129 Lito
1302 1091 1388 1136 meare,

191 1167 219 1202 v.
238 1148 274 1202 ed
291 1153 319 1214 3,
337 1151 383 1214 40,
403 1150 426 1202 l.
451 1161 549 1202 vocare
570 1163 758 1214 peremtornn,
788 1147 869 1200 cuius
888 1163 976 1198 runnu
1021 1147 1129 1212 eriret;
1154 1146 1230 1212 Lipe.
1262 1145 1307 1202 Gt.
1325 1145 1387 1200 Suet.

192 1221 262 1275 Ner.
286 1223 321 1276 47
340 1226 412 1274 extr.
433 1217 532 1287 ibique
550 1217 621 1270 Ern.
644 1251 677 1262 -
694 1216 764 1286 ipsis
783 1249 815 1259 -
835 1217 922 1283 epula
950 1164 1047 1292 (abiit.
1068 1219 1218 1288 temporis)
1242 1218 1389 1270 exaesam

191 1309 231 1348 sc.
251 1297 368 1362 aspectu
387 1296 416 1343 et
434 1289 536 1345 auditu
559 1289 665 1344 militis
683 1291 715 1342 in
732 1288 895 1360 perniciem
922 1305 1003 1344 suem
1021 1289 1118 1354 missi3
1144 1287 1250 1347 Woltlt.
1287 1321 1312 1330 -
1337 1302 1389 1355 eoae

191 1363 221 1415 in
237 1362 405 1414 novimum
422 1377 448 1414 o.
469 1377 507 1427 ιι,
532 1362 627 1429 epotis,
651 1368 685 1413 ut
703 1365 746 1426 ll,
770 1363 797 1416 3.
818 1368 848 1413 et
872 1360 909 1412 al
937 1392 971 1403 -
988 1375 1118 1427 prensare
1141 1375 1273 1413 ravenn
1288 1359 1388 1437 desem

192 1451 220 1492 v.
240 1434 276 1488 ad
293 1436 337 1498 14,
358 1434 400 1488 to.
427 1463 460 1474 --
488 1433 608 1486 intem
631 1431 756 1498 gladium
775 1430 886 1486 dextris
904 1447 1016 1498 eorum,
1035 1439 1069 1484 ut
1087 1435 1112 1495 1,
1136 1434 1182 1488 34.
1207 1463 1240 1474 -
1263 1431 1389 1498 appositus

191 1501 281 1558 mano
299 1505 397 1556 lamen:
430 1501 624 1568 „Groelotius
643 1503 718 1556 coni.
738 1517 842 1556 metae
860 1509 890 1556 et
907 1502 937 1556 in
955 1518 1055 1556 maro.
1093 1502 1155 1556 Hoc
1173 1501 1290 1556 melius:
1312 1500 1388 1555 sedin

192 1583 289 1648 potest
306 1573 448 1659 intelligi,
466 1581 499 1626 ut
517 1573 616 1630 alibif‘
635 1574 701 1626 Ero.
721 1573 765 1630 of.
786 1573 849 1628 lnd.
869 1573 923 1628 111.
942 1591 971 1630 r.
991 1573 1113 1640 Elliptee
1130 1591 1178 1626 nr.
1200 1576 1243 1628 17.

260 1650 287 1706 2.
312 1647 366 1701 lom
390 1645 446 1700 etti
471 1646 605 1709 (nalitus
633 1645 759 1712 taeter,
792 1661 845 1714 per
870 1662 939 1714 quas
964 1653 1091 1698 mortem
1116 1644 1172 1697 sibi
1197 1643 1323 1699 illaturus
1346 1643 1388 1704 sit;

190 1717 258 1772 Em.
279 1715 325 1772 cf.
344 1715 380 1770 ad
399 1722 426 1780 l,
444 1715 488 1772 65.
508 1723 583 1772 extr.
603 1713 869 1772 nazancenus,
907 1747 940 1758 -
969 1717 1046 1768 nites
1070 1715 1181 1768 attolit
1207 1713 1327 1778 accde,
1350 1711 1388 1763 vel

191 1791 291 1860 potius
308 1787 450 1844 discessit.
471 1786 516 1846 Gi.
535 1786 572 1842 ad
589 1789 668 1846 c-34.
688 1805 717 1840 n.
730 1789 757 1844 l·
777 1783 911 1852 „adstitit
929 1784 986 1841 MS.
1007 1794 1037 1840 et
1055 1783 1118 1840 edd.
1139 1785 1204 1840 Ber.
1229 1785 1314 1840 Rhea.
1336 1782 1387 1836 Ald.

193 1861 286 1926 quasi,
305 1873 395 1926 quum
414 1863 481 1910 ante
498 1856 567 1910 vivo
587 1856 681 1912 adhuc
698 1855 807 1912 Libone
824 1849 947 1973 uigderet
964 1873 997 1908 ac
1013 1856 1135 1926 propius
1161 1855 1266 1911 afferre
1283 1855 1325 1908 illi
1341 1855 1388 1904 rim

193 1942 228 1976 ac
245 1925 446 1979 necessitatem
463 1941 518 1995 per
554 1929 610 1988 ret,
629 1942 708 1979 nunc
725 1931 793 1993 post
820 1937 869 1973 cae
890 1939 937 1974 em
954 1927 1078 1994 proprie¹
1093 1941 1184 1978 manu
1201 1926 1309 1978 illatam
1324 1925 1388 1990 quie·

144 2057 150 2062 Ι
193 2002 240 2050 tus
259 2000 390 2048 maneret
407 1992 483 2057 loeo,
529 2007 601 2046 onec
619 1990 653 2044 ab
670 1993 819 2060 praefecto
836 1991 1036 2048 abduceretur.
1064 1995 1112 2060 „t
1132 1995 1216 2052 Goon.
1254 2023 1285 2034 -
1317 1992 1389 2044 eamn

190 2065 399 2128 assonatione,
418 2077 509 2132 seque
527 2064 605 2116 serio
625 2069 655 2116 et
673 2068 856 2129 constanter,
874 2062 940 2118 Ere.
960 2080 988 2120 v.
1008 2063 1045 2116 ad
1062 2067 1090 2129 4,
1110 2067 1153 2132 li,
1172 2067 1200 2122 2.
1221 2091 1253 2104 -
1269 2064 1388 2132 petitam

188 2150 218 2188 ee
240 2136 321 2188 eitam
339 2133 456 2202 omnnio
472 2134 588 2200 nocenti,
607 2149 636 2190 v.
654 2131 691 2186 ed
709 2135 737 2198 3,
755 2135 800 2198 37,
820 2137 845 2189 l.
866 2165 899 2176 -
916 2135 1133 2201 metasset.-
1161 2137 1247 2202 „scit
1266 2134 1325 2194 sibi.
1352 2132 1387 2186 Gt.

188 2203 335 2262 Brouckh.
361 2205 397 2258 ed
420 2202 530 2260 Tibull.
555 2206 583 2268 4,
610 2207 636 2271 l,
662 2202 745 2260 205.“
770 2204 836 2257 Ero.
861 2211 890 2258 et
914 2205 1005 2262 Oderl.
1055 2203 1111 2260 Sed
1132 2221 1278 2275 properare
1301 2203 1389 2272 atterit

188 2279 275 2332 etiam
294 2279 356 2332 eine
373 2274 429 2332 hac
447 2273 546 2344 ellipsi
564 2275 623 2330 diei
641 2273 725 2342 solet,
743 2282 777 2328 ut
794 2281 937 2332 notmore.
956 2293 984 2334 v.
1005 2275 1068 2336 Ind.
1087 2275 1126 2333 11.

566 2427 783 2483 ‚cAPUt'
842 2429 1006 2487 XXXII.

271 2537 364 2599 Bona
392 2539 483 2603 inter
510 2543 719 2598 accusatores
740 2533 949 2616 dividantur,
981 2543 1015 2600 et
1036 2545 1218 2620 praeturae
1238 2545 1327 2600 extra
1345 2554 1387 2598 or-

73 2655 74 2658 =
190 2617 302 2680 dinem
324 2617 425 2681 datae
440 2619 503 2696 his,
525 2619 582 2700 qui
603 2621 762 2680 senatorii
784 2617 912 2682 ordinis
933 2628 1037 2683 erant
1081 2619 1180 2684 Tunc
1202 2619 1297 2684 Cotta
1315 2618 1387 2680 liles-

129 2771 132 2784 ,
188 2701 340 2779 sallinus,
376 2719 417 2762 ue
449 2703 558 2785 imago
580 2701 720 2764 Libonis
747 2705 917 2784 exsequias
945 2713 1159 2784 posterorum
1180 2706 1387 2774 comitaretur,

188 2785 334 2848 censuitt
359 2781 418 2844 Cn.
442 2782 620 2860 Lautulae,
649 2785 784 2866 nequis
807 2783 1003 2846 Scribonius
1025 2796 1281 2872 cognomentum
1303 2783 1388 2846 Drusi

187 2873 388 2931 assumeret:
417 2867 697 2948 supplicationum
726 2865 796 2928 dies
819 2867 996 2948 Pomponii
1017 2869 1123 2930 Flacci
1145 2871 1306 2932 sententie
1325 2885 1388 2928 con-

187 2950 316 3026 stituti3
339 2957 373 3014 et
394 2947 481 3010 dona
502 2949 587 3028 Iovi,
610 2948 728 3029 Marti,
752 2947 971 3030 Concordiae,
998 2960 1100 3034 utque
1121 2951 1239 3015 iduum
1259 2952 1389 3033 Septem-

186 3031 299 3096 brium
331 3031 413 3106 dies,
445 3051 509 3115 qno
541 3053 576 3096 se
602 3033 689 3096 Libo
720 3034 947 3110 interfecerat,
978 3031 1049 3098 dies
1082 3039 1186 3098 festus
1216 3035 1389 3104 haberetur,

184 3115 225 3178 L.
242 3115 336 3178 tt...
359 3125 393 3178 et
414 3115 528 3177 Gallos
549 3117 684 3180 Asinius
707 3115 796 3178 etPa
820 3119 871 3180 ius
882 3115 1024 3179 Mutilus
1046 3126 1080 3179 et
1100 3119 1140 3181 L.
1159 3119 1325 3200 Apronius
1344 3113 1389 3175 de·

185 3217 339 3262 creveres
362 3219 505 3280 quorum
526 3201 742 3264 auctoritates
763 3219 783 3260 a
807 3201 1035 3284 ulationesque
1056 3203 1169 3279 retuli,
1190 3210 1230 3262 ut
1250 3203 1389 3270 sciretur,

183 3289 281 3345 vetus
307 3279 399 3343 idin
421 3281 613 3364 republica
633 3283 768 3344 malum.
811 3283 908 3346 Facta
934 3293 968 3346 et
995 3281 1037 3345 de
1064 3283 1306 3347 mathematicis
1333 3298 1389 3341 ma·

183 3365 300 3508 pieque
334 3363 429 3425 Italia
467 3363 630 3445 pellendis
663 3375 796 3436 senatus
828 3365 997 3428 consultat
1040 3385 1183 3447 quorum
1217 3387 1235 3428 e
1266 3379 1389 3427 numero

215 3495 223 3510 .
245 3447 418 3509 Pituanius
445 3466 523 3508 saxo
550 3446 697 3510 deiectus
723 3455 792 3524 est;
824 3450 860 3510 in
881 3449 917 3510 P.
939 3448 1108 3512 Marcium
1138 3451 1290 3512 consules
1310 3453 1390 3508 extra

183 3537 316 3611 portam
348 3529 567 3613 Exquilinam,
605 3551 707 3614 quum
738 3525 913 3594 classicum
944 3551 1065 3595 canere
1095 3533 1280 3611 iussissent,
1310 3545 1390 3590 more

183 3613 297 3694 prisco
328 3609 515 3675 advertere.

255 3716 280 3767 1.
300 3711 380 3766 Bona
396 3711 468 3765 inter
485 3717 657 3766 cocosatoreo
675 3713 831 3768 dividuntor
855 3719 882 3767 et
898 3721 1042 3782 marrae
1065 3703 1146 3768 esna
1169 3714 1289 3769 ordinere
1311 3712 1390 3770 datae,

181 3787 241 3838 non
260 3801 348 3854 supra
365 3800 531 3851 numerum,
551 3785 606 3838 etsi
624 3786 711 3839 unius
729 3793 844 3839 tanmm
861 3793 999 3857 praetura
1025 3787 1153 3854 vacabat,
1182 3787 1232 3842 sed
1253 3785 1347 3856 potins
1364 3781 1389 3831 in

181 3873 290 3910 aunum
303 3857 475 3925 proximum
493 3855 652 3910 destinatae
670 3863 751 3912 estro
763 3859 950 3912 comitiorum
968 3859 1096 3924 matinen,
1115 3867 1225 3913 sortem
1242 3857 1390 3923 atemere,

181 3927 304 3980 arbitrio
322 3927 481 3997 Principis3
517 3928 641 3996 lipsa.
661 3929 850 3996 ιι11,14,4.
887 3929 994 3997 „Talis
1012 3929 1175 3985 delatorum
1192 3929 1322 4000 praemis
1338 3941 1390 3976 me·

181 4007 335 4054 morantur
353 4000 439 4053 etiam
457 4005 485 4066 3,
505 4001 547 4056 19.
566 4002 610 4056 28.
630 4003 658 4066 4,
675 4003 719 4057 2⁰.
738 4004 782 4060 30.
803 4007 847 4068 ll,
866 4004 891 4058 4.
911 4005 954 4058 38.
976 4003 1019 4068 15,
1039 4005 1082 4059 tt.
1101 4004 1137 4060 ll.
1158 4004 1228 4069 1‚t.
1248 4001 1335 4068 Ml.
1351 3997 1388 4050 42·

181 4069 238 4135 (Of.
257 4071 292 4124 ed
310 4074 337 4137 4,
355 4073 399 4131 2⁰·
417 4073 458 4139 2.)
476 4071 531 4126 Pro
555 4071 675 4136 scelera,
694 4089 748 4126 nec
766 4081 868 4127 nostro
886 4071 1001 4128 saeculo
1026 4075 1167 4150 ἰςιιοῐιὶα
1185 4073 1274 4129 ctera
1313 4103 1343 4113 -
1361 4067 1388 4116 h

180 4159 204 4196 s.
231 4141 263 4196 G.
282 4141 420 4196 Aurelius
448 4145 530 4198 Gotta
554 4143 881 4198 Messalinos'dlaximus
907 4145 1041 4212 Volusus,
1067 4148 1103 4202 Μ.
1127 4143 1239 4200 Valerii
1262 4139 1388 4196 Messalae

181 4211 315 4278 Corvini,
334 4215 440 4268 summi
458 4216 583 4268 oratoris
601 4222 632 4268 et
649 4231 706 4270 cos.
726 4233 752 4268 a.
772 4215 808 4272 U.
827 4219 898 4283 773,
917 4218 1023 4287 optimi
1046 4217 1139 4290 patris
1158 4218 1178 4272 d
1252 4231 1285 4269 er
1307 4213 1388 4271 ttius,

182 4289 213 4334 ut
238 4281 310 4340 Ptin.
337 4289 381 4352 lo,
405 4287 450 4343 tt.
474 4305 496 4359 s.
520 4289 583 4352 et,
613 4293 643 4340 et
666 4285 742 4354 lippa
765 4302 899 4355 propago,
918 4297 952 4342 ut
968 4289 1046 4346 Pers.
1065 4293 1094 4356 3,
1114 4293 1157 4348 ll.
1184 4297 1240 4353 ast,
1271 4285 1344 4354 birs-
1362 4299 1387 4334 v·
