<?xml version="1.0" encoding="UTF-8"?>
<!DOCTYPE html PUBLIC "-//W3C//DTD XHTML 1.0 Transitional//EN"
    "http://www.w3.org/TR/xhtml1/DTD/xhtml1-transitional.dtd">
<html xmlns="http://www.w3.org/1999/xhtml" xml:lang="en" lang="en">
 <head>
  <title>
</title>
<meta http-equiv="Content-Type" content="text/html;charset=utf-8" />
  <meta name='ocr-system' content='tesseract 3.04.00' />
  <meta name='ocr-capabilities' content='ocr_page ocr_carea ocr_par ocr_line ocrx_word'/>
</head>
<body>
  <div class='ocr_page' id='page_1' title='image "./ccorneliitaciti28tacigoog/ccorneliitaciti28tacigoog_0665.png"; bbox 0 0 2904 4798; ppageno 0'>
   <div class='ocr_carea' id='block_1_1' title="bbox 168 185 1006 256">
    <p class='ocr_par' dir='ltr' id='par_1_1' title="bbox 168 185 1006 256">
     <span class='ocr_line' id='line_1_1' title="bbox 168 185 1006 256; baseline -0.005 0"><span class='ocrx_word' id='word_1_1' title='bbox 168 189 231 256; x_wconf 68' lang='lat' dir='ltr'>SM</span> <span class='ocrx_word' id='word_1_2' title='bbox 569 185 816 252; x_wconf 75' lang='lat' dir='ltr'>ANNALIUM</span> <span class='ocrx_word' id='word_1_3' title='bbox 840 187 924 254; x_wconf 85' lang='lat' dir='ltr'>Llll.</span> <span class='ocrx_word' id='word_1_4' title='bbox 946 187 1006 252; x_wconf 92' lang='lat' dir='ltr'>Vl.</span> 
     </span>
    </p>
   </div>
   <div class='ocr_carea' id='block_1_2' title="bbox 164 351 1395 2276">
    <p class='ocr_par' dir='ltr' id='par_1_2' title="bbox 164 351 1395 2276">
     <span class='ocr_line' id='line_1_2' title="bbox 170 351 1392 426; baseline -0.002 -16"><span class='ocrx_word' id='word_1_5' title='bbox 170 353 298 412; x_wconf 81' lang='lat' dir='ltr'>reddis</span> <span class='ocrx_word' id='word_1_6' title='bbox 315 353 516 410; x_wconf 82' lang='lat' dir='ltr'>Massaron</span> <span class='ocrx_word' id='word_1_7' title='bbox 534 351 721 426; x_wconf 78' lang='lat' dir='ltr'>Myrrben.</span> <span class='ocrx_word' id='word_1_8' title='bbox 759 354 903 426; x_wconf 74' lang='lat' dir='ltr'>loquitur</span> <span class='ocrx_word' id='word_1_9' title='bbox 919 353 1027 409; x_wconf 83' lang='lat' dir='ltr'>Noster</span> <span class='ocrx_word' id='word_1_10' title='bbox 1044 352 1081 408; x_wconf 87' lang='lat' dir='ltr'>de</span> <span class='ocrx_word' id='word_1_11' title='bbox 1098 351 1154 408; x_wconf 81' lang='lat' dir='ltr'>bae</span> <span class='ocrx_word' id='word_1_12' title='bbox 1177 369 1211 408; x_wconf 90' lang='lat' dir='ltr'>re</span> <span class='ocrx_word' id='word_1_13' title='bbox 1228 359 1263 406; x_wconf 85' lang='lat' dir='ltr'>ut</span> <span class='ocrx_word' id='word_1_14' title='bbox 1286 352 1322 409; x_wconf 89' lang='lat' dir='ltr'>de</span> <span class='ocrx_word' id='word_1_15' title='bbox 1340 369 1392 408; x_wconf 90' lang='lat' dir='ltr'>no-</span> 
     </span>
     <span class='ocr_line' id='line_1_3' title="bbox 170 425 1392 550; baseline -0.003 -68"><span class='ocrx_word' id='word_1_16' title='bbox 170 428 292 492; x_wconf 86' lang='lat' dir='ltr'>tissima,</span> <span class='ocrx_word' id='word_1_17' title='bbox 310 444 384 500; x_wconf 83' lang='lat' dir='ltr'>quae</span> <span class='ocrx_word' id='word_1_18' title='bbox 402 443 461 482; x_wconf 88' lang='lat' dir='ltr'>nou</span> <span class='ocrx_word' id='word_1_19' title='bbox 478 427 608 504; x_wconf 71' lang='lat' dir='ltr'>indigeat</span> <span class='ocrx_word' id='word_1_20' title='bbox 627 427 711 550; x_wconf 63' lang='lat' dir='ltr'>lonqi</span> <span class='ocrx_word' id='word_1_21' title='bbox 729 443 762 482; x_wconf 89' lang='lat' dir='ltr'>re</span> <span class='ocrx_word' id='word_1_22' title='bbox 780 426 987 496; x_wconf 75' lang='lat' dir='ltr'>explicatione,</span> <span class='ocrx_word' id='word_1_23' title='bbox 1011 433 1041 478; x_wconf 86' lang='lat' dir='ltr'>et</span> <span class='ocrx_word' id='word_1_24' title='bbox 1058 425 1200 482; x_wconf 75' lang='lat' dir='ltr'>Herodoti</span> <span class='ocrx_word' id='word_1_25' title='bbox 1225 425 1312 480; x_wconf 82' lang='lat' dir='ltr'>verba</span> <span class='ocrx_word' id='word_1_26' title='bbox 1337 443 1392 496; x_wconf 85' lang='lat' dir='ltr'>pro</span> 
     </span>
     <span class='ocr_line' id='line_1_4' title="bbox 169 495 1392 570; baseline -0.003 -18"><span class='ocrx_word' id='word_1_27' title='bbox 169 499 381 554; x_wconf 80' lang='lat' dir='ltr'>commentario</span> <span class='ocrx_word' id='word_1_28' title='bbox 399 497 575 570; x_wconf 82' lang='lat' dir='ltr'>adscripsi.“</span> <span class='ocrx_word' id='word_1_29' title='bbox 598 499 679 552; x_wconf 84' lang='lat' dir='ltr'>Wult</span> <span class='ocrx_word' id='word_1_30' title='bbox 699 540 706 554; x_wconf 94' lang='lat'>.</span> <span class='ocrx_word' id='word_1_31' title='bbox 723 531 756 542; x_wconf 92' lang='lat'>-</span> <span class='ocrx_word' id='word_1_32' title='bbox 774 503 934 568; x_wconf 77' lang='lat' dir='ltr'>tentatoque</span> <span class='ocrx_word' id='word_1_33' title='bbox 953 513 991 550; x_wconf 85' lang='lat' dir='ltr'>sc.</span> <span class='ocrx_word' id='word_1_34' title='bbox 1009 497 1155 568; x_wconf 72' lang='lat' dir='ltr'>pondere,</span> <span class='ocrx_word' id='word_1_35' title='bbox 1173 495 1261 550; x_wconf 73' lang='lat' dir='ltr'>crete</span> <span class='ocrx_word' id='word_1_36' title='bbox 1282 495 1392 550; x_wconf 73' lang='lat' dir='ltr'>lmsnm</span> 
     </span>
     <span class='ocr_line' id='line_1_5' title="bbox 191 568 1394 641; baseline -0.003 -17"><span class='ocrx_word' id='word_1_37' title='bbox 191 589 260 624; x_wconf 87' lang='lat' dir='ltr'>uum</span> <span class='ocrx_word' id='word_1_38' title='bbox 283 571 367 641; x_wconf 88' lang='lat' dir='ltr'>prius</span> <span class='ocrx_word' id='word_1_39' title='bbox 392 571 568 638; x_wconf 55' lang='lat' dir='ltr'>tentaverim</span> <span class='ocrx_word' id='word_1_40' title='bbox 598 571 677 625; x_wconf 85' lang='lat' dir='ltr'>Mur.</span> <span class='ocrx_word' id='word_1_41' title='bbox 703 568 749 624; x_wconf 79' lang='lat' dir='ltr'>Cf.</span> <span class='ocrx_word' id='word_1_42' title='bbox 774 570 809 624; x_wconf 85' lang='lat' dir='ltr'>ad</span> <span class='ocrx_word' id='word_1_43' title='bbox 834 573 858 632; x_wconf 89' lang='lat' dir='ltr'>l,</span> <span class='ocrx_word' id='word_1_44' title='bbox 883 571 928 635; x_wconf 79' lang='lat' dir='ltr'>tt,</span> <span class='ocrx_word' id='word_1_45' title='bbox 954 574 978 624; x_wconf 94' lang='lat' dir='ltr'>l.</span> <span class='ocrx_word' id='word_1_46' title='bbox 1009 575 1172 639; x_wconf 82' lang='lat' dir='ltr'>tentatoque</span> <span class='ocrx_word' id='word_1_47' title='bbox 1196 583 1250 637; x_wconf 80' lang='lat' dir='ltr'>per</span> <span class='ocrx_word' id='word_1_48' title='bbox 1277 568 1394 635; x_wconf 73' lang='lat' dir='ltr'>longus</span> 
     </span>
     <span class='ocr_line' id='line_1_6' title="bbox 169 587 1395 780; baseline -0.003 -13"><span class='ocrx_word' id='word_1_49' title='bbox 169 587 486 767; x_wconf 52' lang='lat' dir='ltr'>las&gt;</span> <span class='ocrx_word' id='word_1_50' title='bbox 622 639 1395 780; x_wconf 57' lang='lat' dir='ltr'>...urtam</span> 
     </span>
     <span class='ocr_line' id='line_1_7' title="bbox 169 731 1394 856; baseline -0.007 -14"><span class='ocrx_word' id='word_1_51' title='bbox 169 803 194 842; x_wconf 81' lang='lat' dir='ltr'>t·</span> <span class='ocrx_word' id='word_1_52' title='bbox 212 749 364 838; x_wconf 72' lang='lat' dir='ltr'>subticer’e:</span> <span class='ocrx_word' id='word_1_53' title='bbox 394 803 460 838; x_wconf 89' lang='lat' dir='ltr'>nam</span> <span class='ocrx_word' id='word_1_54' title='bbox 486 731 660 856; x_wconf 64' lang='lat' dir='ltr'>phoenicdm</span> <span class='ocrx_word' id='word_1_55' title='bbox 683 801 742 838; x_wconf 89' lang='lat' dir='ltr'>non</span> <span class='ocrx_word' id='word_1_56' title='bbox 769 783 865 837; x_wconf 84' lang='lat' dir='ltr'>subire</span> <span class='ocrx_word' id='word_1_57' title='bbox 889 747 1017 852; x_wconf 56' lang='lat' dir='ltr'>dats-inm</span> <span class='ocrx_word' id='word_1_58' title='bbox 1042 799 1145 852; x_wconf 83' lang='lat' dir='ltr'>eorpus</span> <span class='ocrx_word' id='word_1_59' title='bbox 1162 791 1300 853; x_wconf 86' lang='lat' dir='ltr'>tanquam</span> <span class='ocrx_word' id='word_1_60' title='bbox 1319 797 1394 834; x_wconf 87' lang='lat' dir='ltr'>onus</span> 
     </span>
     <span class='ocr_line' id='line_1_8' title="bbox 169 853 1393 928; baseline -0.006 -19"><span class='ocrx_word' id='word_1_61' title='bbox 169 857 350 928; x_wconf 60' lang='lat' dir='ltr'>fflpoaltum,</span> <span class='ocrx_word' id='word_1_62' title='bbox 369 856 447 926; x_wconf 80' lang='lat' dir='ltr'>quot</span> <span class='ocrx_word' id='word_1_63' title='bbox 463 855 559 920; x_wconf 85' lang='lat' dir='ltr'>dorso,</span> <span class='ocrx_word' id='word_1_64' title='bbox 578 859 683 928; x_wconf 86' lang='lat' dir='ltr'>capite,</span> <span class='ocrx_word' id='word_1_65' title='bbox 701 853 832 910; x_wconf 84' lang='lat' dir='ltr'>humeris</span> <span class='ocrx_word' id='word_1_66' title='bbox 849 857 972 920; x_wconf 78' lang='lat' dir='ltr'>temtor,</span> <span class='ocrx_word' id='word_1_67' title='bbox 999 855 1048 908; x_wconf 84' lang='lat' dir='ltr'>sed</span> <span class='ocrx_word' id='word_1_68' title='bbox 1065 855 1186 926; x_wconf 91' lang='lat' dir='ltr'>pedibus</span> <span class='ocrx_word' id='word_1_69' title='bbox 1204 855 1285 908; x_wconf 74' lang='lat' dir='ltr'>ferre</span> <span class='ocrx_word' id='word_1_70' title='bbox 1302 868 1393 906; x_wconf 81' lang='lat' dir='ltr'>ovum</span> 
     </span>
     <span class='ocr_line' id='line_1_9' title="bbox 169 925 1395 997; baseline -0.002 -17"><span class='ocrx_word' id='word_1_71' title='bbox 169 943 187 980; x_wconf 89' lang='lat' dir='ltr'>e</span> <span class='ocrx_word' id='word_1_72' title='bbox 204 925 326 997; x_wconf 74' lang='lat' dir='ltr'>myrrha</span> <span class='ocrx_word' id='word_1_73' title='bbox 343 929 454 982; x_wconf 81' lang='lat' dir='ltr'>factum</span> <span class='ocrx_word' id='word_1_74' title='bbox 473 935 730 997; x_wconf 80' lang='lat' dir='ltr'>exenteratumque</span> <span class='ocrx_word' id='word_1_75' title='bbox 750 927 828 980; x_wconf 85' lang='lat' dir='ltr'>etin</span> <span class='ocrx_word' id='word_1_76' title='bbox 847 925 944 979; x_wconf 89' lang='lat' dir='ltr'>locum</span> <span class='ocrx_word' id='word_1_77' title='bbox 962 934 1130 980; x_wconf 74' lang='lat' dir='ltr'>excavatum</span> <span class='ocrx_word' id='word_1_78' title='bbox 1147 925 1288 979; x_wconf 77' lang='lat' dir='ltr'>subiicere</span> <span class='ocrx_word' id='word_1_79' title='bbox 1313 925 1395 978; x_wconf 85' lang='lat' dir='ltr'>uiue·</span> 
     </span>
     <span class='ocr_line' id='line_1_10' title="bbox 168 995 1394 1070; baseline -0.004 -18"><span class='ocrx_word' id='word_1_80' title='bbox 168 1015 217 1052; x_wconf 85' lang='lat' dir='ltr'>res</span> <span class='ocrx_word' id='word_1_81' title='bbox 234 999 354 1069; x_wconf 84' lang='lat' dir='ltr'>patrios,</span> <span class='ocrx_word' id='word_1_82' title='bbox 373 998 424 1069; x_wconf 90' lang='lat' dir='ltr'>qui</span> <span class='ocrx_word' id='word_1_83' title='bbox 442 997 519 1052; x_wconf 82' lang='lat' dir='ltr'>nihil</span> <span class='ocrx_word' id='word_1_84' title='bbox 537 998 572 1052; x_wconf 88' lang='lat' dir='ltr'>ad</span> <span class='ocrx_word' id='word_1_85' title='bbox 590 999 666 1053; x_wconf 83' lang='lat' dir='ltr'>illud</span> <span class='ocrx_word' id='word_1_86' title='bbox 683 997 794 1070; x_wconf 82' lang='lat' dir='ltr'>pondus</span> <span class='ocrx_word' id='word_1_87' title='bbox 813 997 926 1051; x_wconf 87' lang='lat' dir='ltr'>addant.</span> <span class='ocrx_word' id='word_1_88' title='bbox 963 995 1019 1053; x_wconf 86' lang='lat' dir='ltr'>Sed</span> <span class='ocrx_word' id='word_1_89' title='bbox 1036 997 1187 1050; x_wconf 79' lang='lat' dir='ltr'>refellitur</span> <span class='ocrx_word' id='word_1_90' title='bbox 1209 997 1243 1050; x_wconf 87' lang='lat' dir='ltr'>ab</span> <span class='ocrx_word' id='word_1_91' title='bbox 1262 995 1301 1048; x_wconf 84' lang='lat' dir='ltr'>Is.</span> <span class='ocrx_word' id='word_1_92' title='bbox 1321 997 1394 1049; x_wconf 81' lang='lat' dir='ltr'>Vos-</span> 
     </span>
     <span class='ocr_line' id='line_1_11' title="bbox 170 1067 1393 1142; baseline -0.002 -20"><span class='ocrx_word' id='word_1_93' title='bbox 170 1067 214 1122; x_wconf 86' lang='lat' dir='ltr'>sio</span> <span class='ocrx_word' id='word_1_94' title='bbox 232 1069 268 1122; x_wconf 83' lang='lat' dir='ltr'>ad</span> <span class='ocrx_word' id='word_1_95' title='bbox 286 1070 389 1124; x_wconf 82' lang='lat' dir='ltr'>Melam</span> <span class='ocrx_word' id='word_1_96' title='bbox 408 1073 435 1136; x_wconf 75' lang='grc'>3,</span> <span class='ocrx_word' id='word_1_97' title='bbox 453 1072 479 1128; x_wconf 84' lang='grc'>8.</span> <span class='ocrx_word' id='word_1_98' title='bbox 499 1071 549 1142; x_wconf 91' lang='lat' dir='ltr'>qui</span> <span class='ocrx_word' id='word_1_99' title='bbox 568 1072 683 1124; x_wconf 79' lang='lat' dir='ltr'>variare</span> <span class='ocrx_word' id='word_1_100' title='bbox 701 1078 816 1124; x_wconf 84' lang='lat' dir='ltr'>veteres</span> <span class='ocrx_word' id='word_1_101' title='bbox 835 1069 867 1120; x_wconf 88' lang='lat' dir='ltr'>in</span> <span class='ocrx_word' id='word_1_102' title='bbox 884 1069 969 1122; x_wconf 87' lang='lat' dir='ltr'>modo</span> <span class='ocrx_word' id='word_1_103' title='bbox 994 1068 1129 1140; x_wconf 86' lang='lat' dir='ltr'>portandi</span> <span class='ocrx_word' id='word_1_104' title='bbox 1146 1068 1231 1122; x_wconf 87' lang='lat' dir='ltr'>docet</span> <span class='ocrx_word' id='word_1_105' title='bbox 1253 1083 1290 1120; x_wconf 85' lang='lat' dir='ltr'>ex</span> <span class='ocrx_word' id='word_1_106' title='bbox 1309 1067 1393 1120; x_wconf 79' lang='lat' dir='ltr'>Arte-</span> 
     </span>
     <span class='ocr_line' id='line_1_12' title="bbox 169 1139 1393 1262; baseline -0.002 -69"><span class='ocrx_word' id='word_1_107' title='bbox 169 1141 238 1194; x_wconf 82' lang='lat' dir='ltr'>mid</span> <span class='ocrx_word' id='word_1_108' title='bbox 257 1141 431 1195; x_wconf 85' lang='lat' dir='ltr'>Onairocrit.</span> <span class='ocrx_word' id='word_1_109' title='bbox 450 1145 477 1207; x_wconf 97' lang='grc'>4,</span> <span class='ocrx_word' id='word_1_110' title='bbox 496 1145 539 1198; x_wconf 80' lang='lat' dir='ltr'>te.</span> <span class='ocrx_word' id='word_1_111' title='bbox 559 1141 610 1194; x_wconf 89' lang='lat' dir='ltr'>ubi</span> <span class='ocrx_word' id='word_1_112' title='bbox 628 1141 700 1194; x_wconf 85' lang='lat' dir='ltr'>dicit</span> <span class='ocrx_word' id='word_1_113' title='bbox 719 1159 794 1204; x_wconf 90' lang='lat' dir='ltr'>eum,</span> <span class='ocrx_word' id='word_1_114' title='bbox 822 1141 874 1210; x_wconf 92' lang='lat' dir='ltr'>qui</span> <span class='ocrx_word' id='word_1_115' title='bbox 896 1139 1068 1211; x_wconf 83' lang='lat' dir='ltr'>phoenicem</span> <span class='ocrx_word' id='word_1_116' title='bbox 1096 1157 1160 1194; x_wconf 84' lang='lat' dir='ltr'>ase</span> <span class='ocrx_word' id='word_1_117' title='bbox 1177 1140 1263 1262; x_wconf 50' lang='grc' dir='ltr'><strong>ἱὶιιςί</strong></span> <span class='ocrx_word' id='word_1_118' title='bbox 1282 1139 1393 1192; x_wconf 82' lang='lat' dir='ltr'>somni·</span> 
     </span>
     <span class='ocr_line' id='line_1_13' title="bbox 169 1209 1393 1284; baseline -0.002 -20"><span class='ocrx_word' id='word_1_119' title='bbox 169 1213 237 1278; x_wconf 78' lang='lat' dir='ltr'>erit,</span> <span class='ocrx_word' id='word_1_120' title='bbox 263 1227 299 1266; x_wconf 87' lang='lat' dir='ltr'>eo</span> <span class='ocrx_word' id='word_1_121' title='bbox 322 1229 378 1284; x_wconf 88' lang='lat' dir='ltr'>pau</span> <span class='ocrx_word' id='word_1_122' title='bbox 400 1214 501 1266; x_wconf 87' lang='lat' dir='ltr'>ertatis</span> <span class='ocrx_word' id='word_1_123' title='bbox 525 1220 692 1278; x_wconf 79' lang='lat' dir='ltr'>venturum,</span> <span class='ocrx_word' id='word_1_124' title='bbox 719 1220 753 1264; x_wconf 91' lang='lat' dir='ltr'>ut</span> <span class='ocrx_word' id='word_1_125' title='bbox 770 1212 900 1282; x_wconf 86' lang='lat' dir='ltr'>parentis</span> <span class='ocrx_word' id='word_1_126' title='bbox 920 1212 1041 1265; x_wconf 78' lang='lat' dir='ltr'>cadaver</span> <span class='ocrx_word' id='word_1_127' title='bbox 1058 1227 1140 1264; x_wconf 86' lang='lat' dir='ltr'>more</span> <span class='ocrx_word' id='word_1_128' title='bbox 1163 1229 1183 1281; x_wconf 96' lang='lat' dir='ltr'>p</span> <span class='ocrx_word' id='word_1_129' title='bbox 1206 1209 1322 1264; x_wconf 85' lang='lat' dir='ltr'>oenicis</span> <span class='ocrx_word' id='word_1_130' title='bbox 1340 1209 1393 1262; x_wconf 84' lang='lat' dir='ltr'>bu-</span> 
     </span>
     <span class='ocr_line' id='line_1_14' title="bbox 168 1279 1393 1355; baseline -0.002 -19"><span class='ocrx_word' id='word_1_131' title='bbox 168 1284 258 1337; x_wconf 86' lang='lat' dir='ltr'>meris</span> <span class='ocrx_word' id='word_1_132' title='bbox 276 1284 335 1337; x_wconf 86' lang='lat' dir='ltr'>suis</span> <span class='ocrx_word' id='word_1_133' title='bbox 394 1301 504 1338; x_wconf 89' lang='lat' dir='ltr'>errecc</span> <span class='ocrx_word' id='word_1_134' title='bbox 543 1292 600 1340; x_wconf 86' lang='lat' dir='ltr'>tur.</span> <span class='ocrx_word' id='word_1_135' title='bbox 620 1283 722 1355; x_wconf 82' lang='lat' dir='ltr'>Neque</span> <span class='ocrx_word' id='word_1_136' title='bbox 730 1283 849 1336; x_wconf 90' lang='lat' dir='ltr'>dubium</span> <span class='ocrx_word' id='word_1_137' title='bbox 869 1290 923 1348; x_wconf 90' lang='lat' dir='ltr'>est,</span> <span class='ocrx_word' id='word_1_138' title='bbox 942 1281 1075 1336; x_wconf 89' lang='lat' dir='ltr'>Tacitum</span> <span class='ocrx_word' id='word_1_139' title='bbox 1094 1285 1126 1335; x_wconf 89' lang='lat' dir='ltr'>in</span> <span class='ocrx_word' id='word_1_140' title='bbox 1143 1283 1239 1336; x_wconf 81' lang='lat' dir='ltr'>animo</span> <span class='ocrx_word' id='word_1_141' title='bbox 1255 1279 1393 1334; x_wconf 82' lang='lat' dir='ltr'>babuisse</span> 
     </span>
     <span class='ocr_line' id='line_1_15' title="bbox 168 1302 1393 1431; baseline -0.002 -25"><span class='ocrx_word' id='word_1_142' title='bbox 168 1353 246 1408; x_wconf 88' lang='lat' dir='ltr'>illud</span> <span class='ocrx_word' id='word_1_143' title='bbox 262 1355 343 1431; x_wconf 72' lang='lat' dir='ltr'>virg.</span> <span class='ocrx_word' id='word_1_144' title='bbox 362 1353 433 1410; x_wconf 78' lang='lat' dir='ltr'>Aen.</span> <span class='ocrx_word' id='word_1_145' title='bbox 452 1359 480 1422; x_wconf 89' lang='grc'>4,</span> <span class='ocrx_word' id='word_1_146' title='bbox 499 1302 559 1414; x_wconf 48' lang='grc' dir='ltr'>ἃ.</span> <span class='ocrx_word' id='word_1_147' title='bbox 588 1371 668 1426; x_wconf 77' lang='lat' dir='ltr'>quern</span> <span class='ocrx_word' id='word_1_148' title='bbox 694 1354 817 1409; x_wconf 78' lang='lat' dir='ltr'>subiisse</span> <span class='ocrx_word' id='word_1_149' title='bbox 843 1353 967 1408; x_wconf 65' lang='lat' dir='ltr'>numnis</span> <span class='ocrx_word' id='word_1_150' title='bbox 991 1356 1147 1422; x_wconf 66' lang='lat' dir='ltr'>confectum</span> <span class='ocrx_word' id='word_1_151' title='bbox 1169 1359 1264 1406; x_wconf 81' lang='lat' dir='ltr'>aetate</span> <span class='ocrx_word' id='word_1_152' title='bbox 1284 1369 1393 1421; x_wconf 77' lang='lat' dir='ltr'>paren-</span> 
     </span>
     <span class='ocr_line' id='line_1_16' title="bbox 168 1425 1393 1498; baseline -0.001 -18"><span class='ocrx_word' id='word_1_153' title='bbox 168 1431 233 1481; x_wconf 75' lang='lat' dir='ltr'>tent.</span> <span class='ocrx_word' id='word_1_154' title='bbox 270 1425 366 1497; x_wconf 82' lang='lat' dir='ltr'>Atque</span> <span class='ocrx_word' id='word_1_155' title='bbox 385 1429 471 1480; x_wconf 85' lang='lat' dir='ltr'>etiam</span> <span class='ocrx_word' id='word_1_156' title='bbox 490 1443 550 1481; x_wconf 89' lang='lat' dir='ltr'>non</span> <span class='ocrx_word' id='word_1_157' title='bbox 568 1427 656 1480; x_wconf 87' lang='lat' dir='ltr'>nimis</span> <span class='ocrx_word' id='word_1_158' title='bbox 673 1429 838 1498; x_wconf 75' lang='lat' dir='ltr'>proprietas</span> <span class='ocrx_word' id='word_1_159' title='bbox 855 1425 939 1480; x_wconf 78' lang='lat' dir='ltr'>verbi</span> <span class='ocrx_word' id='word_1_160' title='bbox 957 1427 989 1478; x_wconf 91' lang='lat' dir='ltr'>in</span> <span class='ocrx_word' id='word_1_161' title='bbox 1007 1425 1114 1479; x_wconf 85' lang='lat' dir='ltr'>talibus</span> <span class='ocrx_word' id='word_1_162' title='bbox 1132 1443 1169 1478; x_wconf 88' lang='lat' dir='ltr'>ur</span> <span class='ocrx_word' id='word_1_163' title='bbox 1206 1425 1272 1477; x_wconf 85' lang='lat' dir='ltr'>uda.</span> <span class='ocrx_word' id='word_1_164' title='bbox 1312 1425 1393 1479; x_wconf 82' lang='lat' dir='ltr'>Idem</span> 
     </span>
     <span class='ocr_line' id='line_1_17' title="bbox 168 1495 1394 1568; baseline -0.003 -17"><span class='ocrx_word' id='word_1_165' title='bbox 168 1495 324 1552; x_wconf 79' lang='lat' dir='ltr'>Salmasius</span> <span class='ocrx_word' id='word_1_166' title='bbox 343 1497 444 1552; x_wconf 84' lang='lat' dir='ltr'>deinde</span> <span class='ocrx_word' id='word_1_167' title='bbox 461 1498 528 1552; x_wconf 81' lang='lat' dir='ltr'>vult</span> <span class='ocrx_word' id='word_1_168' title='bbox 546 1515 631 1568; x_wconf 81' lang='lat' dir='ltr'>neque</span> <span class='ocrx_word' id='word_1_169' title='bbox 650 1499 779 1552; x_wconf 81' lang='lat' dir='ltr'>adolere.-</span> <span class='ocrx_word' id='word_1_170' title='bbox 806 1515 874 1552; x_wconf 86' lang='lat' dir='ltr'>nam</span> <span class='ocrx_word' id='word_1_171' title='bbox 901 1498 1015 1552; x_wconf 85' lang='lat' dir='ltr'>cineres</span> <span class='ocrx_word' id='word_1_172' title='bbox 1043 1497 1101 1550; x_wconf 88' lang='lat' dir='ltr'>iam</span> <span class='ocrx_word' id='word_1_173' title='bbox 1128 1497 1161 1550; x_wconf 84' lang='lat' dir='ltr'>in</span> <span class='ocrx_word' id='word_1_174' title='bbox 1204 1495 1282 1548; x_wconf 85' lang='lat' dir='ltr'>ols&#39;s</span> <span class='ocrx_word' id='word_1_175' title='bbox 1312 1511 1394 1548; x_wconf 76' lang='lat' dir='ltr'>ornan</span> 
     </span>
     <span class='ocr_line' id='line_1_18' title="bbox 167 1567 1392 1641; baseline 0 -19"><span class='ocrx_word' id='word_1_176' title='bbox 167 1569 278 1636; x_wconf 66' lang='lat' dir='ltr'>deferri</span> <span class='ocrx_word' id='word_1_177' title='bbox 296 1577 329 1622; x_wconf 89' lang='lat' dir='ltr'>et</span> <span class='ocrx_word' id='word_1_178' title='bbox 345 1567 384 1622; x_wconf 92' lang='lat' dir='ltr'>ibi</span> <span class='ocrx_word' id='word_1_179' title='bbox 403 1569 544 1641; x_wconf 81' lang='lat' dir='ltr'>relinqui,</span> <span class='ocrx_word' id='word_1_180' title='bbox 563 1587 623 1623; x_wconf 88' lang='lat' dir='ltr'>nou</span> <span class='ocrx_word' id='word_1_181' title='bbox 642 1571 772 1623; x_wconf 85' lang='lat' dir='ltr'>comburi</span> <span class='ocrx_word' id='word_1_182' title='bbox 792 1585 907 1640; x_wconf 85' lang='lat' dir='ltr'>corpus.</span> <span class='ocrx_word' id='word_1_183' title='bbox 945 1567 1000 1622; x_wconf 87' lang='lat' dir='ltr'>Sed</span> <span class='ocrx_word' id='word_1_184' title='bbox 1018 1568 1180 1623; x_wconf 81' lang='lat' dir='ltr'>Herodotus</span> <span class='ocrx_word' id='word_1_185' title='bbox 1198 1567 1283 1634; x_wconf 87' lang='lat' dir='ltr'>dicit,</span> <span class='ocrx_word' id='word_1_186' title='bbox 1303 1567 1392 1640; x_wconf 76' lang='lat' dir='ltr'>phoe-</span> 
     </span>
     <span class='ocr_line' id='line_1_19' title="bbox 166 1640 1392 1712; baseline 0.002 -19"><span class='ocrx_word' id='word_1_187' title='bbox 166 1641 262 1694; x_wconf 85' lang='lat' dir='ltr'>nicem</span> <span class='ocrx_word' id='word_1_188' title='bbox 279 1643 394 1694; x_wconf 72' lang='grc' dir='ltr'>θάπτειν</span> <span class='ocrx_word' id='word_1_189' title='bbox 411 1649 524 1712; x_wconf 89' lang='lat' dir='ltr'>patrem</span> <span class='ocrx_word' id='word_1_190' title='bbox 542 1659 626 1695; x_wconf 88' lang='lat' dir='ltr'>suum</span> <span class='ocrx_word' id='word_1_191' title='bbox 645 1641 676 1694; x_wconf 91' lang='lat' dir='ltr'>in</span> <span class='ocrx_word' id='word_1_192' title='bbox 694 1641 814 1712; x_wconf 86' lang='lat' dir='ltr'>templo,</span> <span class='ocrx_word' id='word_1_193' title='bbox 838 1641 926 1710; x_wconf 88' lang='lat' dir='ltr'>idque</span> <span class='ocrx_word' id='word_1_194' title='bbox 944 1640 1010 1694; x_wconf 77' lang='lat' dir='ltr'>fieri</span> <span class='ocrx_word' id='word_1_195' title='bbox 1029 1643 1061 1694; x_wconf 91' lang='lat' dir='ltr'>in</span> <span class='ocrx_word' id='word_1_196' title='bbox 1078 1660 1128 1694; x_wconf 87' lang='lat' dir='ltr'>ara</span> <span class='ocrx_word' id='word_1_197' title='bbox 1145 1641 1254 1695; x_wconf 87' lang='lat' dir='ltr'>Noster</span> <span class='ocrx_word' id='word_1_198' title='bbox 1280 1649 1314 1695; x_wconf 91' lang='lat' dir='ltr'>et</span> <span class='ocrx_word' id='word_1_199' title='bbox 1341 1642 1392 1695; x_wconf 83' lang='lat' dir='ltr'>alii</span> 
     </span>
     <span class='ocr_line' id='line_1_20' title="bbox 166 1711 1390 1786; baseline -0.001 -19"><span class='ocrx_word' id='word_1_200' title='bbox 166 1711 295 1768; x_wconf 85' lang='lat' dir='ltr'>tradunt.</span> <span class='ocrx_word' id='word_1_201' title='bbox 333 1712 414 1765; x_wconf 88' lang='lat' dir='ltr'>lllud</span> <span class='ocrx_word' id='word_1_202' title='bbox 434 1721 533 1767; x_wconf 89' lang='lat' dir='ltr'>autem</span> <span class='ocrx_word' id='word_1_203' title='bbox 558 1717 672 1767; x_wconf 75' lang='grc' dir='ltr'><strong><em>θάπτειν</em></strong></span> <span class='ocrx_word' id='word_1_204' title='bbox 695 1713 727 1766; x_wconf 88' lang='lat' dir='ltr'>in</span> <span class='ocrx_word' id='word_1_205' title='bbox 756 1731 805 1767; x_wconf 87' lang='lat' dir='ltr'>ara</span> <span class='ocrx_word' id='word_1_206' title='bbox 825 1713 968 1786; x_wconf 87' lang='lat' dir='ltr'>quomodo</span> <span class='ocrx_word' id='word_1_207' title='bbox 991 1714 1057 1768; x_wconf 85' lang='lat' dir='ltr'>fieri</span> <span class='ocrx_word' id='word_1_208' title='bbox 1081 1731 1187 1786; x_wconf 84' lang='lat' dir='ltr'>quaese</span> <span class='ocrx_word' id='word_1_209' title='bbox 1213 1721 1316 1784; x_wconf 84' lang='lat' dir='ltr'>potest</span> <span class='ocrx_word' id='word_1_210' title='bbox 1334 1715 1390 1768; x_wconf 86' lang='lat' dir='ltr'>nisi</span> 
     </span>
     <span class='ocr_line' id='line_1_21' title="bbox 166 1783 1391 1862; baseline 0.002 -25"><span class='ocrx_word' id='word_1_211' title='bbox 166 1783 315 1850; x_wconf 80' lang='lat' dir='ltr'>adolendo,</span> <span class='ocrx_word' id='word_1_212' title='bbox 334 1785 509 1839; x_wconf 77' lang='lat' dir='ltr'>cremando?</span> <span class='ocrx_word' id='word_1_213' title='bbox 529 1787 591 1839; x_wconf 81' lang='lat' dir='ltr'>sive</span> <span class='ocrx_word' id='word_1_214' title='bbox 610 1786 672 1858; x_wconf 86' lang='lat' dir='ltr'>ipse</span> <span class='ocrx_word' id='word_1_215' title='bbox 690 1785 829 1840; x_wconf 86' lang='lat' dir='ltr'>abiecerit</span> <span class='ocrx_word' id='word_1_216' title='bbox 846 1787 878 1840; x_wconf 89' lang='lat' dir='ltr'>in</span> <span class='ocrx_word' id='word_1_217' title='bbox 897 1786 1004 1862; x_wconf 70' lang='lat' dir='ltr'>ignem,</span> <span class='ocrx_word' id='word_1_218' title='bbox 1023 1787 1085 1841; x_wconf 81' lang='lat' dir='ltr'>sive</span> <span class='ocrx_word' id='word_1_219' title='bbox 1097 1785 1296 1842; x_wconf 83' lang='lat' dir='ltr'>sacerdotibus</span> <span class='ocrx_word' id='word_1_220' title='bbox 1312 1801 1391 1840; x_wconf 84' lang='lat' dir='ltr'>com·</span> 
     </span>
     <span class='ocr_line' id='line_1_22' title="bbox 166 1855 1390 1928; baseline 0.002 -18"><span class='ocrx_word' id='word_1_221' title='bbox 166 1856 329 1910; x_wconf 89' lang='lat' dir='ltr'>burendum</span> <span class='ocrx_word' id='word_1_222' title='bbox 355 1855 523 1928; x_wconf 81' lang='lat' dir='ltr'>reliquerit.</span> <span class='ocrx_word' id='word_1_223' title='bbox 560 1858 659 1926; x_wconf 83' lang='lat' dir='ltr'>Qualis</span> <span class='ocrx_word' id='word_1_224' title='bbox 682 1867 779 1914; x_wconf 89' lang='lat' dir='ltr'>autem</span> <span class='ocrx_word' id='word_1_225' title='bbox 806 1857 908 1912; x_wconf 85' lang='lat' dir='ltr'>medus</span> <span class='ocrx_word' id='word_1_226' title='bbox 933 1859 1072 1912; x_wconf 84' lang='lat' dir='ltr'>narrandi</span> <span class='ocrx_word' id='word_1_227' title='bbox 1098 1858 1131 1911; x_wconf 84' lang='lat' dir='ltr'>a&#39;n</span> <span class='ocrx_word' id='word_1_228' title='bbox 1154 1874 1236 1911; x_wconf 77' lang='lat' dir='ltr'>ornan</span> <span class='ocrx_word' id='word_1_229' title='bbox 1257 1859 1390 1926; x_wconf 72' lang='lat' dir='ltr'>per-ferre</span> 
     </span>
     <span class='ocr_line' id='line_1_23' title="bbox 166 1928 1391 2002; baseline 0.002 -20"><span class='ocrx_word' id='word_1_230' title='bbox 166 1943 253 2000; x_wconf 80' lang='lat' dir='ltr'>neque</span> <span class='ocrx_word' id='word_1_231' title='bbox 270 1928 405 1982; x_wconf 79' lang='lat' dir='ltr'>adolere?</span> <span class='ocrx_word' id='word_1_232' title='bbox 432 1929 499 1984; x_wconf 90' lang='lat' dir='ltr'>Non</span> <span class='ocrx_word' id='word_1_233' title='bbox 516 1932 613 2002; x_wconf 89' lang='lat' dir='ltr'>potius</span> <span class='ocrx_word' id='word_1_234' title='bbox 632 1931 777 1986; x_wconf 84' lang='lat' dir='ltr'>omisisset</span> <span class='ocrx_word' id='word_1_235' title='bbox 795 1929 913 1984; x_wconf 85' lang='lat' dir='ltr'>Tacitus</span> <span class='ocrx_word' id='word_1_236' title='bbox 930 1929 988 1984; x_wconf 88' lang='lat' dir='ltr'>hoc</span> <span class='ocrx_word' id='word_1_237' title='bbox 1005 1930 1130 1985; x_wconf 80' lang='lat' dir='ltr'>addere?</span> <span class='ocrx_word' id='word_1_238' title='bbox 1158 1931 1238 1985; x_wconf 89' lang='lat' dir='ltr'>ldem</span> <span class='ocrx_word' id='word_1_239' title='bbox 1256 1930 1391 1984; x_wconf 80' lang='lat' dir='ltr'>iudican-</span> 
     </span>
     <span class='ocr_line' id='line_1_24' title="bbox 165 2001 1389 2074; baseline -0.002 -18"><span class='ocrx_word' id='word_1_240' title='bbox 165 2001 235 2056; x_wconf 89' lang='lat' dir='ltr'>dum</span> <span class='ocrx_word' id='word_1_241' title='bbox 253 2001 289 2056; x_wconf 80' lang='lat' dir='ltr'>de</span> <span class='ocrx_word' id='word_1_242' title='bbox 307 2001 458 2072; x_wconf 80' lang='lat' dir='ltr'>Ryokiano</span> <span class='ocrx_word' id='word_1_243' title='bbox 486 2009 570 2074; x_wconf 78' lang='lat' dir='ltr'>utque</span> <span class='ocrx_word' id='word_1_244' title='bbox 593 2003 738 2060; x_wconf 82' lang='lat' dir='ltr'>avolare.“</span> <span class='ocrx_word' id='word_1_245' title='bbox 764 2003 834 2060; x_wconf 83' lang='lat' dir='ltr'>Ern.</span> <span class='ocrx_word' id='word_1_246' title='bbox 868 2033 902 2046; x_wconf 86' lang='lat'><em>-</em></span> <span class='ocrx_word' id='word_1_247' title='bbox 929 2003 1007 2056; x_wconf 83' lang='lat' dir='ltr'>Haec</span> <span class='ocrx_word' id='word_1_248' title='bbox 1033 2003 1143 2056; x_wconf 83' lang='lat' dir='ltr'>ineerta</span> <span class='ocrx_word' id='word_1_249' title='bbox 1163 2033 1196 2046; x_wconf 89' lang='lat'>-</span> <span class='ocrx_word' id='word_1_250' title='bbox 1214 2002 1389 2070; x_wconf 78' lang='lat' dir='ltr'>ornbs&#39;gr&#39;tur:</span> 
     </span>
     <span class='ocr_line' id='line_1_25' title="bbox 164 2070 1389 2152; baseline -0.001 -25"><span class='ocrx_word' id='word_1_251' title='bbox 164 2070 301 2141; x_wconf 82' lang='lat' dir='ltr'>„Noster</span> <span class='ocrx_word' id='word_1_252' title='bbox 317 2075 478 2152; x_wconf 74' lang='lat' dir='ltr'>pugnantia</span> <span class='ocrx_word' id='word_1_253' title='bbox 496 2075 570 2128; x_wconf 91' lang='lat' dir='ltr'>dicit</span> <span class='ocrx_word' id='word_1_254' title='bbox 586 2076 684 2130; x_wconf 85' lang='lat' dir='ltr'>iudice</span> <span class='ocrx_word' id='word_1_255' title='bbox 700 2073 885 2132; x_wconf 80' lang='lat' dir='ltr'>Altlovrautlo</span> <span class='ocrx_word' id='word_1_256' title='bbox 904 2073 1045 2128; x_wconf 84' lang='lat' dir='ltr'>ornithol.</span> <span class='ocrx_word' id='word_1_257' title='bbox 1067 2077 1111 2141; x_wconf 83' lang='lat'>12,</span> <span class='ocrx_word' id='word_1_258' title='bbox 1130 2077 1175 2132; x_wconf 75' lang='lat'>28.</span> <span class='ocrx_word' id='word_1_259' title='bbox 1210 2075 1251 2128; x_wconf 83' lang='lat' dir='ltr'>At</span> <span class='ocrx_word' id='word_1_260' title='bbox 1268 2073 1389 2128; x_wconf 79' lang='lat' dir='ltr'>Tacitus</span> 
     </span>
     <span class='ocr_line' id='line_1_26' title="bbox 166 2145 1390 2217; baseline 0 -17"><span class='ocrx_word' id='word_1_261' title='bbox 166 2147 354 2212; x_wconf 77' lang='lat' dir='ltr'>existimavit,</span> <span class='ocrx_word' id='word_1_262' title='bbox 392 2145 545 2201; x_wconf 89' lang='lat' dir='ltr'>hoenicem</span> <span class='ocrx_word' id='word_1_263' title='bbox 570 2165 668 2202; x_wconf 83' lang='lat' dir='ltr'>veram</span> <span class='ocrx_word' id='word_1_264' title='bbox 696 2165 757 2202; x_wconf 83' lang='lat' dir='ltr'>esse</span> <span class='ocrx_word' id='word_1_265' title='bbox 779 2147 941 2213; x_wconf 81' lang='lat' dir='ltr'>volucrem,</span> <span class='ocrx_word' id='word_1_266' title='bbox 966 2145 1017 2202; x_wconf 87' lang='lat' dir='ltr'>sed</span> <span class='ocrx_word' id='word_1_267' title='bbox 1034 2145 1070 2201; x_wconf 84' lang='lat' dir='ltr'>de</span> <span class='ocrx_word' id='word_1_268' title='bbox 1098 2164 1130 2200; x_wconf 91' lang='lat' dir='ltr'>ea</span> <span class='ocrx_word' id='word_1_269' title='bbox 1154 2146 1286 2217; x_wconf 85' lang='lat' dir='ltr'>plurima</span> <span class='ocrx_word' id='word_1_270' title='bbox 1315 2147 1390 2200; x_wconf 83' lang='lat' dir='ltr'>ferri</span> 
     </span>
     <span class='ocr_line' id='line_1_27' title="bbox 167 2165 771 2276; baseline 0.01 -6"><span class='ocrx_word' id='word_1_271' title='bbox 167 2217 277 2275; x_wconf 85' lang='lat' dir='ltr'>incerta</span> <span class='ocrx_word' id='word_1_272' title='bbox 295 2225 326 2274; x_wconf 90' lang='lat' dir='ltr'>et</span> <span class='ocrx_word' id='word_1_273' title='bbox 342 2165 481 2274; x_wconf 67' lang='lat' dir='ltr'>seditiosis</span> <span class='ocrx_word' id='word_1_274' title='bbox 499 2219 670 2275; x_wconf 86' lang='lat' dir='ltr'>auctitari.“</span> <span class='ocrx_word' id='word_1_275' title='bbox 688 2219 771 2276; x_wconf 80' lang='lat' dir='ltr'>Brut.</span> 
     </span>
    </p>
   </div>
   <div class='ocr_carea' id='block_1_3' title="bbox 590 2364 953 2422">
    <p class='ocr_par' dir='ltr' id='par_1_3' title="bbox 590 2364 953 2422">
     <span class='ocr_line' id='line_1_28' title="bbox 590 2364 953 2422; baseline 0.003 -2"><span class='ocrx_word' id='word_1_276' title='bbox 590 2364 782 2420; x_wconf 79' lang='lat' dir='ltr'><strong>CAPUT</strong></span> <span class='ocrx_word' id='word_1_277' title='bbox 831 2365 953 2422; x_wconf 81' lang='lat' dir='ltr'>XXIX.</span> 
     </span>
    </p>
   </div>
   <div class='ocr_carea' id='block_1_4' title="bbox 159 2473 1391 4132">
    <p class='ocr_par' dir='ltr' id='par_1_4' title="bbox 159 2473 1391 4132">
     <span class='ocr_line' id='line_1_29' title="bbox 247 2473 1389 2560; baseline -0.002 -24"><span class='ocrx_word' id='word_1_278' title='bbox 247 2475 293 2538; x_wconf 82' lang='lat' dir='ltr'>At</span> <span class='ocrx_word' id='word_1_279' title='bbox 314 2473 448 2556; x_wconf 86' lang='lat' dir='ltr'>Romae,</span> <span class='ocrx_word' id='word_1_280' title='bbox 470 2473 568 2538; x_wconf 87' lang='lat' dir='ltr'>caede</span> <span class='ocrx_word' id='word_1_281' title='bbox 591 2477 759 2554; x_wconf 89' lang='lat' dir='ltr'>continua,</span> <span class='ocrx_word' id='word_1_282' title='bbox 780 2475 983 2560; x_wconf 86' lang='lat' dir='ltr'>Pomponius</span> <span class='ocrx_word' id='word_1_283' title='bbox 1003 2473 1128 2553; x_wconf 83' lang='lat' dir='ltr'>Labeo,</span> <span class='ocrx_word' id='word_1_284' title='bbox 1159 2491 1257 2556; x_wconf 88' lang='lat' dir='ltr'>quem</span> <span class='ocrx_word' id='word_1_285' title='bbox 1290 2491 1389 2556; x_wconf 86' lang='lat' dir='ltr'>prae-</span> 
     </span>
     <span class='ocr_line' id='line_1_30' title="bbox 164 2555 1389 2645; baseline -0.002 -27"><span class='ocrx_word' id='word_1_286' title='bbox 164 2559 267 2620; x_wconf 78' lang='lat' dir='ltr'>fuisse</span> <span class='ocrx_word' id='word_1_287' title='bbox 288 2556 438 2624; x_wconf 78' lang='lat' dir='ltr'>Moesiae</span> <span class='ocrx_word' id='word_1_288' title='bbox 465 2559 579 2638; x_wconf 87' lang='lat' dir='ltr'>retuli,</span> <span class='ocrx_word' id='word_1_289' title='bbox 612 2579 672 2642; x_wconf 90' lang='lat' dir='ltr'>per</span> <span class='ocrx_word' id='word_1_290' title='bbox 702 2559 859 2644; x_wconf 89' lang='lat' dir='ltr'>abruptas</span> <span class='ocrx_word' id='word_1_291' title='bbox 886 2577 986 2621; x_wconf 82' lang='lat' dir='ltr'>venes</span> <span class='ocrx_word' id='word_1_292' title='bbox 1022 2557 1217 2645; x_wconf 77' lang='lat' dir='ltr'>sanguinem</span> <span class='ocrx_word' id='word_1_293' title='bbox 1254 2555 1389 2633; x_wconf 85' lang='lat' dir='ltr'>effudit,</span> 
     </span>
     <span class='ocr_line' id='line_1_31' title="bbox 164 2638 1391 2724; baseline 0 -22"><span class='ocrx_word' id='word_1_294' title='bbox 164 2641 394 2724; x_wconf 78' lang='lat' dir='ltr'>aemulataque</span> <span class='ocrx_word' id='word_1_295' title='bbox 433 2650 483 2705; x_wconf 90' lang='lat' dir='ltr'>est</span> <span class='ocrx_word' id='word_1_296' title='bbox 519 2645 666 2705; x_wconf 86' lang='lat' dir='ltr'>coniunx</span> <span class='ocrx_word' id='word_1_297' title='bbox 701 2642 837 2704; x_wconf 80' lang='lat' dir='ltr'>Paxaea.</span> <span class='ocrx_word' id='word_1_298' title='bbox 887 2641 974 2704; x_wconf 88' lang='lat' dir='ltr'>Nam</span> <span class='ocrx_word' id='word_1_299' title='bbox 1011 2649 1182 2724; x_wconf 85' lang='lat' dir='ltr'>promptas</span> <span class='ocrx_word' id='word_1_300' title='bbox 1221 2638 1391 2702; x_wconf 86' lang='lat' dir='ltr'>eiusmodi</span> 
     </span>
     <span class='ocr_line' id='line_1_32' title="bbox 164 2721 1390 2808; baseline -0.002 -22"><span class='ocrx_word' id='word_1_301' title='bbox 164 2731 290 2786; x_wconf 88' lang='lat' dir='ltr'>mortes</span> <span class='ocrx_word' id='word_1_302' title='bbox 312 2733 419 2788; x_wconf 89' lang='lat' dir='ltr'>metus</span> <span class='ocrx_word' id='word_1_303' title='bbox 440 2724 609 2788; x_wconf 84' lang='lat' dir='ltr'>carnificis</span> <span class='ocrx_word' id='word_1_304' title='bbox 630 2726 781 2800; x_wconf 81' lang='lat' dir='ltr'>iaciebat,</span> <span class='ocrx_word' id='word_1_305' title='bbox 812 2731 846 2786; x_wconf 90' lang='lat' dir='ltr'>et</span> <span class='ocrx_word' id='word_1_306' title='bbox 867 2727 943 2808; x_wconf 86' lang='lat' dir='ltr'>quia</span> <span class='ocrx_word' id='word_1_307' title='bbox 969 2721 1116 2786; x_wconf 89' lang='lat' dir='ltr'>damnati</span> <span class='ocrx_word' id='word_1_308' title='bbox 1137 2723 1315 2807; x_wconf 87' lang='lat' dir='ltr'>publicatis</span> <span class='ocrx_word' id='word_1_309' title='bbox 1330 2723 1390 2784; x_wconf 92' lang='lat' dir='ltr'>bo-</span> 
     </span>
     <span class='ocr_line' id='line_1_33' title="bbox 164 2805 1389 2892; baseline 0.002 -26"><span class='ocrx_word' id='word_1_310' title='bbox 164 2807 216 2866; x_wconf 86' lang='lat' dir='ltr'>nis</span> <span class='ocrx_word' id='word_1_311' title='bbox 244 2809 415 2890; x_wconf 89' lang='lat' dir='ltr'>sepultura</span> <span class='ocrx_word' id='word_1_312' title='bbox 436 2809 710 2892; x_wconf 86' lang='lat' dir='ltr'>prohibebantur,</span> <span class='ocrx_word' id='word_1_313' title='bbox 740 2825 868 2886; x_wconf 91' lang='lat' dir='ltr'>eorum,</span> <span class='ocrx_word' id='word_1_314' title='bbox 891 2805 1066 2892; x_wconf 87' lang='lat' dir='ltr'>quidese</span> <span class='ocrx_word' id='word_1_315' title='bbox 1094 2805 1295 2884; x_wconf 83' lang='lat' dir='ltr'>statuebant,</span> <span class='ocrx_word' id='word_1_316' title='bbox 1325 2805 1389 2869; x_wconf 90' lang='lat' dir='ltr'>hu-</span> 
     </span>
     <span class='ocr_line' id='line_1_34' title="bbox 163 2887 1388 2974; baseline -0.001 -24"><span class='ocrx_word' id='word_1_317' title='bbox 163 2887 342 2952; x_wconf 88' lang='lat' dir='ltr'>mabantur</span> <span class='ocrx_word' id='word_1_318' title='bbox 369 2908 523 2974; x_wconf 85' lang='lat' dir='ltr'>corpora,</span> <span class='ocrx_word' id='word_1_319' title='bbox 555 2891 733 2954; x_wconf 85' lang='lat' dir='ltr'>manebant</span> <span class='ocrx_word' id='word_1_320' title='bbox 760 2899 974 2968; x_wconf 86' lang='lat' dir='ltr'>testamenta,</span> <span class='ocrx_word' id='word_1_321' title='bbox 1010 2892 1159 2973; x_wconf 88' lang='lat' dir='ltr'>pretium</span> <span class='ocrx_word' id='word_1_322' title='bbox 1197 2888 1388 2951; x_wconf 79' lang='lat' dir='ltr'>festinandi.</span> 
     </span>
     <span class='ocr_line' id='line_1_35' title="bbox 164 2969 1390 3056; baseline 0.001 -22"><span class='ocrx_word' id='word_1_323' title='bbox 164 2970 231 3036; x_wconf 84' lang='lat' dir='ltr'>Sed</span> <span class='ocrx_word' id='word_1_324' title='bbox 260 2969 383 3036; x_wconf 80' lang='lat' dir='ltr'>Caesar</span> <span class='ocrx_word' id='word_1_325' title='bbox 413 2975 522 3037; x_wconf 85' lang='lat' dir='ltr'>missis</span> <span class='ocrx_word' id='word_1_326' title='bbox 549 2973 590 3038; x_wconf 89' lang='lat' dir='ltr'>ad</span> <span class='ocrx_word' id='word_1_327' title='bbox 617 2983 768 3037; x_wconf 88' lang='lat' dir='ltr'>senatum</span> <span class='ocrx_word' id='word_1_328' title='bbox 800 2974 911 3036; x_wconf 86' lang='lat' dir='ltr'>literis</span> <span class='ocrx_word' id='word_1_329' title='bbox 942 2973 1113 3046; x_wconf 85' lang='lat' dir='ltr'>disseruit,</span> <span class='ocrx_word' id='word_1_330' title='bbox 1142 2991 1254 3036; x_wconf 87' lang='lat' dir='ltr'>rnorem</span> <span class='ocrx_word' id='word_1_331' title='bbox 1282 2971 1390 3056; x_wconf 74' lang='lat' dir='ltr'>[uisse</span> 
     </span>
     <span class='ocr_line' id='line_1_36' title="bbox 162 3055 1390 3140; baseline 0.001 -23"><span class='ocrx_word' id='word_1_332' title='bbox 162 3055 348 3134; x_wconf 80' lang='lat' dir='ltr'>maioribus,</span> <span class='ocrx_word' id='word_1_333' title='bbox 370 3061 518 3140; x_wconf 79' lang='lat' dir='ltr'>quotiens</span> <span class='ocrx_word' id='word_1_334' title='bbox 538 3058 720 3122; x_wconf 82' lang='lat' dir='ltr'>dirimerent</span> <span class='ocrx_word' id='word_1_335' title='bbox 741 3061 915 3136; x_wconf 78' lang='lat' dir='ltr'>amicitior,</span> <span class='ocrx_word' id='word_1_336' title='bbox 934 3057 1125 3121; x_wconf 82' lang='lat' dir='ltr'>interdicere</span> <span class='ocrx_word' id='word_1_337' title='bbox 1147 3057 1237 3119; x_wconf 87' lang='lat' dir='ltr'>domo</span> <span class='ocrx_word' id='word_1_338' title='bbox 1259 3076 1390 3138; x_wconf 73' lang='lat' dir='ltr'>wmque</span> 
     </span>
     <span class='ocr_line' id='line_1_37' title="bbox 163 3135 1388 3222; baseline 0 -19"><span class='ocrx_word' id='word_1_339' title='bbox 163 3139 255 3221; x_wconf 79' lang='lat' dir='ltr'>finem</span> <span class='ocrx_word' id='word_1_340' title='bbox 274 3143 406 3222; x_wconf 76' lang='lat' dir='ltr'>gratioe</span> <span class='ocrx_word' id='word_1_341' title='bbox 424 3160 557 3222; x_wconf 85' lang='lat' dir='ltr'>ponere:</span> <span class='ocrx_word' id='word_1_342' title='bbox 592 3141 629 3204; x_wconf 83' lang='lat' dir='ltr'>id</span> <span class='ocrx_word' id='word_1_343' title='bbox 654 3161 688 3205; x_wconf 84' lang='lat' dir='ltr'>ae</span> <span class='ocrx_word' id='word_1_344' title='bbox 716 3144 901 3222; x_wconf 80' lang='lat' dir='ltr'>repetivisse</span> <span class='ocrx_word' id='word_1_345' title='bbox 925 3143 961 3204; x_wconf 83' lang='lat' dir='ltr'>in</span> <span class='ocrx_word' id='word_1_346' title='bbox 980 3135 1144 3218; x_wconf 81' lang='lat' dir='ltr'>Labeone,</span> <span class='ocrx_word' id='word_1_347' title='bbox 1167 3151 1265 3222; x_wconf 75' lang='lat' dir='ltr'>utque</span> <span class='ocrx_word' id='word_1_348' title='bbox 1284 3141 1388 3218; x_wconf 73' lang='lat' dir='ltr'>ittam,</span> 
     </span>
     <span class='ocr_line' id='line_1_38' title="bbox 162 3223 1388 3308; baseline -0.001 -22"><span class='ocrx_word' id='word_1_349' title='bbox 162 3225 242 3304; x_wconf 79' lang='lat' dir='ltr'>qnia</span> <span class='ocrx_word' id='word_1_350' title='bbox 261 3223 342 3286; x_wconf 85' lang='lat' dir='ltr'>rnele</span> <span class='ocrx_word' id='word_1_351' title='bbox 359 3225 604 3289; x_wconf 81' lang='lat' dir='ltr'>administratae</span> <span class='ocrx_word' id='word_1_352' title='bbox 620 3227 809 3305; x_wconf 85' lang='lat' dir='ltr'>prouinciae</span> <span class='ocrx_word' id='word_1_353' title='bbox 836 3224 1032 3306; x_wconf 70' lang='lat' dir='ltr'>ultumoque</span> <span class='ocrx_word' id='word_1_354' title='bbox 1057 3227 1219 3288; x_wconf 81' lang='lat' dir='ltr'>criminum</span> <span class='ocrx_word' id='word_1_355' title='bbox 1237 3223 1388 3308; x_wconf 55' lang='lat' dir='ltr'>{urgebu-</span> 
     </span>
     <span class='ocr_line' id='line_1_39' title="bbox 164 3306 1389 3390; baseline 0.002 -23"><span class='ocrx_word' id='word_1_356' title='bbox 164 3315 228 3380; x_wconf 85' lang='lat' dir='ltr'>tnr,</span> <span class='ocrx_word' id='word_1_357' title='bbox 251 3306 372 3388; x_wconf 83' lang='lat' dir='ltr'>eulpam</span> <span class='ocrx_word' id='word_1_358' title='bbox 394 3309 518 3372; x_wconf 80' lang='lat' dir='ltr'>invidio</span> <span class='ocrx_word' id='word_1_359' title='bbox 538 3309 703 3386; x_wconf 81' lang='lat' dir='ltr'>velavisse,</span> <span class='ocrx_word' id='word_1_360' title='bbox 724 3307 852 3388; x_wconf 73' lang='lat' dir='ltr'>fnestra</span> <span class='ocrx_word' id='word_1_361' title='bbox 874 3311 1052 3371; x_wconf 86' lang='lat' dir='ltr'>conterrito</span> <span class='ocrx_word' id='word_1_362' title='bbox 1065 3327 1175 3382; x_wconf 77' lang='lat' dir='ltr'>neore,</span> <span class='ocrx_word' id='word_1_363' title='bbox 1197 3327 1301 3390; x_wconf 80' lang='lat' dir='ltr'>quern,</span> <span class='ocrx_word' id='word_1_364' title='bbox 1325 3309 1389 3370; x_wconf 83' lang='lat' dir='ltr'>etsi</span> 
     </span>
     <span class='ocr_line' id='line_1_40' title="bbox 161 3389 1386 3478; baseline 0 -26"><span class='ocrx_word' id='word_1_365' title='bbox 161 3400 332 3464; x_wconf 68' lang='lat' dir='ltr'>nocentem</span> <span class='ocrx_word' id='word_1_366' title='bbox 352 3391 488 3472; x_wconf 82' lang='lat' dir='ltr'>periculi</span> <span class='ocrx_word' id='word_1_367' title='bbox 510 3401 610 3454; x_wconf 82' lang='lat' dir='ltr'>tumen</span> <span class='ocrx_word' id='word_1_368' title='bbox 631 3402 787 3473; x_wconf 76' lang='lat' dir='ltr'>expertem</span> <span class='ocrx_word' id='word_1_369' title='bbox 807 3391 920 3478; x_wconf 70' lang='lat' dir='ltr'>fnisse.</span> <span class='ocrx_word' id='word_1_370' title='bbox 963 3391 1153 3454; x_wconf 88' lang='lat' dir='ltr'>Mamercus</span> <span class='ocrx_word' id='word_1_371' title='bbox 1182 3389 1260 3456; x_wconf 87' lang='lat' dir='ltr'>dein</span> <span class='ocrx_word' id='word_1_372' title='bbox 1282 3389 1386 3452; x_wconf 89' lang='lat' dir='ltr'>Scau-</span> 
     </span>
     <span class='ocr_line' id='line_1_41' title="bbox 162 3473 1386 3564; baseline 0.002 -29"><span class='ocrx_word' id='word_1_373' title='bbox 162 3493 221 3536; x_wconf 89' lang='lat' dir='ltr'>rus</span> <span class='ocrx_word' id='word_1_374' title='bbox 254 3493 391 3538; x_wconf 85' lang='lat' dir='ltr'>rursum</span> <span class='ocrx_word' id='word_1_375' title='bbox 422 3475 623 3558; x_wconf 85' lang='lat' dir='ltr'>postulatur,</span> <span class='ocrx_word' id='word_1_376' title='bbox 655 3477 795 3564; x_wconf 76' lang='lat' dir='ltr'>insignis</span> <span class='ocrx_word' id='word_1_377' title='bbox 824 3473 1000 3538; x_wconf 88' lang='lat' dir='ltr'>nobilitate</span> <span class='ocrx_word' id='word_1_378' title='bbox 1027 3485 1061 3538; x_wconf 90' lang='lat' dir='ltr'>et</span> <span class='ocrx_word' id='word_1_379' title='bbox 1095 3473 1231 3537; x_wconf 87' lang='lat' dir='ltr'>orandis</span> <span class='ocrx_word' id='word_1_380' title='bbox 1265 3475 1386 3550; x_wconf 85' lang='lat' dir='ltr'>causis,</span> 
     </span>
     <span class='ocr_line' id='line_1_42' title="bbox 162 3555 1387 3639; baseline -0.002 -19"><span class='ocrx_word' id='word_1_381' title='bbox 162 3559 233 3620; x_wconf 80' lang='lat' dir='ltr'>vite</span> <span class='ocrx_word' id='word_1_382' title='bbox 253 3558 446 3639; x_wconf 86' lang='lat' dir='ltr'>probrosus.</span> <span class='ocrx_word' id='word_1_383' title='bbox 490 3557 587 3620; x_wconf 90' lang='lat' dir='ltr'>Nihil</span> <span class='ocrx_word' id='word_1_384' title='bbox 607 3559 696 3620; x_wconf 92' lang='lat' dir='ltr'>hunc</span> <span class='ocrx_word' id='word_1_385' title='bbox 717 3559 866 3620; x_wconf 88' lang='lat' dir='ltr'>amicitia</span> <span class='ocrx_word' id='word_1_386' title='bbox 887 3557 1011 3636; x_wconf 90' lang='lat' dir='ltr'>Seiani,</span> <span class='ocrx_word' id='word_1_387' title='bbox 1041 3555 1098 3620; x_wconf 89' lang='lat' dir='ltr'>sed</span> <span class='ocrx_word' id='word_1_388' title='bbox 1119 3557 1275 3620; x_wconf 82' lang='lat' dir='ltr'>labefecit</span> <span class='ocrx_word' id='word_1_389' title='bbox 1294 3555 1387 3619; x_wconf 89' lang='lat' dir='ltr'>haud</span> 
     </span>
     <span class='ocr_line' id='line_1_43' title="bbox 161 3638 1385 3724; baseline 0.002 -22"><span class='ocrx_word' id='word_1_390' title='bbox 161 3642 272 3702; x_wconf 86' lang='lat' dir='ltr'>minus</span> <span class='ocrx_word' id='word_1_391' title='bbox 299 3638 448 3704; x_wconf 83' lang='lat' dir='ltr'>validum</span> <span class='ocrx_word' id='word_1_392' title='bbox 475 3639 516 3703; x_wconf 87' lang='lat' dir='ltr'>ad</span> <span class='ocrx_word' id='word_1_393' title='bbox 544 3643 645 3703; x_wconf 87' lang='lat' dir='ltr'>exitia</span> <span class='ocrx_word' id='word_1_394' title='bbox 673 3639 846 3704; x_wconf 86' lang='lat' dir='ltr'>Macronis</span> <span class='ocrx_word' id='word_1_395' title='bbox 878 3639 1005 3720; x_wconf 90' lang='lat' dir='ltr'>odium,</span> <span class='ocrx_word' id='word_1_396' title='bbox 1045 3643 1102 3724; x_wconf 90' lang='lat' dir='ltr'>qui</span> <span class='ocrx_word' id='word_1_397' title='bbox 1129 3639 1259 3703; x_wconf 86' lang='lat' dir='ltr'>easdem</span> <span class='ocrx_word' id='word_1_398' title='bbox 1291 3649 1385 3704; x_wconf 82' lang='lat' dir='ltr'>artes</span> 
     </span>
     <span class='ocr_line' id='line_1_44' title="bbox 161 3721 1387 3810; baseline -0.001 -24"><span class='ocrx_word' id='word_1_399' title='bbox 161 3723 326 3786; x_wconf 89' lang='lat' dir='ltr'>occultius</span> <span class='ocrx_word' id='word_1_400' title='bbox 365 3725 557 3798; x_wconf 75' lang='lat' dir='ltr'>exercebat,</span> <span class='ocrx_word' id='word_1_401' title='bbox 592 3721 826 3807; x_wconf 86' lang='lat' dir='ltr'>detuleratque</span> <span class='ocrx_word' id='word_1_402' title='bbox 866 3732 1100 3810; x_wconf 78' lang='lat' dir='ltr'>argumentum</span> <span class='ocrx_word' id='word_1_403' title='bbox 1138 3721 1335 3809; x_wconf 72' lang='lat' dir='ltr'>tragoediae</span> <span class='ocrx_word' id='word_1_404' title='bbox 1368 3743 1387 3785; x_wconf 90' lang='lat' dir='ltr'>a</span> 
     </span>
     <span class='ocr_line' id='line_1_45' title="bbox 161 3803 1383 3892; baseline 0 -22"><span class='ocrx_word' id='word_1_405' title='bbox 161 3803 290 3870; x_wconf 89' lang='lat' dir='ltr'>Scauro</span> <span class='ocrx_word' id='word_1_406' title='bbox 311 3807 468 3892; x_wconf 82' lang='lat' dir='ltr'>scriptae,</span> <span class='ocrx_word' id='word_1_407' title='bbox 490 3804 611 3870; x_wconf 88' lang='lat' dir='ltr'>additis</span> <span class='ocrx_word' id='word_1_408' title='bbox 631 3807 795 3880; x_wconf 86' lang='lat' dir='ltr'>versibus,</span> <span class='ocrx_word' id='word_1_409' title='bbox 818 3809 876 3890; x_wconf 90' lang='lat' dir='ltr'>qui</span> <span class='ocrx_word' id='word_1_410' title='bbox 898 3811 933 3869; x_wconf 88' lang='lat' dir='ltr'>in</span> <span class='ocrx_word' id='word_1_411' title='bbox 954 3805 1130 3870; x_wconf 85' lang='lat' dir='ltr'>Tiberium</span> <span class='ocrx_word' id='word_1_412' title='bbox 1152 3809 1383 3870; x_wconf 84' lang='lat' dir='ltr'>flecterentur.</span> 
     </span>
     <span class='ocr_line' id='line_1_46' title="bbox 159 3887 1386 3956; baseline -0.001 -4"><span class='ocrx_word' id='word_1_413' title='bbox 159 3887 291 3953; x_wconf 80' lang='lat' dir='ltr'>Verum</span> <span class='ocrx_word' id='word_1_414' title='bbox 323 3891 365 3954; x_wconf 91' lang='lat' dir='ltr'>ab</span> <span class='ocrx_word' id='word_1_415' title='bbox 393 3889 537 3956; x_wconf 87' lang='lat' dir='ltr'>Servilio</span> <span class='ocrx_word' id='word_1_416' title='bbox 564 3899 599 3954; x_wconf 89' lang='lat' dir='ltr'>et</span> <span class='ocrx_word' id='word_1_417' title='bbox 627 3888 784 3954; x_wconf 79' lang='lat' dir='ltr'>Cornelio</span> <span class='ocrx_word' id='word_1_418' title='bbox 813 3891 1060 3955; x_wconf 89' lang='lat' dir='ltr'>accusatoribus</span> <span class='ocrx_word' id='word_1_419' title='bbox 1091 3889 1299 3952; x_wconf 88' lang='lat' dir='ltr'>adulterium</span> <span class='ocrx_word' id='word_1_420' title='bbox 1328 3891 1386 3952; x_wconf 91' lang='lat' dir='ltr'>Li-</span> 
     </span>
     <span class='ocr_line' id='line_1_47' title="bbox 160 3971 1387 4061; baseline 0 -23"><span class='ocrx_word' id='word_1_421' title='bbox 160 3973 247 4048; x_wconf 83' lang='lat' dir='ltr'>viae,</span> <span class='ocrx_word' id='word_1_422' title='bbox 268 3993 301 4036; x_wconf 88' lang='lat' dir='ltr'>m</span> <span class='ocrx_word' id='word_1_423' title='bbox 344 3995 443 4038; x_wconf 89' lang='lat' dir='ltr'>orum</span> <span class='ocrx_word' id='word_1_424' title='bbox 464 3994 559 4040; x_wconf 87' lang='lat' dir='ltr'>sacra</span> <span class='ocrx_word' id='word_1_425' title='bbox 589 3973 852 4038; x_wconf 83' lang='lat' dir='ltr'>oblectabantur.</span> <span class='ocrx_word' id='word_1_426' title='bbox 895 3973 1053 4052; x_wconf 85' lang='lat' dir='ltr'>Scaurus,</span> <span class='ocrx_word' id='word_1_427' title='bbox 1091 3981 1130 4035; x_wconf 91' lang='lat' dir='ltr'>ut</span> <span class='ocrx_word' id='word_1_428' title='bbox 1158 3971 1300 4061; x_wconf 73' lang='lat' dir='ltr'>dignm</span> <span class='ocrx_word' id='word_1_429' title='bbox 1329 3995 1387 4038; x_wconf 77' lang='lat' dir='ltr'>ve-</span> 
     </span>
     <span class='ocr_line' id='line_1_48' title="bbox 159 4055 1385 4132; baseline 0.002 -14"><span class='ocrx_word' id='word_1_430' title='bbox 159 4057 290 4122; x_wconf 80' lang='lat' dir='ltr'>teribus</span> <span class='ocrx_word' id='word_1_431' title='bbox 348 4058 487 4132; x_wconf 87' lang='lat' dir='ltr'>emiliie,</span> <span class='ocrx_word' id='word_1_432' title='bbox 522 4055 769 4122; x_wconf 85' lang='lat' dir='ltr'>damnationem</span> <span class='ocrx_word' id='word_1_433' title='bbox 796 4057 904 4122; x_wconf 88' lang='lat' dir='ltr'>anteit</span> <span class='ocrx_word' id='word_1_434' title='bbox 933 4057 1090 4121; x_wconf 89' lang='lat' dir='ltr'>hortante</span> <span class='ocrx_word' id='word_1_435' title='bbox 1112 4055 1238 4120; x_wconf 83' lang='lat' dir='ltr'>Sexitia</span> <span class='ocrx_word' id='word_1_436' title='bbox 1264 4077 1385 4130; x_wconf 87' lang='lat' dir='ltr'>uxore,</span> 
     </span>
    </p>
   </div>
   <div class='ocr_carea' id='block_1_5' title="bbox 157 4140 1436 4362">
    <p class='ocr_par' dir='ltr' id='par_1_5' title="bbox 157 4140 1436 4362">
     <span class='ocr_line' id='line_1_49' title="bbox 160 4140 993 4224; baseline 0.006 -23"><span class='ocrx_word' id='word_1_437' title='bbox 160 4159 243 4220; x_wconf 88' lang='lat' dir='ltr'>quae</span> <span class='ocrx_word' id='word_1_438' title='bbox 264 4142 515 4204; x_wconf 88' lang='lat' dir='ltr'>incitamentum</span> <span class='ocrx_word' id='word_1_439' title='bbox 536 4145 656 4204; x_wconf 63' lang='lat' dir='ltr'>monis</span> <span class='ocrx_word' id='word_1_440' title='bbox 677 4149 712 4203; x_wconf 87' lang='lat' dir='ltr'>et</span> <span class='ocrx_word' id='word_1_441' title='bbox 731 4140 859 4224; x_wconf 88' lang='lat' dir='ltr'>pertice</span> <span class='ocrx_word' id='word_1_442' title='bbox 881 4161 897 4202; x_wconf 91' lang='lat' dir='ltr'>s</span> <span class='ocrx_word' id='word_1_443' title='bbox 919 4141 993 4206; x_wconf 79' lang='lat' dir='ltr'>tuit</span> 
     </span>
     <span class='ocr_line' id='line_1_50' title="bbox 232 4219 1386 4290; baseline -0.002 -14"><span class='ocrx_word' id='word_1_444' title='bbox 232 4225 258 4276; x_wconf 89' lang='lat'>1.</span> <span class='ocrx_word' id='word_1_445' title='bbox 286 4224 370 4276; x_wconf 81' lang='lat' dir='ltr'>caede</span> <span class='ocrx_word' id='word_1_446' title='bbox 396 4223 539 4290; x_wconf 71' lang='lat' dir='ltr'>contnuo,</span> <span class='ocrx_word' id='word_1_447' title='bbox 565 4225 605 4278; x_wconf 82' lang='lat' dir='ltr'>ci.</span> <span class='ocrx_word' id='word_1_448' title='bbox 624 4223 686 4279; x_wconf 90' lang='lat' dir='ltr'>lnd.</span> <span class='ocrx_word' id='word_1_449' title='bbox 707 4221 762 4276; x_wconf 89' lang='lat' dir='ltr'>lll.</span> <span class='ocrx_word' id='word_1_450' title='bbox 787 4239 817 4276; x_wconf 82' lang='lat' dir='ltr'>r.</span> <span class='ocrx_word' id='word_1_451' title='bbox 873 4219 994 4278; x_wconf 81' lang='lat' dir='ltr'>dt&#39;ectt&#39;ou</span> <span class='ocrx_word' id='word_1_452' title='bbox 1020 4221 1054 4276; x_wconf 79' lang='lat' dir='ltr'>in</span> <span class='ocrx_word' id='word_1_453' title='bbox 1070 4231 1150 4277; x_wconf 78' lang='lat' dir='ltr'>sexto</span> <span class='ocrx_word' id='word_1_454' title='bbox 1168 4237 1235 4276; x_wconf 76' lang='lat' dir='ltr'>eam</span> <span class='ocrx_word' id='word_1_455' title='bbox 1254 4223 1386 4278; x_wconf 70' lang='grc' dir='ltr'>αὺιιὶιιιι</span> 
     </span>
     <span class='ocr_line' id='line_1_51' title="bbox 157 4291 1436 4362; baseline 0.002 -16"><span class='ocrx_word' id='word_1_456' title='bbox 157 4291 266 4362; x_wconf 70' lang='lat' dir='ltr'>petita.</span> <span class='ocrx_word' id='word_1_457' title='bbox 287 4323 319 4336; x_wconf 91' lang='lat'><em>-</em></span> <span class='ocrx_word' id='word_1_458' title='bbox 339 4293 508 4362; x_wconf 76' lang='lat' dir='ltr'>Pomponius</span> <span class='ocrx_word' id='word_1_459' title='bbox 526 4294 691 4350; x_wconf 76' lang='lat' dir='ltr'>Labeocet.</span> <span class='ocrx_word' id='word_1_460' title='bbox 710 4297 748 4348; x_wconf 83' lang='lat' dir='ltr'>ci.</span> <span class='ocrx_word' id='word_1_461' title='bbox 767 4293 823 4349; x_wconf 87' lang='lat' dir='ltr'>Dio</span> <span class='ocrx_word' id='word_1_462' title='bbox 841 4296 886 4362; x_wconf 80' lang='lat' dir='ltr'>ts,</span> <span class='ocrx_word' id='word_1_463' title='bbox 904 4297 948 4352; x_wconf 73' lang='lat' dir='ltr'>M·</span> <span class='ocrx_word' id='word_1_464' title='bbox 969 4327 1001 4340; x_wconf 91' lang='lat'>-</span> <span class='ocrx_word' id='word_1_465' title='bbox 1021 4294 1110 4350; x_wconf 76' lang='lat' dir='ltr'>retati</span> <span class='ocrx_word' id='word_1_466' title='bbox 1126 4297 1154 4361; x_wconf 82' lang='grc'>4,</span> <span class='ocrx_word' id='word_1_467' title='bbox 1171 4296 1216 4350; x_wconf 82' lang='grc'>47.</span> <span class='ocrx_word' id='word_1_468' title='bbox 1247 4325 1280 4338; x_wconf 91' lang='lat'><em>-</em></span> <span class='ocrx_word' id='word_1_469' title='bbox 1309 4293 1385 4348; x_wconf 69' lang='grc' dir='ltr'>Ρω-</span> <span class='ocrx_word' id='word_1_470' title='bbox 1435 4331 1436 4336; x_wconf 66' lang='lat'>,</span> 
     </span>
    </p>
   </div>
   <div class='ocr_carea' id='block_1_6' title="bbox 0 0 1456 4798">
    <p class='ocr_par' dir='ltr' id='par_1_6' title="bbox 0 0 1456 4798">
     <span class='ocr_line' id='line_1_52' title="bbox 0 0 1456 4798; baseline 0 3"><span class='ocrx_word' id='word_1_471' title='bbox 0 0 1456 4798; x_wconf 95' lang='lat' dir='ltr'> </span> 
     </span>
    </p>
   </div>
  </div>
 </body>
</html>
