2872 4792
199 197 261 262 186
593 189 836 258 ANNALIUM
866 189 950 254 ΜΒ.
974 189 1015 254 11.

199 361 321 416 Gabiete
339 357 366 418 d.
386 359 437 412 lat.
457 353 477 414 S
498 349 590 414 r'acbl.
612 355 799 414 Braunscbw.
825 359 903 414 teto.
926 357 995 414 iaec.
1015 355 1038 412 1.
1066 374 1095 428 p.
1116 357 1150 412 td
1168 373 1209 426 sq.
1238 365 1266 412 et
1289 357 1395 428 prem.

198 435 244 490 lit.
262 431 326 488 Hal.
346 449 363 484 a
382 433 459 488 1811.
476 373 580 500 buppl.
600 445 629 498 p.
647 431 710 488 950.
739 457 772 466 -
790 427 977 481 delenimentis
1005 425 1062 483 MS.
1083 427 1127 482 ed.
1145 427 1208 483 Ber.
1228 427 1315 486 Rhen.
1342 431 1395 488 tlt.

198 513 228 558 et
246 521 304 559 rec.
324 501 506 554 delinimentis
530 499 593 556 edd.
619 501 697 572 lips.
723 499 809 555 Grut.
830 498 915 552 Btrn.
935 497 1027 554 Boxb.
1057 498 1148 554 Gron.
1187 499 1233 554 Ci.
1251 500 1285 554 ad
1303 505 1395 566 11,31.

199 578 242 640 1³,
261 576 304 630 tl.
330 577 369 640 15,
387 576 431 630 ot.
451 573 486 628 11.
507 575 534 638 1,
553 575 596 628 17.
617 579 646 626 et
664 573 742 641 inpr.
761 570 797 624 ad
814 570 884 647 Agr.
903 574 946 628 tl.
965 589 994 626 n.
1013 573 1039 626 3.

267 650 293 702 ³.
322 644 456 716 confessio
478 643 618 696 citiorum:
642 643 759 714 Lipsius
777 643 853 698 coni.
878 640 1016 694 commen
1041 640 1174 700 uitiorum.
1211 642 1292 708 „Sed
1309 644 1395 720 vulga-

197 727 260 772 tum
277 715 479 786 pulcherrime
497 713 615 776 dictum.
654 713 836 784 impudentia
853 713 995 784 plurium,
1019 713 1070 782 qui
1097 713 1146 768 rub
1163 715 1309 768 nominibus
1330 715 1395 768 ione-

196 789 257 853 etis‚
276 795 428 858 praetextu
454 794 483 840 et
506 786 654 842 vocabulis
672 785 857 840 commodorum
884 792 913 838 at
932 785 1142 840 mceaeoriorsn
1166 785 1311 839 luxuriam
1327 806 1395 839 auam

197 868 310 914 tantum
328 875 387 912 non
405 857 565 928 prodebant
582 865 612 914 et
629 857 727 928 palam
744 856 967 922 confitebantur,
993 855 1125 926 quodque
1147 854 1219 912 baec
1239 857 1301 910 istis
1327 858 1395 912 simi·

196 931 237 986 les
255 930 417 986 audiebant.
456 929 597 994 confessio
616 938 659 982 est
677 928 808 992 illorum,
827 929 877 996 qui
895 935 962 998 post
981 926 1100 981 Gallum
1126 930 1283 1000 sententias
1301 927 1395 990 disere,

195 1002 343 1056 similitudo
361 1001 523 1054 audientium
542 1008 586 1053 est
604 1017 714 1066 eorum,
733 1001 785 1069 qui
803 1015 861 1052 non
879 1007 947 1052 sunt
966 999 1068 1062 locuti,
1086 998 1136 1052 aad
1153 999 1241 1054 verbo
1259 1008 1307 1052 aut
1323 1019 1395 1052 rnanu

216 1074 338 1128 retnissa
356 1089 501 1126 assensere
519 1079 569 1126 aut
587 1072 712 1140 denique
730 1069 850 1141 pedibus
869 1072 901 1124 in
919 1087 981 1124 eam
1000 1071 1172 1124 sententiam
1201 1071 1271 1126 iera.
1306 1069 1395 1124 Delen-

196 1093 266 1200 Uere
283 1147 381 1215 turpia
400 1145 493 1198 instar
513 1143 692 1208 confessionis
708 1151 754 1196 est
771 1141 895 1196 uitiorum
913 1143 1078 1197 insitorum.
1116 1141 1180 1194 Pari
1208 1141 1343 1196 suavitate
1358 1141 1395 1192 lu-

196 1218 278 1270 ditur
296 1221 340 1282 lt,
360 1220 402 1272 11.
427 1215 541 1268 odorreo
566 1231 670 1270 ramore
693 1212 798 1266 Seneca
816 1219 887 1280 erat,
914 1213 984 1280 qaod
999 1213 1122 1266 oratione
1145 1211 1198 1266 toli
1223 1213 1394 1278 consessionem

195 1285 382 1356 scripsisset.“
401 1287 483 1341 Gron.
521 1285 621 1358 „Apte
644 1285 780 1340 laudatur
797 1287 842 1350 tt,
860 1289 909 1350 11.
941 1284 1091 1338 Sententia
1114 1281 1144 1340 b.
1162 1283 1183 1340 1.
1209 1293 1268 1338 est:
1303 1284 1395 1348 incitem

195 1375 329 1414 crement
354 1357 441 1412 Gallo
464 1357 613 1412 audientes
636 1357 788 1422 dederunt,
812 1357 863 1426 qui
887 1373 1018 1410 assensus
1042 1354 1120 1408 nibil
1144 1354 1226 1410 aliud
1250 1356 1308 1410 tuit
1324 1372 1394 1424 quari»

194 1431 329 1497 coafcnio
346 1429 471 1484 vitiorem
490 1436 520 1484 et
537 1429 755 1494 documentum,
772 1427 874 1482 similer
891 1443 960 1490 erae,
979 1427 1030 1496 qui
1048 1425 1230 1493 audiverant,
1249 1443 1394 1496 quanquam

195 1520 253 1556 non
271 1503 345 1556 vitia
363 1500 427 1566 illa,
446 1500 495 1554 sed
512 1501 680 1555 nominibus
698 1501 828 1556 honestis
846 1498 1021 1552 delenimento
1044 1513 1166 1552 curem
1191 1505 1216 1551 et
1234 1497 1395 1568 periculorum

193 1572 393 1628 dicebantur.“
413 1571 519 1629 Wottlr.
539 1605 572 1618 ·-
591 1574 742 1626 Adiecerot
760 1577 785 1624 et
808 1570 934 1626 Tiberine
951 1569 1022 1624 baec
1039 1569 1136 1633 verba,
1156 1577 1190 1622 ut
1207 1573 1236 1636 1,
1254 1573 1297 1626 tt.
1326 1602 1354 1614 ·-
1374 1569 1396 1622 si

143 1673 147 1680 ,
193 1645 258 1714 qnid
275 1645 305 1698 in
322 1643 440 1698 moribus
457 1643 576 1712 taboret,
594 1663 623 1702 e.
642 1644 679 1700 ad
695 1646 724 1709 2,
742 1645 788 1708 26,
808 1647 833 1700 l.
854 1675 886 1686 -
905 1648 1039 1696 ardorem
1057 1659 1098 1696 sc.
1117 1641 1290 1713 Principem.

540 1849 543 1858 ·
601 1815 792 1873 catur
845 1815 1002 1874 xxxttt.

275 1929 369 1992 Inter
396 1949 479 2014 quaa
506 1929 545 1992 1..
568 1929 647 1992 Piso
677 1927 839 1992 ambitum
862 1927 939 2006 lori,
960 1934 1120 2010 corrupta
1140 1923 1276 2004 iudicia,
1304 1927 1393 1990 saevi-

192 2016 274 2075 tiam
295 2023 481 2092 oratorum,
503 2015 730 2077 accusationes
751 2013 978 2074 minitantium
998 2013 1185 2094 increpans,
1215 2011 1304 2075 obire
1322 2033 1352 2073 se
1369 2021 1392 2070 et

192 2098 301 2159 cedere
325 2098 420 2177 Urbe,
443 2101 597 2162 victorum
623 2099 656 2160 in
678 2097 786 2180 aliquo
808 2095 920 2158 obdito
942 2104 973 2156 et
995 2094 1171 2178 longinquo
1193 2115 1279 2173 nere,
1308 2103 1393 2156 testa·

192 2179 310 2256 batur3
339 2181 439 2245 simul
468 2183 597 2243 curiam
628 2181 846 2264 relinquebat.
892 2178 1084 2241 Commotus
1114 2189 1164 2241 est
1185 2179 1338 2242 Tiberius
1357 2185 1393 2248 et,

191 2285 378 2348 quanquam
417 2261 566 2326 mitibus
590 2266 701 2328 verbis
732 2265 885 2326 Pisonem
923 2262 1164 2344 permulsisset,
1207 2265 1393 2348 propinquos

191 2368 319 2431 qnoque
349 2351 421 2412 eius
451 2347 596 2431 impulit,
630 2357 670 2410 ut
690 2349 866 2410 abeuntem
887 2346 1088 2408 auctoritate
1111 2347 1162 2410 vel
1184 2347 1336 2430 precibus
1354 2355 1393 2406 te-

191 2442 318 2494 nerent.
362 2430 463 2496 Haud
480 2433 589 2494 minus
606 2433 703 2494 liberi
723 2429 848 2494 doloris
870 2429 1105 2492 documentum
1126 2429 1216 2492 idern
1238 2429 1312 2494 Piso
1331 2449 1392 2490 mox

190 2513 293 2592 dedit,
320 2523 439 2582 vocata
466 2517 502 2575 in
522 2518 575 2576 ius
600 2512 791 2600 Urgulania,
818 2533 915 2596 quam
937 2532 1038 2595 supra
1060 2513 1148 2600 leges
1175 2515 1320 2576 amicitia
1338 2511 1393 2574 An·

190 2605 306 2659 rustes
327 2599 505 2666 extulerat.
548 2597 621 2659 Nec
652 2605 711 2659 aut
731 2595 913 2684 Urgulania
935 2595 1190 2677 obtemperavit,
1220 2598 1255 2658 in
1277 2596 1393 2658 domum

188 2647 341 2742 ixaesaris
363 2687 476 2764 spreto
499 2681 617 2742 Pisone
637 2689 742 2754 vecta,
772 2687 831 2741 aut
851 2680 907 2740 ille
930 2678 1069 2755 abstitit,
1091 2699 1276 2761 quanquam
1298 2679 1394 2761 Angu-

189 2773 240 2825 sta
262 2784 297 2824 se
319 2765 438 2826 violari
461 2772 494 2824 et
516 2765 669 2826 imminui
691 2771 900 2846 quereretur.
945 2761 1102 2824 Tiberius
1124 2763 1283 2826 hactenus
1301 2759 1393 2822 indul-

211 2869 269 2912 ero
290 2849 392 2909 matri
413 2847 512 2908 civile
534 2853 639 2924 ratus,
666 2853 704 2908 ut
731 2866 766 2908 se
793 2847 911 2908 iturwn
933 2845 977 2908 nd
994 2849 1156 2925 praetoris
1180 2845 1332 2922 tribunat,
1350 2842 1393 2923 oi·

188 2869 332 3010 istorum
356 2931 558 3012 Urgulaniae
583 2927 721 3006 diceret,
749 2931 912 3012 processit
933 2929 1068 3012 palatio,
1092 2931 1211 3012 procul
1228 2931 1321 3012 sequi
1338 2930 1394 2988 ius-

188 3017 235 3078 sis
263 3015 436 3078 militibus.
480 3013 700 3098 Spectabatur
724 3021 921 3075 occursante
957 3013 1080 3094 populo
1114 3015 1316 3094 compositus
1345 3029 1395 3072 ore

189 3107 223 3160 et
244 3098 452 3161 sermonibus
474 3099 580 3158 variis
602 3106 732 3180 tempus
753 3107 851 3180 atque
872 3097 939 3158 iter
960 3094 1095 3173 ducens,
1125 3095 1243 3173 donec,
1272 3097 1394 3178 propin-

188 3183 261 3265 quis
292 3181 444 3243 Pisonem
471 3184 598 3244 trustra
627 3181 869 3256 coercentibus
899 3179 1024 3241 deterri
1047 3180 1196 3266 Augusta
1223 3181 1395 3261 pecuniam,

188 3285 274 3348 quae
294 3265 482 3348 petebatur,
504 3264 644 3326 iuberet.
688 3265 786 3346 Isque
807 3263 884 3324 linis
906 3263 968 3336 rei,
991 3283 1030 3324 ex
1053 3283 1117 3344 qna
1131 3281 1238 3346 neque
1258 3263 1333 3325 Piso
1352 3263 1394 3320 in·

188 3349 327 3432 glorius,
356 3355 390 3409 ct
411 3345 532 3410 Cacsar
559 3348 686 3408 maiore
715 3350 801 3408 fama
821 3339 895 3408 luit.
939 3337 1096 3432 Ceterum
1117 3345 1322 3434 Urgulaniae
1346 3361 1394 3426 po·

189 3433 294 3493 tentia
315 3429 397 3492 adeo
419 3432 521 3494 nimia
541 3431 673 3492 civitati
693 3438 776 3508 erat,
797 3439 837 3492 ut
857 3429 952 3492 testis
973 3429 1008 3490 in
1029 3449 1128 3492 causa
1148 3427 1301 3512 quadam,
1322 3446 1395 3510 quaa

188 3513 276 3596 ap'ud
309 3521 459 3576 senatum
490 3513 709 3591 tractabatur,
747 3515 863 3575 venire
896 3509 1146 3596 dedignaretur.
1200 3510 1324 3573 Missus
1354 3515 1396 3570 est

188 3603 337 3680 praetor,
359 3599 417 3680 qui
438 3594 529 3658 domi
550 3597 789 3684 interrogaret,
807 3611 914 3694 quum
935 3596 1084 3684 virgines
1104 3594 1254 3658 Vestales
1276 3596 1311 3655 in
1331 3597 1395 3655 loro

188 3689 222 3742 et
253 3679 380 3742 iudicio
408 3677 532 3758 audiri,
564 3680 717 3762 quotiens
750 3679 983 3741 testemonium
1016 3677 1179 3756 dicerent,
1212 3685 1308 3740 vetus
1335 3693 1396 3738 mos

188 3765 302 3828 fuerit.

260 3870 284 3920 l.
305 3865 335 3920 L.
357 3861 558 3935 (Calpurnius)
575 3862 651 3928 tto,
670 3875 757 3932 quem
774 3863 898 3918 fratrem
918 3861 971 3918 Gn.
989 3861 1103 3917 Pisonis
1129 3861 1220 3918 luisse
1245 3857 1395 3932 suspicaba-

188 3945 238 3990 tur
256 3939 329 3993 lrlur.
349 3935 392 3992 De
411 3943 536 4006 utroque
553 3955 581 3992 v.
601 3935 664 3990 Ind.
684 3935 708 3990 1.
745 3935 779 3992 L·
798 3935 858 4002 ipso
875 3934 999 3988 ambitum
1016 3934 1077 3998 iore
1094 3934 1151 3990 Mb.
1179 3967 1212 3977 —
1237 3934 1313 3988 obire
1330 3947 1358 3984 ee
1373 3935 1396 3980 et

188 4008 283 4062 cedere
301 4025 403 4080 synon.
423 4009 481 4062 nisi
498 4008 585 4064 malis
602 4006 680 4060 obire
695 4021 728 4060 ee
746 4023 782 4060 ex
799 4013 901 4062 senatu
918 4013 945 4060 et
968 4005 1064 4060 cedere
1083 4006 1174 4070 Urbes
1201 4003 1289 4062 llotb.
1311 4022 1339 4073 p.
1358 4002 1395 4056 17.

75 4079 82 4105 ’
190 4081 234 4136 cf.
254 4081 316 4136 lad.
337 4081 391 4136 111.
411 4099 437 4134 v.
457 4079 610 4150 synonymo
628 4086 658 4132 et
674 4075 808 4144 istitutioi
824 4077 919 4138 Prnee.
938 4093 993 4148 pro
1011 4077 1111 4144 latuit.
1131 4077 1236 4133 Futori.
1263 4107 1296 4120 -
1326 4071 1396 4125 ainsi

190 4152 290 4205 curium
307 4152 483 4219 relinquebat,
501 4152 669 4220 relinquere
686 4151 819 4221 parabat:
849 4157 929 4204 actus
947 4165 1001 4220 pro
1020 4157 1134 4204 conatu.
1158 4167 1186 4205 v.
1206 4149 1241 4202 ad
1256 4148 1285 4212 ²,
1303 4147 1348 4209 ⁸5,
1374 4147 1394 4196 l·

190 4221 275 4288 „Alii
293 4224 536 4293 interpretantur,
556 4223 638 4292 quasi
656 4239 689 4278 re
706 4239 777 4276 vera
799 4220 955 4276 excesserit
977 4222 1060 4274 curia
1085 4223 1238 4276 testatione
1261 4219 1315 4273 illa
1337 4231 1396 4286 per

190 4302 267 4350 aeta:
287 4294 363 4364 quod
381 4311 448 4350 sane
467 4293 620 4373 indignum
639 4301 669 4350 et
686 4295 753 4350 viro
772 4302 802 4348 et
819 4301 922 4348 senatu
938 4292 1051 4352 luisset.
1071 4293 1165 4348 imino
1185 4309 1224 4348 er
1240 4284 1414 4346 seruiet.
