2774 4784
314 156 829 232 aaucoammuacrrr.
872 165 947 252 §.t
1211 168 1251 222 11

37 297 86 428 git
106 331 316 408 Britanniae
340 293 483 432 partem
507 346 545 408 et
567 336 760 432 praesidiis
786 335 1016 435 castellisque
1035 337 1247 431 circumdat.

36 434 137 506 Idem
168 434 337 508 hibernis
368 437 559 508 mensibus
589 438 700 510 mdes
730 436 927 510 Britannos
967 440 1043 511 otio
1074 440 1251 510 assuescit

37 537 242 630 artibusque
267 535 481 608 liberalibus
506 537 653 608 imbuit.
689 535 776 632 Agr.
800 537 860 611 20.
882 537 943 640 21.
982 537 985 544 '
1246 531 1247 536 ’

211 669 262 743 A.
281 665 329 742 U.
344 666 482 772 0.,833.
511 666 594 742 cor.
608 670 670 746 80.
697 674 797 769 Agr.
811 667 871 745 43.
905 668 991 745 Tac.
1005 670 1066 746 28.

131 788 324 886 Agricola
348 789 570 862 Caledonius
595 789 770 878 (Scotiae)
795 793 960 862 nationes
985 801 1100 863 vastat
1133 815 1250 886 usque

38 887 78 958 ad
107 890 232 962 Taum
257 892 479 962 aestuarium
503 901 539 962 et
565 902 768 986 expugnata
801 888 957 963 castellis
989 889 1119 964 firmat.
1161 891 1248 986 Agr.
1369 891 1371 904 '

36 987 91 1058 22.
139 981 372 1062 Incendium
386 991 548 1062 Vesuvii.
575 1015 610 1060 v.
637 992 685 1062 ad
708 1015 738 1062 a.
765 988 850 1066 806.
908 985 1060 1072 Tacitus
1080 991 1249 1063 tribunus

37 1086 82 1180 pl
106 1088 166 1160 vel
205 1090 345 1161 aedilis.
396 1090 490 1162 Nam
514 1091 595 1185 ipse
621 1089 710 1162 dicit
735 1089 783 1162 H.
803 1091 834 1182 l,
853 1089 883 1162 l.
910 1091 1126 1184 dignitatem
1145 1115 1248 1162 suam

37 1188 242 1260 inchoatam
274 1189 545 1285 aVespasiano
580 1199 616 1260 et
647 1191 779 1263 aTito
812 1199 968 1260 aucum.
1026 1189 1131 1264 Alter
1163 1213 1249 1260 vero
1283 1271 1287 1277 .

38 1287 217 1360 honarum
244 1291 376 1383 gradus
408 1299 483 1360 erat
517 1287 682 1362 aedilitas
715 1288 774 1361 vel
808 1291 1015 1362 tribunatus
1049 1292 1154 1384 isque
1180 1291 1248 1360 sub

39 1389 323 1482 Imperatoribus
349 1399 429 1460 urm
452 1391 529 1483 peti
554 1399 695 1491 poterat
719 1413 814 1461 auno
838 1391 962 1462 aetatis
978 1389 1140 1463 XXVII.
1168 1399 1250 1460 tum

39 1511 106 1556 uno
129 1487 193 1558 vel
218 1489 363 1560 duobus
387 1491 491 1560 aunis
516 1489 742 1582 interpositis
777 1499 863 1584 post
899 1500 1132 1584 quaesturam
1158 1489 1249 1560 obti-

39 1589 109 1658 neri
135 1585 289 1660 solebat.
321 1585 378 1661 cf.
404 1589 491 1684 Agr.
507 1585 541 1665 6.
568 1599 604 1660 et
629 1590 675 1660 ad
699 1590 797 1660 Anu.
822 1586 857 1680 3,
878 1588 939 1680 29,
964 1591 995 1666 l.
1046 1589 1172 1684 Neque
1197 1597 1251 1658 est

39 1711 99 1757 car
122 1689 309 1780 Tacitum,
343 1689 440 1760 fama
473 1685 662 1784 gloriaque
686 1689 727 1760 in
751 1689 941 1762 iuventute
971 1689 1165 1760 florentem
1201 1685 1248 1774 (v.

38 1785 127 1857 Plin.
156 1811 214 1883 ep.
241 1789 277 1878 7,
301 1787 377 1875 20.)
403 1799 440 1890 et
463 1787 655 1888 Agricolae
681 1788 821 1860 summi
845 1789 915 1860 viri
940 1811 1117 1884 generum
1135 1787 1250 1860 aerius
1302 1822 1305 1828 ·

38 1886 80 1956 ad
101 1885 263 1960 honores
288 1888 499 1983 pervenisse
524 1888 726 1984 credamus.

223 2021 272 2096 A.
289 2020 336 2098 U.
354 2019 492 2098 &834
521 2017 605 2096 Oltr.
618 2023 680 2100 81.
694 2021 792 2120 Agr.
806 2021 868 2098 44.
904 2019 992 2100 Tac.
1006 2019 1066 2096 29.

132 2140 230 2236 Imp.
255 2139 502 2217 Domitianus.
552 2139 744 2240 Agricola
768 2153 935 2238 quartam
959 2151 1133 2214 aestatem
1158 2138 1253 2212 obti-

38 2240 176 2331 nendis,
217 2263 309 2336 quae
342 2255 588 2337 percurrerat,
628 2243 785 2315 insumit
825 2243 1092 2338 praesidiisque.
1129 2237 1253 2312 firmat

39 2337 181 2412 Clotam
208 2351 244 2412 et
267 2339 489 2414 Bodotriam.
523 2344 611 2438 Agr.
638 2339 698 2416 23.
766 2419 774 2440 ,
937 2371 939 2374 ·

215 2473 264 2547 A.
282 2473 327 2552 U.
344 2471 383 2548 O.
396 2475 481 2553 835.
510 2472 594 2549 oar.
608 2472 669 2550 82.
696 2475 796 2572 Agr.
810 2475 872 2550 45.
904 2471 990 2550 Tac.
1004 2471 1066 2548 30.

134 2591 325 2688 Agricola
358 2594 484 2668 domat
515 2597 658 2692 ignotas
692 2595 739 2668 ad
765 2593 812 2666 id
852 2605 1000 2688 tempus
1031 2589 1254 2684 Galedouiae
1300 2572 1303 2584 ⁴

40 2698 159 2782 gentes
194 2703 299 2790 atque
339 2689 648 2792 expugnationem
679 2693 881 2767 Hiberniae
911 2693 1118 2764 meditatur.
1157 2690 1252 2786 Agr.

39 2788 94 2864 24.
150 2789 303 2866 Tacitus
335 2793 564 2891 eloquentiae
590 2817 741 2892 operam
766 2793 910 2866 dedisse
934 2793 1091 2864 videtur.
1180 2863 1190 2872 ,

212 2947 261 3016 A.
280 2943 325 3021 U.
342 2941 379 3020 0.
394 2945 480 3022 836.
513 2943 597 3022 Otr.
610 2943 673 3023 83.
699 2947 800 3044 Agr.
816 2943 876 3020 46.
909 2943 997 3020 Tac.
1010 2941 1070 3016 31.

134 3062 324 3159 Agricola
347 3075 444 3138 terra
466 3069 633 3162 marique
661 3067 809 3138 infestat
834 3061 1055 3135 Caledonius
1095 3058 1254 3156 populos

44 3173 76 3234 et
97 3163 218 3238 hostes
243 3167 357 3238 atroci
381 3166 520 3262 proelio
545 3165 676 3239 fundit.
710 3165 798 3260 Agr.
812 3163 862 3238 25
875 3163 993 3236 -27.
1021 3161 1166 3234 Eodem
1192 3184 1254 3236 an-

45 3287 88 3332 no
111 3264 241 3337 cohors
266 3263 486 3360 Usipiorum
510 3268 629 3340 tribus
654 3265 846 3338 liburnicis
872 3261 1158 3334 circumvehitur
1173 3257 1275 3331 Bri..

47 3367 199 3435 anniam
230 3376 266 3437 et
298 3367 465 3461 primum
498 3391 520 3438 a
549 3365 695 3456 Suavis,
734 3386 878 3442 mona
909 3363 1038 3436 Frisiis
1068 3359 1253 3454 intercipi-

48 3471 107 3536 tur.
131 3465 220 3558 Agr.
234 3465 294 3540 28.

216 3618 265 3689 A.
283 3613 331 3690 U.
348 3613 386 3690 0.
400 3617 484 3694 837.
513 3613 597 3694 Otr.
610 3617 672 3695 84.
698 3615 796 3716 Agr.
810 3616 874 3693 47.
904 3609 1000 3702 Tac.
1013 3613 1074 3690 32.

132 3733 324 3832 Agricola
358 3740 495 3812 amittit
524 3737 648 3814 filium
673 3761 769 3808 anno
803 3747 887 3809 ante
911 3741 1040 3836 natum
1065 3743 1102 3806 et
1127 3729 1254 3826 Calga-

46 3858 119 3907 rum
153 3835 386 3910 caledonum
424 3839 562 3912 ducem
598 3839 645 3910 ad
674 3837 897 3938 ¹Grampium
927 3845 1095 3907 montem
1130 3831 1253 3902 vincit.

46 3933 118 4013 Quo
143 3937 238 4010 facto
265 3941 468 4011 exercitum
493 3941 596 4012 ducit
628 3939 669 4009 in
694 3935 786 4009 fines
811 3936 1054 4014 Horestorum
1086 3943 1123 4004 ct
1153 3953 1255 4024 prae-

46 4033 130 4123 teto,
149 4037 280 4110 classis
305 4038 533 4112 circumvehi
556 4038 784 4112 Britanniam
809 4035 995 4133 praecipit.
1022 4033 1108 4127 Agr.
1127 4029 1253 4105 29-38.

46 4131 237 4210 Domitiani
276 4137 463 4232 expeditio
504 4142 545 4213 in
578 4137 731 4212 (lhattos
768 4147 805 4209 et
844 4135 956 4210 salsus
999 4157 1020 4204 e
1056 4129 1255 4215 Germania

47 4236 255 4334 triumphus.
282 4235 371 4332 Agr.
394 4235 452 4314 39.
850 4247 853 4252 '
1262 4253 1267 4269 ‘
