2774 4784
40 211 45 220 .
178 149 314 210 [ΠΜ
676 153 900 220 DlALOGUS

181 325 368 420 cipiuntur
391 315 464 414 ⁸⁵),
505 331 586 396 tum
620 321 766 418 dialogo
800 333 938 414 nostro,
972 327 1012 396 in
1045 299 1137 420 qno‘
1154 326 1201 396 ab
1227 327 1328 398 initio
1349 349 1372 400 at

180 425 296 498 finem
321 423 367 496 de
392 421 601 517 eloquentia
626 447 747 494 sermo
773 434 891 496 estet
915 425 1098 516 homines,
1137 436 1178 498 ut
1212 413 1372 502 illistam

180 525 345 622 poribus,
388 523 620 594 disertissimi
660 531 696 596 et
728 533 803 594 tarn
839 525 1009 596 omnium
1043 523 1254 616 literarum,
1293 551 1372 622 quan

180 626 315 720 poesis,
354 621 583 716 eloquentiae
614 632 652 694 ‘et
683 623 995 717 iurisprudentiaa
1033 626 1251 718 peritissimi
1276 651 1372 698 conve

180 725 280 796 nisse
304 721 504 816 finguntur,
530 731 612 794 tum
638 721 797 818 denique
823 725 972 818 ingenio
998 725 1238 820 moribusque
1251 726 1372 821 Apris

182 823 349 913 Materni,
377 843 537 916 quorum
563 820 654 912 alter
679 821 921 917 eloquentiae,
954 821 1084 894 saltem
1109 824 1277 916 lorensis,
1312 825 1372 898 alta

181 933 219 995 et
240 922 415 994 oratoriae
442 929 479 992 et
498 921 660 1016 poeticae
685 923 772 992 artis
797 945 943 1017 gnarus
968 924 1033 994 sed
1063 947 1162 996 nunc
1186 923 1275 996 huic
1299 927 1372 996 unio

182 1023 327 1095 deditus
341 1030 426 1110 erat,
452 1030 608 1115 uterque
620 1033 743 1092 autem
759 1032 835 1092 tam
858 1021 1031 1116 singulari
1058 1047 1183 1094 amore
1209 1025 1320 1096 studii
1342 1019 1372 1108 sd

183 1131 320 1216 captus,
345 1130 387 1192 ut
412 1129 532 1192 totum
557 1143 673 1213 paene
697 1122 865 1193 animum
892 1145 1092 1216 omnesque
1118 1147 1221 1194 curas
1247 1125 1286 1195 in
1310 1123 1372 1195 illu

181 1219 372 1314 defigeret,
397 1219 497 1290 unde
519 1229 556 1290 et
575 1219 719 1314 saepius
741 1221 786 1290 de
809 1219 875 1291 illa
899 1223 1110 1316 quaestione
1135 1224 1232 1294 inter
1258 1249 1295 1294 se
1320 1239 1372 1310 conj

181 1327 412 1391 certaverant.
465 1319 591 1412 Itaque
617 1321 663 1388 ab
697 1320 824 1390 eadem
854 1321 1127 1415 disceptatione,
1160 1332 1242 1393 utra
1268 1347 1321 1393 ars
1352 1323 1372 1396 sl

181 1419 432 1514 praestantior,
471 1419 626 1489 oratoria
660 1441 706 1488 an
741 1420 894 1512 poetica,
942 1419 1030 1490 scite
1062 1421 1216 1492 ⁴ducitur
1257 1419 1372 1494 initiurl

181 1516 357 1611 colloquii
382 1513 595 1608 etquidem
621 1517 809 1608 aptissime
836 1518 906 1588 hoc
931 1519 1045 1589 modo
1073 1543 1102 1589 c.
1130 1517 1164 1593 3.
1193 1531 1230 1592 et
1255 1521 1287 1594 4.
1371 1543 1372 1606 ἕ

185 1621 188 1628 ’
279 1615 390 1718 Aper
416 1621 452 1683 et
478 1609 596 1684 Iulius
623 1609 813 1688 Scutarios
838 1617 974 1686 intrant
999 1616 1210 1688 cubiculum
1237 1617 1372 1692 Morere

182 1713 304 1806 amici,
345 1735 457 1808 quem
496 1711 778 1807 deprehendunt
824 1713 1014 1786 sedentem
1054 1725 1090 1786 et
1137 1740 1251 1812 quam
1288 1719 1372 1812 pridi

183 1815 394 1885 recitaverat
418 1812 656 1904 tragoediam,
684 1811 876 1902 Catonem,
920 1815 960 1884 in
994 1816 1168 1886 manibus
1194 1815 1372 1888 habentem

98 1991 100 1996 ,
182 1913 284 1989 Tum
310 1906 520 1987 sedandas:
569 1911 652 1991 Quo
688 1911 856 1996 consilio,
895 1914 1027 2008 inquit,
1061 1913 1151 2008 legis
1185 1915 1280 1988 hanc
1305 1917 1372 2012 labq

181 2012 280 2084 lami
317 2011 498 2102 Fortasse,
523 2011 623 2107 quod
650 2013 790 2106 etipse
816 2011 885 2083 tibi
911 2015 1102 2103 suaserim,
1128 2025 1181 2106 ut,
1206 2028 1372 2111 antequar

181 2111 364 2206 vulgetur,
389 2109 579 2182 deleantur
605 2109 663 2182 vel
687 2113 933 2182 immutentur
958 2111 1050 2204 loca,
1113 2138 1249 2186 uorum
1283 2117 1372 2188 reciti

180 2213 282 2285 tione
307 2209 387 2282 heri
412 2209 789 2305 potentiumanimns
816 2209 1011 2283 offendisti.
1060 2207 1088 2286 I
1160 2226 1305 2287 contra:
1330 2217 1372 2306 qu

180 2335 244 2386 mo
269 2312 309 2384 id
335 2309 546 2382 abhorreret
570 2333 591 2380 a
615 2309 784 2381 moribus
810 2311 921 2380 meis:
947 2335 1022 2382 non
1048 2313 1149 2384 enim
1167 2337 1256 2385 curo
1272 2311 1372 2386 indici

181 2411 430 2506 malignorum
455 2420 492 2482 et
515 2407 622 2505 plura
647 2409 758 2482 huius
784 2411 928 2505 generis
954 2435 1169 2506 expromere
1195 2413 1338 2486 decrevi
1360 2407 1372 2498 i

181 2511 253 2584 alia
284 2510 488 2605 tragoedia,
532 2511 592 2581 cui
631 2509 797 2582 absoluta
830 2511 965 2605 prioris
1004 2513 1257 2584 retractatione
1290 2537 1372 2588 omn

181 2621 328 2706 tempus
353 2609 591 2704 impensurus
617 2633 712 2682 sum.
740 2607 839 2680 Hinc
864 2609 995 2711 Aper:
1029 2611 1252 2708 Neutiquam
1278 2613 1372 2709 proba

180 2713 300 2782 verim
325 2705 522 2780 consilium
548 2718 667 2799 tuum,
693 2709 793 2804 quod
819 2709 865 2779 ab
891 2719 967 2780 arte
986 2713 1154 2802 oratoria,-
1180 2737 1273 2808 quae
1288 2711 1372 2786 mult

181 2809 309 2882 utilior
334 2817 400 2898 est,
426 2808 473 2880 ad
497 2809 680 2903 poeticam
704 2809 812 2880 unice
838 2809 1006 2882 animum
1035 2811 1277 2908 studiumque
1302 2825 1372 2886 trun

181 2909 402 2984 convertisti.
431 2907 522 3002 (cap.
550 2905 602 2994 3.)
653 2907 754 2982 Tum
785 2903 1007 2982 Maternus:
1040 2911 1121 2982 lam
1155 2911 1372 3008 frequensir

180 3021 327 3082 ternos
354 3009 537 3080 contentio
563 3008 644 3098 fuit,
682 3009 830 3080 cuinam
854 3007 988 3079 harum
1023 3011 1159 3082 artimn
1180 3013 1372 3109 principati

182 3109 370 3204 dignitatis
404 3117 499 3179 esset
537 3109 805 3200 concedendus,
844 3119 881 3178 et
917 3107 1043 3201 laetor,
1083 3111 1270 3206 optimum
1310 3127 1372 3202 nur

181 3210 360 3280 arbitrum
386 3205 461 3278 litis
488 3207 624 3300 adesse,
651 3207 791 3296 lulium
808 3207 1022 3280 Secundum
1036 3221 1216 3282 nostrum.
1245 3215 1336 3308 (cap.
1353 3211 1372 3286 i

133 3317 137 3326 '
181 3309 233 3380 At
257 3307 333 3380 hic:
361 3305 501 3398 Sentio,
527 3307 588 3396 ait,
627 3329 739 3401 quam
770 3305 972 3378 honorifica
1009 3309 1057 3380 sit
1074 3311 1178 3381 mihi
1211 3313 1303 3384 haec
1328 3329 1372 3383 set

181 3407 295 3480 tentia
319 3416 383 3478 tua
407 3415 445 3477 et
468 3407 699 3499 provocatio;
724 3406 952 3502 deprecanda
965 3417 1089 3481 temen
1107 3420 1174 3502 est,
1201 3413 1289 3506 quia
1306 3413 1372 3506 Apt

1371 3537 1372 3572 t

255 3589 293 3660 ³⁵)
311 3591 389 3659 Quae
413 3592 471 3644 iam
497 3589 658 3646 declaravit
682 3589 852 3668 Gottingt'ua
874 3611 904 3664 p·
923 3595 967 3650 2⁰.
992 3592 1040 3648 liis
1065 3593 1177 3650 verbis:
1206 3597 1372 3664 „Naturae

182 3663 399 3736 disputantium
418 3661 581 3716 amicorum
609 3663 770 3717 rationibus
788 3665 1038 3718 accommodatum
1057 3667 1095 3720 sit
1112 3669 1317 3738 prooemium
1344 3685 1372 3721 re

180 3751 236 3807 per
254 3751 283 3789 sa
303 3735 372 3788 satis
391 3749 521 3812 gravem,
541 3735 642 3788 sinon
661 3737 825 3806 perquirat,
852 3743 950 3790 tamen
969 3737 1011 3791 ita
1028 3745 1130 3815 tangat
1148 3747 1177 3792 et
1201 3741 1347 3817 degustet,
1371 3741 1372 3788 l

183 3808 273 3861 totius
292 3806 390 3878 operis
409 3805 526 3882 legendi
544 3823 626 3860 amor
645 3815 673 3861 et
692 3806 821 3861 studium
840 3808 1022 3874 excitentur-3
1050 3811 1112 3863 eiua
1130 3821 1338 3888 argumentum
1364 3813 1372 3876 i

182 3879 320 3954 eligatur,
338 3885 372 3929 nt
390 3894 457 3931 curn
476 3893 519 3942 re,
538 3879 570 3930 in
589 3895 645 3948 qua
663 3879 863 3932 controversia
882 3880 948 3946 erit,
976 3887 1055 3934 arcte
1080 3879 1249 3948 cohaereat3
1279 3883 1372 3960 legent

181 3949 217 4004 ad
236 3965 278 4016 ea,
297 3965 370 4034 quae
389 3957 558 4021 sequentur,
577 3957 676 4004 mente
693 3949 883 4020 percipienda
906 3951 980 4005 bene
997 3969 1052 4035 pra
1089 3961 1151 4006 aret
1171 3961 1200 4008 et
1225 3955 1334 4008 aenaim
1357 3955 1372 4008 d

181 4021 268 4078 ducat
294 4020 454 4090 iisdemque
479 4021 571 4074 inulta
597 4019 743 4091 praebeat,
773 4038 789 4074 e
813 4021 917 4092 quibus
940 4029 1039 4076 statim
1058 4041 1075 4076 a
1110 4024 1198 4077 initio
1216 4041 1331 4092 eor-um,
1355 4043 1372 4098 q

182 4091 360 4146 collocuturi
385 4091 454 4158 sint,
481 4107 576 4146 morea
600 4101 631 4147 st
655 4091 783 4168 ingenia,
808 4093 833 4146 si
851 4109 909 4146 uon
928 4103 1063 4150 accurate
1091 4107 1280 4173 cognoscant,
1310 4106 1372 4152 tanat

182 4165 368 4234 auspicentur
385 4171 415 4216 ct
433 4163 611 4240 cogitatione
628 4172 828 4234 praesumant3
845 4182 899 4219 neo
918 4165 1034 4222 bravius
1052 4167 1101 4233 ait,
1129 4185 1215 4238 quam
1234 4170 1328 4224 totius
1346 4187 1372 4224 se

182 4235 278 4289 monis
298 4235 424 4305 spatium
444 4236 548 4310 exigit,
574 4251 628 4289 nec
647 4233 792 4310 longius.“
1371 4263 1372 4270 ¹
