2890 4790
326 169 470 234 CAPUT
483 166 529 234 'Vs
561 167 616 248 (A.
640 167 680 234 11.
703 167 776 236 776.
809 169 847 233 A.
870 167 997 248 (113.)
1209 168 1273 238 361

54 351 206 392 numeram
224 337 417 414 otiam'vigor
434 337 537 390 aetatis
556 344 586 391 et
603 328 694 389 ebbae
711 335 844 406 corporis
861 327 1042 412 desig-natur.
1078 333 1128 390 Sic
1154 335 1272 401 remiget

52 409 202 478 1616166161
218 427 263 482 ap.
282 408 358 465 Veli.
377 411 404 474 1,
422 409 487 464 1811
505 407 628 461 Freiaet.
887 418 890 428 ·
1109 431 1112 440 ·
1244 431 1248 440 ·

122 483 149 538 2
167 481 225 536 Sea
238 479 508 547 praeoperaretur
525 480 644 534 1166666
661 478 741 532 iae-ta
760 509 791 523 ··-
811 485 872 532 octe
889 479 1014 544 legiones
1032 487 1119 547 neat,
1137 478 1271 546 „divisae

54 571 106 624 per
122 553 205 606 varia
223 559 316 606 castra
335 559 365 604 et
383 549 512 616 castella,
532 567 605 622 quae
624 567 682 604 non
701 551 788 606 dubia
806 553 890 626 origo
909 551 1053 604 nobilium
1071 553 1102 604 iu
1121 567 1155 605 eo
1174 559 1270 604 tractu

53 625 236 695 oppidorum.
273 621 385 676 Drusus
406 637 455 688 per
472 623 563 676 116661
585 623 672 690 ripeta
691 625 715 678 1.
739 623 855 689 amptius
879 622 993 676 castelle
1019 624 1122 676 direxit
1144 623 1224 679 Flor.
1244 627 1271 688 1,

55 695 115 752 11.(1
135 695 211 762 lips.
231 695 276 747 of.
296 695 332 748 ad
350 700 376 760 1,
394 696 423 759 3,
442 696 467 748 7.
489 697 675 760 611,31,1.
712 695 755 749 De
781 694 830 765 his
851 695 879 748 le
901 693 1015 748 ionibus
1041 703 1071 748 et
1092 695 1128 747 de
1155 696 1271 758 ceteris,

52 783 126 838 quae
154 767 185 818 io
209 765 266 820 hoo
288 784 319 820 ca
341 805 349 819 .
374 775 584 823 memorantur.
611 783 639 822 ι.
666 767 729 822 ind.
749 767 805 819 ill.
829 783 857 823 v.
908 767 1028 832 egiopee.
1047 766 1165 821 11666661
1182 769 1272 829 iaxta,

52 847 85 890 ut
103 838 193 909 paule
209 845 276 891 ante
330 839 428 890 1666666
446 839 526 904 apae.
547 857 574 894 v.
594 837 658 892 lud.
678 839 733 892 lll.
759 855 788 896 r.
808 837 969 902 l’rttepoettt.
989 839 1138 890 nominibus
1163 844 1270 904 poetpo

51 913 133 964 sitae.
162 941 193 952 -
215 909 368 976 Hirpaeiae
385 924 478 960 reeeae
496 927 522 966 a.
541 909 576 964 U.
597 912 657 966 reo.
681 909 846 977 perdomitae
870 910 903 964 ab
928 909 1068 985 Augusto,
1092 910 1143 979 qui
1169 909 1271 962 (ianta—

52 983 118 1034 11666
144 989 174 1036 et
192 979 310 1036 Assum
335 979 455 1046 devicit,
487 979 538 1034 aad
561 999 615 1052 per
637 981 665 1036 le
705 989 766 1046 toe;
792 999 859 1034 nam
885 983 946 1051 ipse
969 981 1054 1057 gravi
1078 987 1107 1052 et
1131 979 1271 1033 diuturno
1303 1033 1308 1047 .

52 1054 153 1106 inorbo
173 1051 336 1106 Tarracone
363 1051 518 1111 laborabat.
549 1071 577 1104 v.
596 1051 652 1106 Dio
688 1053 1269 1119 ι,16.61,11.15.18.11.61.1.11.

51 1123 132 1178 Suet.
158 1125 219 1182 Oct.
244 1127 289 1180 11.
317 1125 360 1180 81.
395 1125 459 1182 liv.
478 1125 524 1190 18,
543 1127 586 1180 11.
615 1125 685 1180 lior.
705 1125 749 1180 od.
769 1129 797 1190 3,
819 1127 860 1180 11.
885 1123 934 1176 ubi
956 1141 985 1178 v.
1005 1125 1100 1194 intpp.
1120 1123 1272 1190 Hispaniae

50 1197 139 1248 161666
156 1195 314 1260 legionibus
331 1193 506 1262 6666666166,
525 1215 554 1248 v.
573 1195 609 1248 ad
627 1201 652 1258 1,
663 1201 690 1260 1,
710 1202 736 1252 l.
755 1204 786 1252 et
804 1194 932 1250 166111.
951 1212 981 1246 v.
995 1195 1120 1248 Attalici
1129 1195 1272 1261 pendentes

50 1283 84 1320 ee
103 1259 203 1320 661666
217 1281 312 1334 praep,
324 1284 349 1331 a,
369 1274 398 1319 et
417 1267 535 1322 Dativaa
552 1265 722 1320 mtiectioae.
760 1301 793 1312 -
814 1267 880 1322 iata
897 1281 956 1328 rea,
980 1268 1012 1320 in
1030 1266 1119 1322 ltalia
1135 1265 1271 1320 educatus

50 1347 78 1391 ot
98 1337 225 1414 Augusti
244 1339 347 1404 socius,
366 1338 493 1402 Maeror,
512 1337 720 1393 Mauretaniam
738 1348 901 1410 utramque,
921 1336 1136 1392 Caesariensem
1153 1344 1184 1390 et
1198 1335 1270 1392 Tine

50 1411 192 1486 gitanam,
217 1414 358 1474 acceperat
376 1417 409 1462 ut
428 1409 519 1462 66666
543 1409 622 1464 aba
664 1418 728 1466 usto
752 1419 869 1482 praeter
886 1409 1054 1464 Numidiam
1082 1427 1204 1485 regnum
1221 1427 1271 1478 pa·
1330 1435 1334 1449 ⁴

51 1491 180 1536 ternum.
208 1498 235 1532 v.
256 1477 348 1534 Strab.
367 1481 460 1536 xvn.
488 1498 517 1566 p.
536 1483 597 1536 618.
623 1427 881 1548 6161161653,
908 1485 954 1540 16.
979 1485 1023 1546 69,
1051 1483 1096 1538 16.
1135 1479 1190 1536 Hic
1213 1480 1270 1532 fuit

51 1553 132 1606 tilius
150 1551 237 1606 lubae
254 1570 271 1604 a
290 1550 412 1606 caesare
430 1551 549 1618 devicti,
567 1561 652 1622 pater
669 1553 828 1614 Ptolemaei
846 1554 925 1606 iussu
939 1551 1090 1630 Caligulae
1109 1551 1270 1616 interiecti,

86 1621 824 1694 666Α616611616166661666.1116161116.
853 1625 909 1678 Dio
927 1624 960 1676 ll.
980 1623 1015 1682 ll.
1044 1621 1122 1678 Suet.
1145 1621 1268 1678 (16116.
1324 1631 1337 1642 ·

87 1695 191 1748 ‚Plin
210 1698 237 1762 6,
256 1697 281 1752 1.
300 1693 366 1748 San.
385 1695 420 1750 de
438 1703 535 1764 tranq.
554 1713 599 1752 an.
620 1699 664 1752 11.
702 1695 784 1752 Idem
809 1696 927 1768 seriptis
951 1695 1044 1781 magia
1068 1713 1154 1765 quam
1179 1685 1271 1749 domi·

51 1776 123 1820 natu
142 1765 294 1820 inclaruit.
313 1785 341 1822 v.
360 1765 436 1822 Plin.
456 1769 484 1834 6,
504 1771 529 1822 1.
548 1768 576 1832 6,
594 1769 639 1824 ³1.
658 1770 703 1834 11,
724 1772 766 1826 11.
788 1767 886 1837 ibique
904 1767 992 1822 Hasd.
1012 1785 1043 1820 ιιι
1061 1765 1225 1830 1661666.
1238 1793 1269 1803 -

50 1839 152 1891 Cetera
171 1837 288 1904 Africae
309 1865 340 1874 -—
358 1854 407 1904 per
426 1837 494 1890 6666
511 1839 636 1902 legiones
654 1871 687 1882 -
707 1841 841 1893 coercita.-
858 1839 930 1893 baec
943 1837 1143 1909 interpunctio
1158 1855 1194 1894 ex
1207 1835 1269 1894 edd.

48 1919 108 1964 vet.
129 1917 210 1962 recte
229 1915 364 1962 revocata
382 1928 398 1962 a
415 1907 534 1963 walth.
567 1907 705 1963 Editores
731 1929 790 1965 rec.
810 1913 967 1964 maximam
991 1910 1122 1964 distinct.
1147 1925 1271 1980 posuere

48 1989 118 2052 post
137 1983 280 2050 Aegyptos
297 1979 447 2034 intellecto
465 1979 633 2033 6666666116·
650 1997 685 2033 ex
703 1997 797 2052 praec.
817 1981 944 2048 Africae,
962 2000 989 2036 r.
1009 1979 1045 2036 66
1062 1985 1089 2046 3,
1108 1983 1153 2042 31,
1172 1983 1198 2037 1.
1220 1995 1271 2050 per

48 2055 121 2104 daos
139 2052 271 2118 tegioaee,
290 2071 318 2108 ι..
338 2051 419 2118 661,
438 2055 482 2118 61,
501 2053 528 2108 1.
550 2079 583 2090 -
600 2052 713 2120 parique
730 2067 836 2106 nomem
855 2054 1005 2121 Aegyptus,
1034 2071 1063 2106 v.
1083 2051 1118 2106 ad
1141 2051 1177 2104 ll.
1196 2055 1223 2119 1,
1242 2054 1270 2116 6,

48 2127 75 2178 1.
98 2156 130 2166 -
152 2123 282 2190 „dehita
301 2123 414 2190 exinde,
433 2121 572 2188 ἐντεῦθεν,
592 2121 767 2190 daranah,
787 2122 832 2191 (ut
853 2129 878 2190 l,
896 2125 956 2191 31.)
974 2123 1057 2176 initio
1074 2125 1108 2176 66
1126 2123 1212 2192 Syria
1230 2139 1269 2176 sc.

48 2197 140 2260 16616,
159 2195 256 2260 66616,
274 2211 345 2248 ron
364 2192 501 2266 Syrien
519 2211 575 2260 an,
598 2192 629 2249 1ι.
647 2211 672 2248 6.
701 2196 794 2249 itaut
818 2195 937 2248 initium
963 2195 1015 2248 661
1033 2194 1159 2266 asyria
1196 2195 1271 2248 Nam

47 2266 179 2338 simplex
196 2267 231 2320 ab
248 2265 333 2336 Syria
349 2274 447 2336 potest
465 2267 553 2320 etiam
570 2267 613 2319 ita
631 2265 770 2344 intelligi,
789 2273 823 2320 ut
839 2265 926 2338 Syria
943 2283 1002 2320 non
1022 2274 1219 2337 computetur,
1237 2272 1271 2318 ut

48 2347 186 2394 nostrum
203 2353 273 2392 von
292 2335 429 2408 Syrien
446 2335 536 2390 1116.α
557 2337 662 2390 Wattl.
698 2339 744 2394 116
768 2339 826 2394 iam
844 2339 921 2392 Brot.
943 2347 972 2394 et
990 2337 1093 2400 Kieasl.
1114 2336 1169 2392 Sed
1181 2339 1219 2394 61.
1236 2335 1271 2390 66
1343 2359 1346 2381 ι

50 2413 81 2464 11
85 2449 97 2478 ,
110 2413 138 2478 3,
154 2415 178 2466 1.
197 2441 227 2452 -
240 2409 325 2478 Syria
334 2409 436 2462 latiori
452 2426 537 2464 seusu
552 2426 615 2462 sum
637 2415 666 2461 ta
677 2426 759 2478 usqae
774 2411 812 2462 ad
822 2411 914 2474 tamea
926 2410 1085 2478 Euphratem
1094 2409 1269 2486 porrigitur.

50 2499 76 2537 v.
94 2479 190 2537 Strab.
206 2479 280 2534 xvi.
299 2499 327 2564 p.
346 2483 407 2536 tto.
427 2480 492 2536 illel.
511 2485 537 2546 l,
552 2484 594 2535 11.
644 2481 696 2532 lin.
711 2485 791 2544 6,13.
812 2479 861 2534 ubi
879 2483 917 2535 ot.
931 2479 1018 2536 llard.
1044 2513 1076 2524 -
1093 2487 1214 2550 questam
1228 2479 1270 2531 ia-

47 2553 132 2613 geste·
148 2559 345 2604 terraemetus
358 2549 485 2616 66161116,
504 2550 618 2605 61166.
630 2551 671 2606 ll.
691 2561 721 2605 et
734 2553 769 2606 ad
781 2553 816 2607 G.
830 2557 856 2608 1.
873 2568 901 2609 n.
915 2555 939 2609 1.
962 2553 1126 2606 -coercito
1140 2550 1269 2605 66616

47 2625 115 2679 Ber.
137 2623 229 2677 liheu.
249 2623 272 2674 1.
292 2621 372 2676 rich.
393 2629 422 2676 et
439 2639 498 2676 rec.
519 2623 680 2676 cohercitam
705 2633 734 2678 et
752 2625 893 2678 coercitam
916 2623 978 2678 edd.
998 2623 1088 2680 Rhea.
1107 2625 1136 2682 2·
1153 2627 1178 2682 3.
1203 2621 1270 2678 Alo.

45 2704 76 2748 et
97 2703 155 2751 cet.
174 2703 240 2748 ante
258 2693 338 2748 Pioh.
359 2695 497 2760 -16616
516 2694 548 2746 iu
567 2693 629 2748 edd.
649 2703 706 2750 vat.
728 2697 848 2766 Hydero.
882 2695 975 2750 iberia
1000 2699 1032 2749 in
1050 2697 1141 2750 Ponte
1159 2695 1270 2749 adiacet

47 2765 232 2822 Colchorum
259 2767 383 2842 regioni,
407 2765 538 2830 Albania,
566 2763 632 2818 bad.
653 2765 775 2832 Georgia
793 2767 914 2836 11666166,
940 2769 1094 2824 Armeniae
1118 2775 1148 2821 61
1166 2767 1271 2838 Caepio

47 2840 138 2892 mari.
164 2871 197 2881 —
226 2837 369 2892 Thracian
387 2837 589 2892 Rhoemetalces
611 2853 646 2890 ac
662 2837 744 2892 tiberi
767 2839 864 2909 Cotyis
888 2873 920 2884 -
945 2840 1105 2902 attinebant,
1134 2859 1161 2894 ι.
1190 2839 1270 2906 661,

45 2913 93 2966 61.
114 2909 161 2966 66.
180 2909 223 2965 67.
244 2913 270 2974 3,
290 2911 334 2966 36.
353 2909 380 2974 1,
399 2911 443 2964 17.
464 2905 578 2976 cottyts
597 2907 640 2960 ed.
661 2907 726 2965 Ber.
748 2909 798 2964 scd
815 2909 914 2964 eadem
933 2909 1214 2974 0616166111616616.
1238 2937 1270 2947 -—

44 2981 189 3045 legionem
208 2980 323 3032 daseia
341 2977 490 3044 Pannonia,
509 2996 538 3030 v.
557 2977 637 3046 661,
656 2978 700 3046 61,
719 2980 744 3035 1.
772 3011 803 3024 -
825 2981 892 3034 6666
908 2982 938 3034 ia
956 2967 1077 3049 Moesia,
1100 2977 1163 3034 vlt
1186 2979 1270 3034 Glau-

45 3051 99 3104 dia
119 3060 149 3104 et
167 3051 245 3108 vm.
265 3052 403 3126 Augusta.
424 3081 456 3092 -
476 3047 637 3116 attinebant,
656 3069 684 3104 v.
704 3050 785 3116 661,
805 3053 849 3117 36,
868 3055 894 3108 3.
925 3084 956 3094 -
976 3053 1084 3104 totidem
1112 3053 1184 3118 opud
1198 3051 1271 3103 'Dat-

45 3123 161 3176 661166
179 3124 288 3187 toeetit,
306 3141 335 3175 v.
356 3123 419 3174 lud
438 3123 476 3175 ll.
496 3139 524 3174 v.
543 3122 632 3188 Apso.
671 3119 821 3188 Dalmatia,
888 3141 920 3177 ae
944 3131 1027 3177 antea
1052 3123 1174 3176 inermis
1199 3123 1269 3187 tuit,

45 3197 182 3258 Augusto
198 3193 347 3248 16661166.
366 3193 402 3250 U.
422 3196 482 3251 713.
501 3200 733 3264 perpetuumque
771 3195 846 3247 raesi
867 3197 928 3248 ium
947 3195 979 3246 ia
1002 3211 1035 3248 aa
1054 3195 1211 3248 decretum.
1239 3211 1267 3247 v.

46 3265 108 3318 Dio
128 3267 174 3332 61,
192 3264 257 3322 31.ιι
276 3264 349 3332 lips.
381 3295 415 3308 -
441 3265 530 3332 posita
555 3265 689 3329 regionis,
713 3209 859 3320 Daimatia
876 3267 979 3338 pasin.
1005 3267 1060 3320 sita
1078 3283 1096 3320 6
1113 3265 1271 3330 tergeatis

43 3336 217 3402 legionibus,
239 3353 312 3406 quae
330 3337 363 3390 iu
379 3337 524 3392 Pannonia
542 3343 625 3390 erant
649 3344 679 3390 et
697 3337 813 3392 Moesia.
835 3369 867 3380 -—
904 3337 978 3395 6666
993 3339 1089 3406 procat
1106 3337 1270 3402 6661666166,

45 3429 75 3464 v.
99 3407 138 3460 66
157 3411 183 3470 1,
202 3409 247 3472 36,
265 3409 291 3464 3.
313 3439 345 3450 -
382 3414 439 3460 tree
456 3409 583 3470 arianae,
607 3423 695 3460 nooers
710 3407 866 3476 praetoriae
883 3407 1019 3462 cohorter.-
1047 3409 1189 3475 „Omittit
1207 3427 1270 3480 sep·

44 3489 112 3534 tem
134 3477 270 3532 cohortes
289 3478 416 3603 ripilum
435 3479 583 3532 institutas
602 3481 659 3534 iam
677 3479 711 3534 ab
730 3477 872 3565 augusto,
892 3499 963 3552 quae
981 3497 1102 3546 umnero
1121 3489 1150 3534 et
1167 3479 1271 3534 robore

43 3567 144 3622 supra
161 3548 291 3604 urbanas.
353 3569 420 3604 ausa
436 3547 517 3616 baec,
547 3550 615 3622 quia
638 3549 669 3604 id
693 3567 757 3604 aeva
782 3551 813 3604 vi
837 3549 888 3605 'les
905 3569 964 3606 non
983 3551 1173 3606 censebantur
1192 3551 1272 3605 inter

44 3625 76 3676 le
103 3621 204 3675 itimos
223 3623 372 3692 iustosque
392 3621 511 3677 milites.
547 3621 650 3691 ltaque
676 3623 706 3676 in
731 3624 810 3676 omni
830 3641 848 3674 u
886 3623 972 3677 bellis
997 3623 1133 3676 civilibus
1153 3623 1270 3688 Galbae,

42 3695 84 3748 0t
112 3694 188 3757 onie,
207 3693 398 3748 Vitelliirara
411 3709 513 3746 eorum
527 3693 647 3760 mentio,
665 3694 765 3748 nullus
777 3713 854 3748 usus.
885 3693 1076 3750 Elibertinis
1091 3695 1162 3748 lecti
1175 3700 1269 3760 erant,

41 3768 114 3820 vile
137 3782 229 3841 &nus
258 3773 287 3818 et
309 3765 432 3820 Vulcani
457 3765 553 3834 potius
578 3763 710 3819 ministri
734 3783 820 3835 msam
844 3767 952 3820 Martis.
990 3767 1092 3837 ltaque
1116 3780 1169 3819 nec
1186 3781 1271 3834 prae-
1341 3775 1345 3786 ’

42 3837 124 3891 tecti
153 3835 277 3912 vigilum
300 3835 380 3890 inter
406 3837 536 3888 illustres
563 3834 719 3910 dignitates
751 3837 861 3894 mentio
885 3837 986 3891 Tacito
1014 3854 1152 3907 aequante
1188 3837 1271 3888 cuius

41 3908 211 3964 auctoritas
236 3913 335 3960 tamen
359 3907 496 3970 adolevit,
527 3907 602 3958 sieut
627 3915 657 3960 et
683 3907 814 3962 militum
833 3910 974 3979 ipsorum,
998 3909 1043 3961 uti
1068 3927 1103 3962 ex
1121 3906 1270 3960 Pandectis

39 3981 178 4049 aliisque
196 3977 387 4048 scriptoribus
406 3977 548 4032 6166661α
567 3977 645 4046 1166.
673 3977 718 4037 ot.
738 3979 837 4046 6611,
856 3981 900 4046 36,
919 3981 946 4036 1.
990 3981 1159 4047 „liereerus
1183 3976 1270 4031 incli·
1336 4041 1338 4048 y

40 4061 102 4106 nat
122 4051 273 4126 corrigere
292 4057 405 4118 6661661
421 4052 552 4111 artesae,
571 4050 658 4102 aecem
674 4051 830 4117 praetoriae
853 4051 976 4104 cohorter
997 4067 1033 4104 ex
1057 4051 1189 4136 inscript.
1209 4058 1268 4105 aut.

38 4141 95 4194 ap.
123 4122 245 4176 Gruter.
271 4137 299 4192 p.
320 4123 382 4186 168,
401 4125 428 4178 8.
453 4129 483 4175 61
508 4121 727 4188 1116666611.
759 4137 847 4192 quem
870 4121 980 4174 erroris
1005 4123 1105 4196 arguit
1129 4121 1206 4190 laps.
1234 4121 1269 4172 de

39 4211 153 4268 magn.
173 4191 255 4246 liam.
276 4193 674 4258 1,t.i¹ab1·otmsia1usor.
722 4195 799 4248 ,117
818 4209 862 4262 eq·
890 4191 1001 4245 mavult
1024 4201 1189 4264 utrumque,
1214 4191 1269 4244 ’16-

39 4268 148 4320 citum
166 4271 198 4317 et
216 4263 348 4331 Diouem,
372 4281 428 4335 pro
455 4279 507 4318 suo
529 4279 601 4318 aare
626 4265 687 4318 inte
713 4264 806 4340 igere,
832 4261 911 4332 qnod
935 4279 982 4317 ras
1000 4264 1126 4318 variavit
1152 4281 1219 4318 cum
1237 4265 1268 4315 iu
