2904 4798
221 224 363 290 CAPUT
384 223 485 289 XXV
506 261 545 274 -
567 223 711 307 XXVII.
739 225 791 304 (Δ.
813 223 852 292 U.
865 225 937 292 786.
959 225 997 290 A.
1020 223 1056 288 C.
1072 227 1138 302 33.)
1226 229 1290 294 515

497 389 690 446 CAPUT
742 390 863 446 xxvt.

153 497 253 560 Haud
291 501 397 562 multo
432 507 508 582 post
540 497 700 578 Cocceius
727 497 859 577 Nerva,
898 500 1075 562 continuus
1110 499 1289 582 Principis,

71 583 178 644 omnis
199 579 306 646 divini
327 583 526 665 humanique
547 583 631 646 iuris
652 583 770 659 sciens,
792 575 925 666 integro
946 591 1046 660 statu,
1077 579 1220 666 corpore
1247 583 1290 643 il-

70 666 169 743 laeso,
202 663 369 730 moriendi
395 667 571 728 consilium
598 685 636 726 ce
659 666 697 728 it.
741 663 837 730 Quod
863 671 902 725 ut
934 661 1075 728 Tiberio
1107 666 1289 752 cognitum,

69 746 227 821 assidere,
249 765 363 810 causas
376 751 561 830 requirere,
582 747 623 810 ad
648 767 705 812 ere
717 767 845 830 preces,
866 749 965 810 lateri
985 755 1167 831 postremo,
1188 767 1290 837 grave

69 833 303 908 conscientiae,
332 850 436 920 grave
465 835 571 894 famae
598 849 687 910 snae,
717 832 746 894 si
773 831 945 913 proximus
976 831 1160 894 amicorum
1187 832 1290 894 nullis

68 912 237 978 moriendi
258 915 444 977 rationibus
465 917 570 980 vitam
589 917 624 976 lu
649 922 742 979 eret·
773 912 953 976 Aversatus
976 931 1162 978 sermonem
1176 914 1292 979 Nerva

68 997 303 1060 abstinentiam
325 997 392 1060 cibi
413 999 595 1062 coniunxit.
662 997 798 1060 erebant
818 998 916 1084 gnari
943 998 1185 1082 cogitationum
1206 998 1290 1076 eius,

68 1089 192 1164 quanto
213 1083 353 1163 propius
373 1082 460 1144 mala
481 1083 532 1144 rei
553 1081 704 1164 publicae
724 1081 861 1160 viseret,
882 1080 935 1142 ira
955 1089 989 1144 et
1010 1089 1112 1160 metu,
1140 1077 1218 1144 dum
1240 1083 1292 1144 in·

68 1173 182 1250 teger,
216 1162 293 1226 dum
334 1166 536 1244 intentatus,
570 1163 747 1226 honestum
785 1165 885 1226 linem
921 1164 1077 1226 voluisse.
1132 1161 1291 1226 Ceterum

67 1247 275 1333 Agrippinae
308 1249 492 1329 pernicies,
526 1245 616 1330 quod
646 1249 703 1311 rix
735 1245 914 1318 credibile,
954 1245 1144 1308 Plancinam
1174 1248 1289 1310 traxit.

66 1329 184 1413 Nupta
206 1331 287 1392 olim
309 1325 367 1393 Cn.
389 1331 503 1394 Pisoni
525 1339 560 1392 et
580 1330 688 1412 palam
708 1329 796 1392 laeta
824 1331 934 1392 morte
956 1327 1159 1408 Germanici,
1190 1349 1292 1412 quum

66 1413 143 1476 Piso
167 1411 311 1490 caderet,
332 1413 488 1498 precibus
508 1413 678 1502 Augustae
703 1431 765 1474 nec
791 1413 901 1474 minus
928 1413 1113 1474 inimicitiis
1134 1411 1292 1497 Agrippi-

67 1517 131 1560 nae
151 1493 285 1559 detensa
306 1503 390 1560 erat.¹
432 1495 478 1560 Ut
498 1496 611 1560 odium
635 1503 668 1558 et
688 1495 797 1582 gratia
818 1493 958 1574 desiere,
980 1497 1034 1556 ius
1054 1494 1172 1574 valuit,
1206 1496 1291 1578 peti-

67 1589 169 1661 taque
189 1580 385 1654 criminibus
406 1577 498 1644 baud
517 1579 641 1664 ignotis
662 1598 722 1642 sua
747 1597 847 1641 manu
873 1597 949 1644 sera
977 1581 1084 1665 magis
1110 1597 1206 1663 quam
1227 1579 1289 1640 im-

67 1665 189 1725 merita
210 1663 372 1746 supplicia
393 1663 568 1762 pqrsolvit.

140 1785 165 1838 l.
186 1781 318 1836 cocceius
335 1781 430 1835 Nerva
449 1787 504 1835 cet.
525 1781 563 1837 cf.
583 1779 765 1846 11105811.
787 1807 818 1817 —
838 1777 988 1834 continuus
1007 1775 1161 1848 Principia,
1185 1785 1219 1832 ut
1237 1779 1289 1834 Gr.

68 1852 198 1920 συνήθης,
225 1852 402 1908 substantive
427 1853 563 1924 ponitur;
596 1849 702 1904 Wattlt.
733 1884 764 1894 —
791 1851 882 1904 omnir
908 1849 1001 1903 diuini
1023 1849 1191 1920 humanique
1214 1847 1291 1902 iusta

67 1925 171 1988 aciens,
191 1931 223 1978 ut
242 1932 271 1978 et
288 1923 366 1976 filius
386 1926 448 1978 eius
466 1927 503 1978 Μ.
525 1921 663 1976 Cocceius
682 1921 792 1986 Nerva,
832 1923 862 1976 ui
880 1921 952 1992 Imp.
978 1919 1094 1975 Nervae
1116 1925 1209 1992 pater,
1232 1921 1291 1975 Ne-

66 1999 136 2050 roni
153 1995 399 2050 familiarissimus
420 2003 449 2048 et
466 1995 668 2065 praeterfuit.
707 1991 801 2045 Filius
836 1993 930 2044 'brum
950 1991 1069 2062 scripsit
1086 1991 1123 2046 de
1140 1993 1290 2064 usucapio·

66 2069 162 2134 nibus,
182 2073 267 2140 pater
284 2067 393 2138 plures,
413 2083 536 2136 quorum
555 2081 590 2116 ne
610 2062 693 2116 tituli
712 2061 831 2133 quidem
850 2063 1013 2116 innotuere.
1038 2079 1067 2116 v.
1094 2059 1130 2115 ad
1152 2064 1180 2129 3,
1200 2063 1289 2128 75,1.

65 2135 522 2208 t,58,1.15,tt.etni01.l.
544 2167 576 2178 -—
597 2135 819 2202 integrostatta
847 2151 876 2188 r.
896 2133 932 2186 ad
948 2135 976 2200 3,
995 2135 1040 2198 28,
1059 2135 1084 2188 4.
1105 2141 1133 2187 et
1151 2135 1179 2198 3,
1197 2133 1243 2198 57,
1263 2139 1288 2190 l.

66 2243 100 2253 -
113 2211 255 2264 assidere:
276 2209 446 2280 „proprium
456 2206 491 2260 de
509 2205 563 2260 hac
580 2224 613 2260 re
631 2205 762 2258 verbum.
780 2203 896 2256 v.Plin.
916 2222 960 2275 ep·
981 2209 1007 2270 l,
1026 2205 1069 2262 tt.
1091 2205 1117 2269 7,
1138 2205 1179 2260 19.
1200 2204 1289 2270 Quin·

64 2283 113 2338 til.
134 2281 209 2336 decl.
233 2283 260 2346 2,
286 2279 353 2336 10.“
381 2276 488 2333 Waltlt.
515 2280 552 2330 cf.
578 2277 667 2331 etiam
689 2273 761 2352 Agr.
781 2275 824 2330 45.
850 2282 879 2328 et
896 2273 995 2328 Horat.
1021 2271 1079 2330 sat.
1099 2279 1125 2342 1,
1145 2279 1171 2340 l,
1190 2277 1234 2332 82.
1255 2309 1285 2320 -

64 2371 156 2422 grave
177 2365 205 2396 ·.
226 2368 323 2422 gra-pe,
342 2370 370 2403 v.
390 2351 426 2404 ad
443 2351 533 2415 l„ltt,
552 2349 576 2406 2
598 2355 626 2402 et
643 2351 669 2403 3.
690 2380 722 2389 -
741 2345 943 2400 abstinentiam
961 2343 1019 2399 a'tt
1030 2343 1186 2412 conluserit,
1206 2365 1234 2401 r.
1253 2345 1289 2402 ad

64 2431 94 2490 4,
114 2427 158 2492 57,
179 2427 205 2481 2.
227 2453 259 2462 -
279 2423 417 2477 Ferebant
434 2419 525 2490 gnari
543 2419 751 2486 cogitationum
769 2417 831 2470 eius
850 2423 907 2470 cet.
926 2419 964 2470 ct.
990 2415 1026 2470 ad
1045 2433 1069 2472 c.
1090 2421 1133 2474 17.
1158 2435 1188 2472 u.
1207 2419 1232 2474 7.
1253 2451 1286 2462 -

66 2503 172 2568 quanto
190 2494 326 2565 propriae
345 2501 399 2550 cet.
418 2511 445 2544 v.
465 2491 500 2545 ad
520 2495 544 2558 1,
563 2493 608 2555 57,
629 2493 653 2546 l.
683 2521 713 2530 -
739 2487 899 2542 intentatus
925 2489 1200 2552 antecesssorum,
1225 2489 1287 2546 sire

64 2567 207 2640 periculis
226 2565 355 2620 nondum
374 2565 529 2636 appetitus,
550 2561 678 2616 nondum
696 2567 831 2627 vexatus3
850 2561 919 2616 lira.
940 2559 1125 2628 intemptatae
1144 2557 1205 2614 edd.
1220 2559 1284 2616 Ber.

66 2649 97 2694 et
115 2639 349 2767 Rpeqlpqcimm
368 2707 472 2774 traxit,
491 2725 518 2760 v.
537 2703 573 2758 ad
590 2707 617 2771 4,
638 2705 681 2768 13,
699 2705 726 2759 ³.
747 2711 776 2756 et
794 2701 829 2757 de
847 2701 985 2756 Plancina
1003 2701 1067 2756 lnd.
1087 2703 1110 2760 1,
1135 2735 1169 2746 -
1192 2699 1286 2770 μησί-

65 2785 117 2836 bus
131 2783 288 2849 Augustae,
308 2782 346 2834 cl'.
364 2783 392 2844 3,
412 2785 454 2835 17.
475 2811 506 2821 -
527 2777 629 2858 odium
639 2773 819 2860 Agrippinae
837 2781 865 2828 et
882 2775 985 2843 gratia
999 2775 1147 2900 Aufustae
1167 2771 1285 2839 deet'ere,

65 2862 133 2924 post
153 2853 302 2924 utriusque
320 2857 454 2904 mortem.
476 2883 506 2891 -
526 2853 618 2916 petala
637 2847 813 2912 cumanum,
834 2863 862 2898 v.
882 2845 917 2900 ad
934 2847 962 2912 3,
980 2847 1025 2912 37,
1062 2884 1069 2900 .

487 3025 678 3082 CAPUT
721 3024 863 3077 xxvn.
918 3068 921 3080 .

151 3139 218 3202 Tot
239 3139 383 3202 luctibus
405 3140 534 3198 funesta
556 3135 703 3210 civitate,
725 3139 803 3213 pars
824 3133 987 3194 maeroris
1013 3131 1089 3209 fuit,
1123 3129 1209 3214 quod
1230 3131 1284 3194 Iu-

64 3227 111 3288 lia
144 3224 249 3286 Drusi
282 3221 362 3292 filia,
398 3215 561 3302 quondam
590 3215 737 3280 Neronis
768 3233 866 3292 uxor,
901 3211 1056 3297 denupsit
1088 3214 1123 3274 in
1149 3211 1283 3278 domum

64 3308 212 3370 Rubellii
243 3305 380 3382 Blandi,
415 3305 510 3364 cuius
542 3319 642 3362 avum
676 3298 869 3374 Tiburtem,
904 3297 1057 3379 Equitem
1089 3295 1284 3374 Romanum,

64 3392 216 3476 plerique
236 3390 465 3450 meminerant.
509 3384 665 3444 Extremo
686 3384 764 3442 anni
786 3399 876 3441 mors
897 3380 984 3442 Aelii
1004 3379 1140 3441 Lamiae
1166 3382 1285 3442 funere

65 3476 220 3537 censorio
242 3473 418 3546 celebrata,
447 3469 503 3550 qui
530 3462 810 3527 administrandae
832 3461 854 3523 S
880 3464 950 3524 riae
981 3463 1125 3550 imagine
1151 3461 1285 3527 tandem

65 3557 236 3622 exsolutus
263 3553 348 3618 Urbi
381 3553 581 3636 praefuerat.
625 3545 737 3609 Genus
766 3547 817 3607 illi
848 3483 1017 3624 decorum,
1049 3544 1162 3608 vivida
1191 3563 1283 3610 sene-

64 3653 159 3716 ctus,
181 3648 215 3702 et
236 3635 302 3700 non
323 3637 482 3720 permissa
505 3631 678 3715 provincia
710 3627 934 3716 dignationem
963 3627 1147 3694 addiderat.
1189 3627 1283 3708 Exin,

63 3727 181 3787 Flacco
203 3723 385 3804 Pomponio
407 3717 527 3799 Syriae
548 3722 767 3798 propraetore
796 3711 963 3791 defuncto,
991 3713 1183 3776 recitantur.
1205 3709 1287 3774 Cae-

65 3808 152 3871 saris
181 3807 309 3881 literae,
346 3803 417 3886 quis
448 3799 633 3876 incusabat,
667 3797 837 3884 egregium
866 3804 1026 3878 quemque
1064 3803 1098 3856 et
1129 3792 1284 3879 regendis

64 3889 270 3954 exercitibus
292 3886 447 3948 idoneum
468 3885 614 3945 abnuere
642 3879 678 3942 id
700 3899 831 3958 munus,
863 3897 961 3959 seque
983 3897 1021 3939 ea
1042 3877 1284 3940 necessitudine

64 3973 111 4038 ad
131 3991 247 4056 preces
269 3971 355 4057 cogi,
376 3987 438 4052 per
459 3987 537 4049 quas
558 3964 782 4026 consularium
810 3963 912 4042 aliqui
945 3977 1116 4042 capessere
1147 3962 1284 4040 provin·

64 4060 136 4120 cias
159 4053 391 4141 adigerentur3
414 4051 535 4112 oblitus
556 4047 766 4115 Arruntium,
789 4064 830 4106 ne
852 4046 886 4104 in
900 4043 1095 4124 Hispaniam
1117 4061 1177 4122 per
1200 4053 1283 4122 eret,

64 4141 233 4203 decimum
255 4139 321 4199 iam
342 4153 464 4198 annum
485 4131 632 4195 attineri.
676 4129 768 4192 Obiit
795 4125 910 4189 eodem
939 4145 1024 4187 auno
1051 4135 1085 4186 et
1112 4121 1160 4185 M.
1214 4127 1283 4206 epi·

65 4223 143 4302 dus,
179 4221 221 4285 de
246 4223 342 4282 cuius
374 4215 600 4280 moderatione
627 4219 724 4292 atque
746 4211 907 4292 sapientia
938 4211 974 4270 in
996 4207 1166 4291 prioribus
1187 4208 1283 4270 libris

66 4309 152 4371 satis
189 4304 360 4369 collocavi.
411 4299 527 4382 Neque
567 4294 724 4360 nobilitas
763 4292 888 4356 diutius
923 4289 1178 4440 deuqqqstranda
1215 4299 1283 4353 ests
