2890 4790
335 165 489 230 curor
511 165 583 230 ιιι..
612 165 715 246 (su.
734 167 805 232 ue.
830 164 998 246 scas.)
1224 162 1286 230 su

68 331 206 398 rescripto
221 331 337 397 fuisset,
355 332 432 402 quod
448 333 536 388 troile
553 331 729 404 respondere
746 333 897 404 potuisset,
916 331 979 388 scil.
995 329 1288 400 suscipientium

69 409 199 468 statuere,
225 410 327 454 utrum
351 405 494 456 nubendum
513 411 577 470 poet
601 404 716 458 Drusum
735 419 770 454 un
792 403 955 456 tolerandum
979 401 1100 470 luberet,
1125 401 1185 470 sibi
1202 409 1285 456 esset.

70 477 110 527 ci.
130 473 194 529 ind.
214 472 251 529 11.
272 493 301 526 v.
329 473 437 526 Habere
456 483 485 528 et
503 473 539 528 ad
557 474 588 527 0.
610 479 634 530 1.
650 493 678 532 n.
696 477 723 530 3.
742 475 918 540 tolerandum,
937 475 1090 546 patienter.
1102 473 1289 539 manendum,

70 545 172 602 Germ.
202 543 286 599 sich
311 545 513 620 gedulden,
541 542 671 600 Freinels.
691 577 723 588 -
762 560 821 598 esee
849 545 897 598 illi
919 554 1048 611 matrem,
1068 545 1234 612 Antoniam,
1262 551 1290 598 et

71 617 175 682 crinin,
198 601 323 682 bivium,
347 617 485 684 propiora
510 617 643 680 consilia,
670 635 699 670 v.
719 615 754 670 ad
771 615 843 701 Agr,
862 619 889 672 6.
910 636 938 670 ιι.
960 620 986 673 7.
1012 617 1151 686 propiora
1169 615 1291 681 consiliu

70 706 125 758 per
149 688 284 758 apposit,
310 688 368 740 nisi
393 704 503 740 comma
524 687 622 742 delere
645 687 732 742 malis
750 697 779 742 et
796 706 920 766 iungere
937 695 1057 742 uentrem
1075 695 1102 742 et
1121 689 1216 742 ouimn
1233 703 1291 741 esee

71 759 121 812 illi
136 758 275 828 propiora
294 759 425 812 consiliu.
447 787 479 796 -
521 758 688 826 Simplicius
713 765 843 812 acturum
865 779 895 814 se
914 777 981 812 cum
1000 777 1042 815 eo.
1071 759 1117 812 cf.
1137 760 1178 814 adr
1190 759 1226 816 G.
1245 761 1290 815 22.

72 851 100 882 n.
121 833 146 882 7.
168 865 199 874 -
237 829 365 896 conuelli,
386 837 417 882 ut
434 831 462 896 6,
483 831 528 886 48.
548 830 706 896 convulsus,
725 831 823 884 Germ.
843 830 1074 898 verdorben3
1105 829 1210 884 Wollls.
1247 829 1291 884 Eo

72 911 169 954 tamen
188 921 273 956 sensu
290 918 349 956 non
368 901 479 954 dicitur
496 899 552 954 boc
569 901 701 954 verbum.
721 901 871 967 „conuelli
889 911 934 956 est
951 904 988 958 ed
1003 902 1177 958 discordiam
1194 901 1293 976 redigi

73 981 103 1027 et
122 973 187 1026 odia
206 979 317 1042 nepotes
335 988 411 1037 suos,
437 989 527 1042 qumn
552 979 651 1042 patres
671 987 782 1040 eorum,
811 971 922 1028 Drusus
941 983 971 1029 et
990 973 1193 1039 Germanicus,
1220 973 1294 1026 bene

73 1044 231 1098 concordes
256 1043 370 1098 fuerint
393 1050 422 1097 et
449 1041 659 1097 certaminibus
682 1045 886 1114 proximorum
905 1045 1081 1100 inconcussi.
1106 1063 1133 1100 v.
1153 1048 1181 1109 2,
1199 1047 1243 1101 to.
1263 1049 1294 1096 et

72 1115 108 1170 ad
125 1119 153 1182 4,
172 1119 200 1182 4,
221 1115 268 1170 1.“
285 1116 355 1168 Ern.
376 1145 408 1156 -
447 1115 608 1184 quietiore,
626 1113 654 1166 si
672 1123 726 1168 cet.
747 1116 791 1170 cf.
811 1117 847 1170 ed
866 1118 895 1172 0.
915 1120 960 1172 26.
979 1137 1009 1171 ιι.
1029 1121 1054 1174 6.

143 1191 171 1245 2.
192 1187 315 1242 falleris
333 1185 407 1238 enim
424 1185 537 1252 Scione,
570 1186 663 1238 oratio
683 1185 800 1256 oblique
824 1189 856 1240 in
874 1197 986 1242 rectam
1005 1190 1120 1243 transit.
1142 1215 1174 1226 -
1211 1187 1240 1246 ti
1266 1193 1294 1239 te

71 1275 236 1312 mansurum
254 1258 286 1312 in
304 1258 399 1310 eodem
417 1257 528 1324 ordine,
548 1255 724 1321 conditione,
743 1267 777 1310 ut
794 1260 881 1328 paulo
898 1268 965 1330 post
989 1260 1077 1314 iatum
1100 1258 1181 1314 intro
1203 1259 1296 1312 locum

73 1331 186 1384 sistere.
223 1329 277 1384 Res
300 1329 387 1383 ondet
411 1328 509 1383 verbis
532 1325 628 1381 Seiani
657 1345 682 1380 c.
703 1332 748 1384 39.
778 1346 833 1384 non
865 1331 942 1384 enirn
971 1347 1072 1386 exuere
1097 1347 1128 1384 se
1156 1330 1294 1398 impositu

71 1401 178 1456 munic.
199 1435 232 1444 —
295 1399 391 1467 icium,
423 1417 494 1470 quoe
517 1399 650 1472 primum
678 1399 708 1454 0.
730 1401 860 1467 Caesari,
887 1419 952 1456 mox
970 1404 1066 1458 Druso
1089 1409 1177 1471 nupto
1195 1401 1313 1467 fuerit,l

72 1475 112 1526 ci.
131 1471 213 1540 εΗ,
233 1477 277 1541 43,
296 1477 322 1530 3.
343 1468 444 1524 -”ιιι
471 1489 533 1524 cum
550 1469 653 1540 Equile
676 1471 756 1524 Reos.
782 1471 909 1540 (Seiano,
930 1474 1040 1544 dequo
1065 1492 1093 1530 v.
1113 1491 1174 1544 cap.
1197 1471 1233 1538 1)
1251 1487 1296 1524 se·

73 1551 181 1610 nescot,
215 1546 240 1598 si
264 1555 340 1598 uxor
357 1552 407 1596 tua
424 1545 525 1610 fuerit,
551 1541 583 1594 in
600 1542 716 1611 privata
734 1544 902 1600 conditione
921 1563 979 1600 sem
1002 1563 1035 1600 er
1054 1553 1176 1610 maneat,
1201 1561 1297 1613 neque

114 1619 172 1672 tius
192 1624 223 1676 ,ta
250 1615 287 1672 ed
312 1617 354 1670 im
377 1615 473 1670 eriusn
496 1611 692 1668 affectandum
719 1611 899 1683 exhortetur,
933 1625 965 1670 ut
1011 1617 1084 1670 uilia
1102 1615 1296 1686 Tarquinium

97 1689 138 1740 iv.
168 1693 194 1756 1,
219 1690 264 1744 47.
285 1719 318 1730 -
354 1633 418 1755 bgo
444 1693 486 1752 ut,
554 1684 657 1749 amris,
687 1685 782 1738 sinam
806 1687 845 1754 id,
872 1691 975 1772 patiar.
1002 1721 1035 1732 -
1072 1690 1196 1755 fratrem
1222 1685 1296 1750 cius,
1358 1734 1363 1745 ,

73 1757 346 1812 Germanicum-
380 1765 502 1826 patrm,
554 1773 664 1809 rusum.
687 1785 717 1796 —
756 1758 842 1812 istum
866 1767 948 1814 sistra
966 1761 1056 1814 locum
1074 1759 1188 1824 sistere,
1213 1777 1242 1812 r.
1261 1757 1297 1810 sd

71 1834 101 1894 3,
121 1833 165 1893 62,
184 1833 209 1886 3.
231 1857 263 1868 -··
301 1828 407 1884 invito:
427 1829 458 1882 in
477 1827 534 1882 MS.
554 1827 651 1880 invite.
672 1861 698 1870 -
729 1839 924 1900 perrumpunt,
943 1832 1107 1896 „excedunt
1124 1831 1196 1884 fines
1215 1829 1296 1894 istos,

72 1901 155 1953 intra
173 1917 243 1970 quoa
262 1901 413 1954 continere
431 1909 459 1954 te
479 1901 533 1965 vis,
552 1907 719 1976 expugnant
743 1903 913 1957 modestiam
937 1913 1018 1958 tuam
1043 1905 1127 1974 eique
1145 1903 1207 1955 vim
1225 1901 1298 1954 faoi·

72 1978 145 2037 unt,
164 1979 197 2022 nt
213 1973 277 2030 iere
297 1989 321 2025 c.
342 1974 386 2028 67.
406 1988 441 2024 ne
460 1971 524 2042 quis
542 1971 662 2042 quietern
680 1972 741 2024 eius
760 1973 932 2042 irrumperet
950 1977 971 2028 i.
992 1993 1017 2030 e¹
1039 1976 1172 2027 turbaret
1190 1971 1298 2026 adeun·

72 2043 122 2108 do,
140 2041 324 2112 appellando,
342 2043 478 2115 petendo.
515 2037 596 2097 ilsnc
615 2045 886 2113 interpretationem
909 2054 938 2100 et
965 2054 1116 2100 contextus
1142 2045 1202 2115 ipse
1221 2043 1297 2096 desi·

72 2114 158 2168 derat
176 2121 205 2167 et
222 2131 301 2184 seqq.
322 2131 347 2166 c.
365 2120 410 2172 41.
447 2115 538 2170 tacito
558 2114 759 2182 suspicionum,
784 2117 865 2185 tulgi
883 2133 1033 2180 rumorens,
1053 2118 1235 2184 ingruentem
1252 2115 1298 2166 in-

72 2185 186 2238 cidicm
204 2185 382 2254 deprecatur.
419 2185 493 2238 Nam
518 2203 576 2242 non
600 2187 639 2239 ita
663 2187 781 2238 obtusus
801 2197 863 2244 erat
881 2189 1012 2254 Seianus,
1038 2195 1147 2240 utnon
1165 2186 1297 2250 sentiret,

73 2255 125 2309 hic
142 2273 198 2340 per
215 2255 347 2334 ambages
366 2257 421 2311 sibi
441 2257 528 2312 obiici
546 2278 563 2312 a
581 2253 698 2310 Tiberio
718 2259 787 2314 istas
806 2263 971 2330 primorum
991 2257 1179 2314 salutationes
1198 2265 1228 2310 et
1246 2255 1296 2310 ob·

74 2345 185 2398 sequte.
228 2327 329 2402 ltaque
358 2331 537 2406 excogitavit
560 2327 673 2394 deinde,
711 2333 854 2398 quomodo
879 2331 956 2386 salva
980 2331 1112 2400 potentia
1129 2329 1305 2383 adeuntium·

75 2408 175 2453 coetus
200 2409 321 2466 arceret,
350 2417 387 2454 ne
411 2401 584 2472 receptando
619 2401 771 2453 materiam
804 2403 1026 2456 criminantibus
1053 2401 1184 2456 inimicis
1212 2407 1299 2469 atque

74 2467 147 2522 adeo
166 2473 305 2542 suspicaci
324 2471 443 2526 Tiberio
460 2472 624 2543 praeberet,
650 2471 675 2524 si
695 2471 872 2528 salutaretur
894 2476 979 2529 velut
1003 2475 1141 2546 princeps
1169 2471 1297 2526 civitatis

73 2537 266 2612 omnibusque
284 2544 320 2598 de
338 2543 424 2600 rebus
443 2542 679 2600 consulereturr‘
695 2543 766 2598 Ern.
795 2545 853 2602 Sed
870 2549 991 2602 tortasse
1009 2543 1204 2608 scribendum,
1222 2541 1300 2613 quod

73 2617 106 2664 et
123 2609 260 2664 Heinsius
286 2617 421 2682 coniecit,
452 2613 502 2686 qui
529 2623 557 2670 le
582 2613 704 2667 inuitum
727 2626 923 2688 perrumpunt,
948 2617 985 2674 ad
1002 2625 1031 2672 te
1048 2621 1214 2689 penetrmt,
1240 2629 1298 2684 quo

75 2698 162 2735 sensu
178 2681 334 2762 fulgemus
351 2689 464 2759 accepit
482 2686 561 2742 Pich.
591 2683 641 2739 Sic
658 2689 686 2751 3,
705 2691 748 2744 16.
770 2705 803 2742 ne
822 2707 876 2761 quo
895 2692 997 2757 affectu
1013 2693 1253 2758 perrumperetur.
1264 2716 1297 2730 -

74 2767 227 2806 excernere
245 2769 284 2806 sc.
304 2763 333 2808 te
351 2758 410 2810 inm
425 2759 538 2826 pridem
556 2758 684 2831 equestre
705 2761 868 2828 fastigium,
897 2765 935 2816 ci.
955 2761 992 2815 ad
1011 2767 1036 2828 1,
1055 2765 1100 2826 14,
1119 2763 1145 2816 4.
1182 2757 1299 2824 „Quart

73 2833 127 2876 aut
145 2839 203 2895 quo
221 2825 251 2876 in
270 2827 368 2880 facto?
396 2829 498 2897 Credo,
518 2831 586 2902 quia
604 2834 764 2902 praetoriis
781 2831 941 2890 honoribus
969 2833 1127 2908 insignitus
1146 2828 1265 2884 Seianus
1282 2845 1299 2882 a

74 2895 299 2968 Tiberiumque
317 2898 358 2952 ita
375 2901 457 2954 velut
475 2911 626 2974 exemptus
646 2901 749 2972 Equiti
769 2911 798 2957 et
816 2905 942 2959 insertus
968 2905 1000 2957 in
1019 2911 1159 2959 senatum.
1195 2899 1299 2955 Sedet

74 2977 177 3038 postea
194 2967 343 3022 consulem
361 2987 427 3026 enm
445 2975 518 3026 fecit
536 2981 565 3026 et
583 2981 746 3028 senatorem
763 2975 869 3044 palam.
908 2977 1007 3052 Igitur
1030 2973 1119 3029 verba
1137 2971 1216 3025 Suet.
1236 2969 1296 3024 Tit.

73 3045 100 3096 6.
129 3040 342 3110 praefecturam
364 3045 507 3111 praetorii
534 3061 685 3114 nunquam
712 3047 752 3099 cel
774 3047 808 3100 id
831 3054 939 3115 tempus
963 3045 1022 3100 nisi
1039 3046 1075 3098 ob
1094 3045 1198 3114 Equite
1215 3041 1297 3096 Rom.

74 3109 313 3172 administratum
330 3121 414 3167 caute
432 3115 556 3190 legenda
573 3115 715 3171 videntur
733 3125 762 3171 et
781 3135 848 3172 cum
868 3119 1038 3189 exceptione
1061 3125 1126 3168 tum
1143 3113 1231 3167 buius
1247 3130 1300 3167 ex·

73 3181 179 3252 empti,
198 3187 262 3234 tum
280 3179 362 3248 alius,
382 3185 492 3256 dequo
513 3206 540 3240 v.
560 3188 595 3240 H.
615 3193 642 3252 4,
661 3187 729 3246 68.“
745 3187 824 3258 Lipe.
852 3191 917 3244 Huc
936 3191 1023 3244 etiem
1042 3183 1206 3253 reserenda,
1225 3199 1299 3256 quse

74 3253 233 3306 traduntur
250 3251 286 3308 dc
305 3251 401 3308 Seiani
419 3264 562 3326 potestate
581 3267 610 3314 et
627 3257 788 3314 honoribus
811 3266 838 3328 3,
857 3263 902 3320 66.
923 3263 966 3316 72.
986 3263 1014 3326 4,
1032 3261 1058 3317 2.
1077 3263 1123 3316 26.
1143 3261 1187 3316 68.
1216 3265 1246 3311 et
1263 3255 1298 3309 de
1331 3255 1346 3312 '-

73 3325 106 3376 vi
126 3325 327 3404 praefecturae
345 3329 496 3396 praetorii,
522 3347 608 3400 quarn
631 3331 716 3386 valde
741 3333 866 3386 intendit
890 3335 918 3398 4,
936 3335 963 3390 2.
988 3348 1043 3401 per
1067 3331 1143 3384 idem
1166 3327 1223 3385 MS.
1243 3341 1299 3398 pro

71 3391 198 3476 pridem
224 3404 258 3448 ut
280 3399 308 3462 6,
335 3401 362 3452 3.
384 3425 418 3436 -
443 3401 597 3472 longeque:
622 3403 653 3456 in
672 3403 736 3457 edd.
755 3403 821 3458 Ber.
842 3411 872 3457 et
889 3403 981 3458 Rhen.
1001 3408 1027 3459 1.
1047 3401 1153 3456 vitiose
1172 3403 1297 3470 legeque.

74 3495 115 3551 -·
131 3471 250 3531 anonae,
271 3469 405 3550 anteisse,
421 3474 517 3538 putris
534 3475 592 3528 mes·
610 3475 767 3542 amicitias,
795 3475 964 3530 amiciorem
981 3473 1046 3527 tilio
1064 3489 1127 3528 esse
1144 3489 1230 3543 quam
1247 3487 1299 3542 pa·

72 3547 117 3590 trs
136 3552 202 3590 meo
226 3539 335 3600 fuersss
366 3541 437 3593 Ern.
474 3543 568 3599 immo
594 3547 719 3600 anteisse
736 3555 766 3600 te
781 3546 878 3614 patrie
894 3547 960 3612 mei,
987 3545 1031 3599 Au
1074 3545 1123 3610 sti,
1142 3543 1299 3608 amicitiae,

72 3607 105 3660 h·
127 3627 162 3692 e..
173 3609 290 3672 amicos,
308 3615 342 3660 ut
360 3611 387 3674 2,
407 3613 450 3666 27.
471 3618 516 3668 tt.
535 3619 564 3681 6,
582 3621 609 3674 2.
630 3618 677 3671 Gi.
696 3618 732 3672 ad
743 3623 786 3684 12,
798 3621 843 3684 ts,
856 3623 880 3674 1.
901 3627 932 3672 et
943 3617 1007 3672 ind.
1025 3563 1079 3673 fii.
1099 3635 1127 3670 v.
1142 3617 1297 3670 Abslroctc

71 3679 200 3733 lt'ormnn
224 3695 277 3748 pro
304 3679 404 3732 Concr.
441 3683 590 3763 intelligit
607 3687 769 3765 Agrippam
789 3698 839 3744 sut
856 3692 1066 3755 Maecenatem
1090 3685 1168 3757 Lipe.
1204 3687 1298 3740 Immo

72 3755 280 3816 Maecenatem,
299 3749 480 3822 Sallustium,
499 3757 685 3814 Proculeium
702 3769 731 3815 et
748 3762 837 3816 alios:
865 3773 933 3815 narn
957 3761 1119 3837 Agrippam
1145 3757 1196 3814 hio
1219 3773 1300 3812 com·

72 3824 174 3896 putari
201 3821 283 3874 locus
301 3821 361 3874 sion
377 3827 504 3894 patitur3
523 3829 652 3885 Freinclc.

146 3897 173 3950 3.
192 3893 234 3946 At
254 3891 337 3959 enim,
355 3903 388 3946 ut
407 3897 459 3951 Gr.
479 3897 548 3952 siliis
567 3897 631 3973 γάρ,
654 3901 804 3958 Wotrt.-
825 3903 975 3974 Augustus
992 3899 1082 3969 filiam
1100 3918 1183 3959 suum
1199 3899 1300 3970 Equiti

76 3965 157 4018 Rom·
176 3964 301 4030 lreulere,
327 3973 451 4036 nuptum
475 3971 555 4037 dare,
587 3974 743 4042 collocare,
775 3973 824 4041 (ut
842 3991 869 4027 c.
883 3974 945 4041 75.)
971 3974 1126 4029 meditatus
1143 3979 1196 4038 eet,
1227 3987 1300 4042 quse

18 4045 23 4054 ’
74 4038 164 4088 verbe
183 4043 314 4108 spectant
333 4037 369 4091 ad
388 4039 441 4094 illa
459 4041 556 4098 Seiani
574 4061 600 4099 c.
620 4049 666 4104 39.
703 4048 867 4116 Augustum
884 4046 917 4100 in
935 4045 1099 4098 collocando
1116 4047 1179 4115 filio
1197 4052 1251 4098 cet.
1266 4075 1299 4088 -
1382 4047 1386 4056 '

75 4105 190 4160 Mirum
206 4105 317 4188 hercule
336 4136 368 4147 —
386 4114 560 4180 perunctos.-
588 4117 717 4184 „Sensus
736 4127 796 4173 est:
824 4133 884 4171 non
902 4116 1036 4170 debemus
1054 4119 1168 4184 mirari,
1199 4117 1224 4169 si
1241 4113 1301 4168 Au·

75 4184 179 4254 gustus
203 4173 357 4244 aliquando
386 4181 570 4256 deliberavit,
603 4207 639 4242 an
662 4189 766 4258 Equiti
791 4189 884 4242 liliam
907 4187 1074 4242 collocaret.
1110 4187 1230 4243 Etenim
1248 4187 1303 4242 ille

74 4265 156 4406 1³er
152 4245 386 4406 ῖίῖἓᾶῗῐιὶε,
405 4279 462 4329 qua
480 4277 543 4315 rem
556 4277 701 4332 quumque
720 4261 751 4316 in
769 4261 932 4332 prunisque
950 4263 1107 4400 tenur2n⁷ab
1118 4261 1199 4318 omni
1216 4265 1303 4330 perta
