2828 4794
199 199 242 264 aa
392 273 394 280 .
607 195 853 264 munerun
883 197 966 261 uro.
988 195 1015 262 1.
1110 272 1118 292 .

202 363 293 438 longo
320 379 374 416 usu
398 361 525 416 memus.
567 362 623 418 Sed
647 365 722 418 iales
743 363 836 433 eperia
860 363 918 418 tts.
942 372 972 418 et
995 363 1029 416 in
1054 378 1148 437 marg.
1165 361 1291 417 inuictus.
1328 363 1386 416 Alis

202 445 231 490 et
249 439 323 490 Mur.
344 435 420 490 coni.
439 437 556 502 inmitia,
574 436 710 490 Heinsius
728 438 846 490 intentae
864 437 964 504 (inus)
986 437 1043 494 lac.
1063 435 1157 491 Gron.
1177 437 1269 500 tritus,
1291 435 1327 489 G.
1346 435 1385 488 Gla

199 511 235 564 H.
255 510 289 562 in
306 508 430 578 Ephem.
450 506 547 562 Schol.
567 509 693 562 Darmst.
713 527 738 562 a.
756 511 834 566 1816.
853 526 883 580 p-
896 514 955 566 171.
974 512 1004 562 r'n
1021 511 1075 572 a'ua,
1094 508 1172 576 (aui
1187 508 1245 561 die
1263 507 1386 562 Berecl

201 583 344 706 tigunq
359 580 428 632 hin
447 581 538 634 iiber
555 581 749 638 Werlrbau
766 579 840 634 und
857 580 1010 645 Arbeit)
1039 589 1069 636 et
1095 585 1192 649 luctus,
1219 581 1314 634 libem
1333 589 1386 641 utta

201 663 254 720 tua,
273 661 302 707 et
346 653 435 722 ipsius
452 661 539 717 vetur,
569 654 647 722 quod
669 669 808 722 recepere
835 654 961 706 editores
988 670 1048 707 rec.
1085 653 1145 716 „At
1161 671 1266 707 rernm
1292 671 1348 706 esse
1365 669 1386 702 nt

201 728 284 796 quit:
305 743 372 778 nam
391 725 422 778 id
439 726 572 796 profecto
592 725 672 778 nihil
690 726 771 778 aliud
789 726 944 802 significat,
964 743 1052 796 quam
1070 726 1178 778 Rufum
1196 727 1330 788 tolerasse
1348 739 1386 792 op

200 809 230 852 et
248 799 386 854 laborem.
422 800 497 852 'lbun
516 815 597 862 vero,
617 798 695 868 quod
713 797 831 852 additur
848 803 912 868 quio
930 799 1103 865 toleraverat,
1122 800 1211 868 plana
1225 798 1347 866 otiosum
1364 815 1386 848 es

200 886 255 926 nec
273 871 426 941 quisquam
453 877 547 940 potest
570 871 698 926 immitior
716 888 786 932 esse,
817 871 885 940 quia
903 869 1050 936 toleravit,
1081 888 1168 939 quarn
1194 871 1263 941 quia
1280 878 1386 922 retusa

200 945 297 1013 operis
316 957 350 994 ec
368 943 484 996 laboris.
504 943 634 1018 Egregie
651 951 749 996 autem
764 943 903 997 Heinsius
923 942 1057 996 emendat
1073 944 1192 998 intentae
1209 961 1234 997 o.
1254 959 1288 996 uc
1306 946 1324 996 l.
1342 941 1386 994 eti

200 1015 257 1072 MS.
277 1015 423 1086 permulta
441 1025 508 1070 sunt
526 1016 662 1085 exempla
679 1015 793 1070 mediae
811 1015 940 1086 syllabae
959 1015 1086 1069 ombsae.
1107 1034 1135 1072 v.
1156 1015 1192 1068 ad
1209 1020 1238 1080 1,
1257 1019 1302 1078 oa,
1320 1019 1344 1071 2.
1362 1013 1384 1064 G

201 1089 312 1142 nitivos
331 1087 473 1140 eiusmodi
492 1088 640 1140 vocabulis
659 1087 766 1140 Noster
783 1100 874 1140 more*
886 1088 1066 1141 Graecorum
1085 1087 1176 1152 addit,
1201 1097 1235 1140 ut
1263 1087 1386 1162 significa

201 1177 259 1230 quo
286 1167 422 1228 respectu
449 1159 594 1213 dicantur.
629 1160 672 1213 (li.
700 1158 838 1214 Matthias
862 1159 964 1212 Gram.
983 1160 1036 1213 Gr.
1062 1159 1090 1228 §.
1110 1165 1172 1218 322
1206 1161 1280 1224 ¹Nos
1300 1160 1386 1212 dicbni

201 1234 239 1285 in
257 1229 473 1308 Ansehung.
512 1233 609 1307 lgitur
626 1233 744 1285 intentus
760 1233 853 1303 operia
871 1249 905 1284 uc
923 1233 1027 1286 loboris
1045 1239 1088 1286 est
1104 1233 1222 1288 intentus
1240 1234 1280 1286 eri
1305 1249 1386 1299 opust

199 1307 325 1372 lahorem,
346 1319 403 1372 quo
423 1305 531 1358 milites
551 1304 768 1358 exercebantur.
795 1304 904 1358 Coum
921 1305 1040 1358 intentus
1057 1305 1136 1373 operi
1152 1321 1187 1356 ec
1203 1305 1386 1370 luboriesqtp

201 1377 264 1446 ipse
282 1385 399 1430 suenus
417 1377 490 1430 facit
508 1394 578 1449 opus
598 1393 631 1428 ac
649 1375 779 1430 laborem
798 1375 854 1430 sibi
873 1375 1053 1445 impositum.
1090 1376 1134 1429 De
1152 1393 1216 1430 voc.
1241 1379 1356 1430 intentas
1377 1389 1386 1424 c

201 1451 271 1574 Af.
290 1467 315 1501 c.
334 1452 383 1504 5.“
405 1449 509 1506 Watst.
550 1449 629 1502 ilinc
647 1447 681 1501 ab
700 1463 734 1502 eo
754 1448 1030 1518 nobisquerecepta
1049 1448 1213 1502 emendatio
1229 1446 1386 1502 Heinsii.c

200 1540 215 1573 a
253 1524 280 1585 ὅ.
300 1527 344 1584 11,
366 1524 393 1576 2.
413 1528 442 1572 et
460 1521 522 1573 lnsl.
541 1522 595 1575 Ill.
616 1539 642 1572 v.
661 1521 810 1574 Adiectloe
827 1520 945 1574 relatiua
963 1521 1096 1574 Genitioia
1113 1521 1213 1574 obiecti
1224 1522 1328 1583 tuna,
1345 1521 1386 1571 lin

171 1649 174 1660 ⁸
201 1595 272 1646 dini.
292 1595 359 1647 inst.
379 1609 470 1667 gram.
489 1595 528 1646 11.
556 1611 585 1664 p.
605 1599 639 1652 '13
653 1621 689 1632 —
705 1596 748 1650 te.
779 1601 807 1646 et
831 1592 943 1645 Heusiu
966 1631 972 1644 .
1004 1591 1039 1644 ad
1058 1592 1211 1648 Vechneri
1231 1593 1372 1646 Hellenol.

199 1683 229 1736 p-
242 1669 296 1724 tos
314 1681 356 1732 sq.
381 1665 474 1732 operia
489 1681 524 1718 oe
542 1667 655 1730 loboris,
672 1683 699 1720 u.
719 1663 781 1718 lud.
803 1665 858 1718 111.
885 1681 914 1716 v.
933 1609 1096 1737 gyaonyne.
1121 1697 1153 1710 -
1181 1666 1319 1735 inmitior,
1342 1681 1384 1718 ace

200 1739 266 1792 bior
284 1736 382 1808 operis
402 1743 536 1804 exactor3
554 1739 620 1794 Era.

562 1893 566 1904 '
644 1889 839 1947 CAPUT
883 1890 977 1949 xxt.

283 2001 418 2066 Horum
439 1999 585 2066 adventu
606 1999 859 2088 redintegratur
887 1999 1007 2066 seditio
1039 2009 1073 2066 et
1098 2003 1177 2089 vagi
1207 2001 1386 2064 circumiect

200 2087 459 2170 populabantur.
501 2085 635 2147 Blaesus
656 2105 791 2167 paucos,
814 2087 955 2148 maxime
978 2085 1101 2168 praeda
1122 2093 1274 2164 onustus,
1295 2083 1335 2148 ad
1354 2095 1386 2146 tei

201 2191 315 2232 rorem
336 2169 526 2232 ceterorum
554 2169 642 2230 affici
668 2167 878 2246 verberibus,
910 2169 1022 2231 claudi
1042 2188 1178 2232 carcere
1204 2163 1316 2243 iubet:
1347 2187 1386 2230 nat

201 2255 394 2314 etiamtum
416 2254 526 2340 legato
547 2272 566 2313 a
587 2251 840 2330 centurionibus
873 2259 907 2312 et
935 2255 1062 2335 optimo
1084 2271 1212 2338 quoque
1241 2253 1386 2334 manipuli

174 2387 177 2398 .
202 2337 290 2400 rium
312 2338 503 2418 parebatur.
548 2335 603 2398 Illi
631 2334 738 2396 obniti
763 2333 985 2416 trahentibus,
1017 2356 1178 2418 prensare
1206 2329 1386 2398 circumseri

201 2419 286 2480 lium
312 2437 430 2502 genua,
463 2423 552 2482 ciere
580 2416 679 2480 modo
701 2419 836 2480 nomina
857 2419 907 2480 sin
933 2419 1076 2498 olorum,
1107 2417 1207 2481 modo
1237 2419 1385 2481 centuria]

202 2503 350 2586 quisque,
382 2506 478 2566 cuius
507 2501 725 2583 manipularis
762 2508 847 2578 crat,
879 2520 917 2563 co
944 2509 1064 2581 ortem,
1096 2503 1284 2646 l‘eqionem,
1322 2501 1385 2562 sede

202 2585 347 2648 omnibus
373 2589 531 2648 imminere
559 2585 783 2646 clamitantes:
813 2585 914 2646 simul
933 2586 1059 2668 probra
1080 2587 1117 2646 in
1151 2593 1286 2685 agatem
1311 2601 1385 2646 cunt

201 2671 285 2748 lant,
307 2669 439 2728 coelum
461 2689 499 2729 ac
520 2665 598 2728 deos
621 2667 846 2729 obtestantur:
868 2667 952 2728 nihil
974 2669 1096 2750 reliqui
1117 2671 1257 2741 faciunt,
1280 2689 1340 2751 quo
1360 2667 1385 2730 nl

187 2765 267 2814 ‘nus
288 2751 460 2828 invidiam,
482 2749 759 2824 misericordiam,
781 2759 905 2812 metum
928 2759 962 2812 et
983 2752 1051 2813 iras
1072 2761 1318 2833 permoverent.
1357 2751 1384 2809 n

205 2835 360 2896 curritur
380 2834 422 2895 ab
443 2833 610 2896 universis
633 2839 666 2894 et
695 2851 830 2894 carcerc
862 2835 1000 2898 effracto
1032 2837 1166 2897 solvunt
1191 2837 1336 2911 vincula,
1365 2831 1384 2892 a

204 2925 415 3000 sertoresque
436 2937 475 2978 ac
496 2936 611 2978 rerum
632 2915 824 2997 capitalium
845 2914 1015 2980 damnatos
1037 2919 1102 2980 sibi
1123 2913 1190 2979 iarn
1212 2920 1358 2980 miscent.

277 3021 306 3073 1.
324 3019 418 3072 claudi
436 3033 561 3072 curreret
581 3033 647 3069 nam
668 3033 769 3069 carcer
787 3016 819 3068 in
838 3018 940 3070 castris
964 3015 1085 3082 stativis,
1111 3025 1139 3070 et
1163 3033 1256 3086 quum
1283 3015 1384 3086 exerciq

204 3096 345 3152 moueret,
375 3089 523 3143 maleficos
547 3097 646 3142 catena
671 3087 840 3154 trahebant;
869 3091 944 3158 La'ps.
964 3088 1008 3141 cf.
1026 3088 1063 3140 ad
1080 3092 1107 3152 3,
1125 3093 1168 3146 tt.
1198 3097 1228 3142 et
1248 3087 1384 3143 Juvenal.

204 3167 266 3220 561.
286 3189 324 3201 —
339 3178 400 3216 num
417 3163 497 3216 eatan
515 3169 567 3215 tum
585 3163 679 3227 legato
704 3178 722 3212 u
747 3160 947 3214 centurionibus
965 3193 998 3204 -
1014 3163 1179 3228 parebatura
1210 3165 1297 3228 „Hoc
1320 3179 1381 3231 paru

205 3251 368 3308 congruere
386 3234 504 3286 videtur
522 3251 589 3285 cum
608 3231 723 3300 reliqua
743 3233 917 3286 narratione.
957 3232 1168 3286 centurionum
1193 3235 1340 3287 saevitiam
1357 3247 1383 3300 pt

205 3325 286 3360 mum
306 3307 481 3375 querebatur
502 3305 636 3359 seditiosa
660 3305 747 3358 turba
765 3322 789 3356 c.
805 3311 849 3361 l'l·
877 3313 909 3356 ut
926 3319 1019 3375 prope
1043 3322 1159 3375 semper
1176 3307 1329 3361 assolebat:
1354 3319 1383 3356 snt

206 3379 295 3432 iidem
315 3378 504 3432 contumeliis
523 3385 552 3430 et
569 3376 737 3430 verberibus
755 3376 939 3431 alliciuntur:
959 3385 1021 3430 turn
1039 3395 1115 3430 unus
1134 3394 1237 3432 eorum
1264 3377 1383 3438 occidito

207 3459 245 3515 et,
265 3467 301 3503 ne
320 3451 353 3502 in
371 3449 453 3502 hune
477 3456 527 3502 aut
549 3465 657 3518 paucos
681 3449 821 3502 saevitum
841 3459 986 3519 putemus,
1013 3457 1116 3504 ceteros
1134 3465 1244 3516 omnes,
1265 3469 1322 3506 non
1341 3449 1383 3500 alit

206 3523 333 3576 latebrae
352 3531 452 3576 texere
477 3539 502 3574 c.
519 3526 561 3578 23.
587 3521 687 3574 Etiam
713 3540 739 3574 c.
762 3525 806 3580 28.
833 3521 1039 3576 centurionum
1064 3523 1150 3591 pauci
1175 3523 1317 3576 &cuntur
1333 3521 1382 3592 vulp

228 3595 287 3646 rati
305 3595 407 3658 larissea
427 3610 481 3647 nec
498 3610 620 3662 usquam
639 3592 783 3647 indicium
802 3602 853 3660 est,
874 3593 989 3663 qsnndo
1009 3595 1140 3649 officium
1159 3598 1256 3651 facere
1276 3593 1382 3650 desieris

207 3613 283 3735 {uid
302 3666 416 3741 igitur?
442 3683 512 3718 num
531 3666 589 3741 leg.
608 3684 668 3720 num
686 3668 766 3720 etlam
792 3673 845 3720 tum
869 3670 964 3732 legato
988 3685 1023 3721 uc
1046 3669 1248 3730 amarioribus
1270 3671 1304 3721 ab
1327 3667 1382 3734 open

207 3759 232 3809 q.
252 3755 284 3792 n.
301 3739 349 3824 pi
385 3737 459 3793 Satis
489 3739 605 3792 facilem
631 3738 865 3792 emendationem
890 3739 985 3792 videas
1012 3755 1048 3792 an
1075 3755 1166 3808 aeque
1190 3743 1348 3794 necessaria
1370 3749 1382 3788 a

207 3819 270 3864 tute
288 3811 428 3864 vrderis.“
447 3813 536 3877 Wolf.
573 3813 687 3877 „immo
706 3810 871 3864 omniahio
890 3819 1051 3865 suntrana.
1088 3811 1204 3866 blaesus
1222 3829 1326 3884 paucos
1344 3803 1382 3860 mil

207 3892 271 3936 tum
298 3883 379 3937 affici
404 3883 582 3952 verberibus,
608 3881 704 3936 chudi
730 3899 847 3937 carcere
872 3883 961 3950 iubet,
988 3901 1076 3954 opera
1102 3885 1310 3939 centurionum
1333 3882 1363 3934 ad

209 3974 285 4020 usus,
315 3957 366 4024 qui
392 3963 455 4008 turn
481 3955 578 4010 adhuc
598 3964 714 4026 praesto
739 3963 824 4008 erant
842 3956 879 4009 ad
903 3957 1083 4026 exsequenda
1103 3957 1186 4011 ducis
1204 3957 1290 4014 iussa.
1324 3955 1381 4008 liele

208 4035 304 4082 autem
322 4029 428 4081 Noster
447 4044 471 4086 o.
491 4033 535 4086 23.
556 4029 758 4082 centurionem
776 4027 939 4082 Lucillium
957 4030 1147 4083 interiectum
1160 4038 1327 4098 ceterosque
1343 4041 1381 4078 me

208 4101 245 4152 tis
264 4107 344 4154 metu
363 4101 486 4154 latebras
513 4101 693 4170 quaesivisse.
732 4102 811 4154 Num
836 4101 924 4154 etiam
952 4109 1015 4154 trun
1040 4103 1137 4178 legato
1164 4121 1180 4156 a
1204 4099 1381 4166 centuriouib

208 4173 380 4244 parebatur?
414 4174 534 4226 lllinisne
557 4189 638 4227 vero.
675 4171 813 4227 Getarum
836 4173 924 4227 uerba
954 4191 1015 4229 nean
1044 4179 1125 4229 etium
1149 4183 1202 4230 mm
1224 4207 1257 4218 -
1281 4173 1381 4242 parebat

208 4263 306 4298 veram
324 4245 515 4316 parenthesin
533 4245 682 4310 efficiunt3
702 4245 779 4298 unde
796 4261 887 4299 amcos
905 4245 1026 4300 alihen.
1046 4263 1108 4316 sqq.
1128 4248 1246 4301 omissos
1264 4243 1365 4300 reduxi

209 4317 252 4375 ed.
272 4317 359 4374 Ber.“
379 4319 485 4378 Waltlt.
513 4317 616 4373 Recte:
644 4317 695 4374 sed
711 4334 772 4374 neat
790 4317 902 4374 dictum
914 4335 1031 4390 quoque
1050 4319 1147 4376 rideri
1165 4326 1324 4392 potestpro
1337 4322 1380 4382 etp
