2872 4792
183 202 328 269 carun
347 201 464 270 uxta
484 238 524 308 ·.·
544 201 702 272 oxma.
723 203 777 282 (s.
799 201 838 268 u.
860 204 932 272 ms.
955 203 996 268 s.
1019 202 1055 270 c.
1079 206 1143 286 19.)
1212 205 1274 274 aar

59 320 301 439 41114444.
321 369 459 426 4111443.
478 370 515 428 ad
531 369 598 426 114.
615 372 662 439 34,
680 372 726 438 33,
743 373 771 428 4.
793 399 826 414 -·
856 337 1019 441 emmaque
1037 376 1064 424 et
1082 369 1274 427 cantationes.-

59 443 157 514 oopula
175 457 229 514 qne
245 443 343 515 primo
361 441 503 500 substant.
521 441 629 511 addita,
650 452 684 496 ut
702 460 788 515 saepe
805 460 852 513 ap.
871 441 936 499 hir.
956 449 987 497 et
1003 443 1121 514 poetase
1153 443 1224 498 Ern.
1242 462 1273 500 v.

58 515 91 568 ad
108 515 143 572 G.
163 520 189 570 l.
208 533 239 568 n.
258 520 286 570 1.
301 545 334 558 ·-
362 513 899 586 444414144ςὶ444144444141441118.
919 513 964 568 ed.
982 513 1063 572 Pich.
1083 523 1113 569 et
1131 532 1190 572 rec.
1209 532 1235 586 q.
1255 517 1275 573 1.

58 586 216 642 maletat
236 586 424 644 44141441.-
449 599 573 657 gnarum
589 587 781 654 necessitatis,
799 586 897 640 intelli
922 595 1029 652 entem,
1047 603 1081 640 ss
1097 587 1165 664 cogi
1182 604 1277 658 neque

57 659 293 729 evaderemus,
311 657 386 712 Era.
405 690 438 702 -
476 659 511 714 ad
536 675 624 712 acore
653 659 764 729 Cotyis,
798 604 1006 728 Pothydoridis
1036 659 1155 734 reginae
1179 658 1276 726 Ponti,

57 731 156 784 man-is
172 731 301 801 optimae
316 730 381 786 filia
398 731 523 802 optimae
541 731 626 788 Brut.
640 731 711 786 coll.
731 729 828 792 Strab.
845 729 909 786 111.
921 747 951 800 p.
964 731 1027 786 556.
1048 731 1135 800 cotys
1147 729 1208 784 MS.
1221 730 1275 786 bis.

121 821 151 874 3.
171 817 296 873 Tit-aeia
313 820 346 873 e'n
363 820 471 886 (141441
490 839 519 875 4.
538 819 574 874 ad
591 823 619 887 3,
638 824 667 886 8,
686 820 727 886 l.)
744 817 958 874 Rhoemetalcen
974 818 1013 875 11.
1041 819 1132 886 fitium
1148 817 1276 873 Rhescu-

56 889 165 962 poridis
183 892 207 948 1.
225 893 315 964 inque
333 891 438 945 tideroe
455 892 555 963 Cotyis
572 891 731 958 diuiduum
759 893 822 960 „ita
845 900 954 958 tamen,
977 898 1012 943 ut
1039 907 1098 946 non
1113 900 1149 944 're
1192 898 1277 946 arent

55 963 77 1014 s'
140 963 165 1018 li
189 963 291 1034 coeyis
316 963 413 1030 liberi,
441 965 491 1019 aad
517 981 593 1018 4444
617 973 732 1020 tautum
762 965 931 1035 imperarat.
973 962 1061 1017 04414
1083 962 1186 1017 Strao
1211 962 1275 1020 111.

54 1052 82 1104 p.
117 1035 153 1090 53
169 1035 222 1102 411,
240 1053 332 1088 unum
352 1042 381 1090 et
399 1044 470 1088 natu
488 1037 647 1090 maximum
665 1043 729 1088 tum
747 1052 893 1112 regnasse.
922 1033 1007 1088 Anno
1024 1033 1060 1091 U.
1079 1037 1140 1092 1193.
1160 1053 1190 1106 p·
1205 1032 1274 1089 chr.

55 1123 84 1157 n.
101 1109 145 1162 39.
164 1123 254 1178 quum
274 1105 361 1160 Gaius
379 1105 537 1162 Tiaraciam
556 1116 648 1162 totam
673 1105 873 1162 Rhoemetalci
892 1106 931 1162 11.
958 1105 1090 1173 tradidit,
1114 1107 1203 1176 Cotys
1220 1104 1276 1160 Ar·
1393 1131 1397 1138 ·

54 1179 178 1232 maniam
196 1177 341 1232 minorem
359 1187 389 1232 et
407 1179 544 1250 quasdam
554 1177 676 1235 Arabiae
688 1187 786 1252 partes
800 1179 922 1250 accepit.
942 1176 1173 1245 4.Ι)1459,13.“
1191 1177 1274 1232 Brut.

54 1249 98 1306 Gi.
116 1252 145 1316 3,
163 1251 207 1307 54.
227 1253 255 1318 3,
273 1251 318 1306 38.
335 1253 364 1320 4,
376 1253 403 1309 5.
423 1254 467 1309 47.
488 1251 597 1324 Cotyis,
615 1260 650 1306 ut
666 1255 694 1319 3,
713 1253 757 1310 38.
775 1251 972 1322 Frequentius
993 1248 1123 1322 Tethyos,
1143 1247 1275 1321 Tiplyce,

53 1319 160 1392 cdelyoe
188 1329 218 1377 et
242 1321 354 1379 similia
386 1323 534 1382 dicuntur.
563 1343 590 1380 v.
622 1325 756 1380 Ruddim.
782 1326 852 1380 inst.
882 1343 975 1404 gram.
1000 1323 1034 1377 Τ.
1054 1323 1076 1381 1.
1107 1343 1137 1397 p.
1156 1325 1202 1380 58.
1231 1322 1275 1378 ed·

53 1394 154 1451 Stallb.
170 1425 204 1438 ·-
232 1395 440 1451 l'redetls'enaee
459 1399 491 1452 in
508 1396 568 1452 MS.
587 1406 617 1452 et
635 1397 699 1452 edd.
718 1399 785 1456 Ber.
804 1395 897 1452 Rhea.
923 1398 989 1452 Ald.
1008 1398 1087 1470 lips.
1107 1403 1132 1454 1.
1163 1395 1276 1450 Tradet·
1374 1447 1376 1450 .

53 1468 139 1523 14444.
161 1493 194 1506 -
227 1473 366 1536 prueteera
383 1471 507 1536 1141441414,
526 1487 555 1526 v.
574 1471 610 1525 ad
627 1473 656 1538 3,
674 1474 719 1536 33,
739 1477 766 1528 1.
786 1497 820 1510 -··
855 1471 980 1526 maiores
998 1471 1091 1525 nastrt'
1113 1470 1157 1524 Μ.
1173 1469 1276 1522 Aemi·

54 1539 125 1593 lium
143 1537 280 1610 dem
297 1541 405 1594 Pontii.
424 1543 464 1596 Μ.
484 1541 575 1596 ethis
594 1559 653 1598 444.
671 1541 827 1598 Ptolemaei
851 1541 1046 1616 Philopatoris
1073 1542 1172 1598 liberie
1198 1547 1276 1596 toto·

53 1627 109 1664 rem
127 1620 182 1666 cet.
203 1613 433 1679 ,‚v.Val.ltiax.
452 1615 528 1680 6,6,
547 1617 573 1672 1.
600 1616 705 1669 lustin.
725 1619 770 1682 30,
787 1618 814 1672 3.
834 1624 864 1669 41
881 1615 997 1670 numi.“
1016 1613 1094 1684 Lr'pe.
1114 1647 1147 1664 .-
1174 1615 1276 1684 ragam

53 1690 165 1739 tentans
183 1700 223 1738 cn
240 1686 262 1752 1.
281 1700 305 1739 4.
323 1685 347 1738 s'.
365 1703 395 1740 r.
414 1684 451 1742 ad
467 1687 496 1753 3,
514 1688 561 1753 38,
580 1687 608 1744 5.
627 1694 768 1759 temptans
786 1686 830 1744 ed.
848 1687 916 1742 Ber.

454 1839 649 1930 carun
697 1829 870 1898 nxvun
963 1812 967 1818 ’

132 1948 309 2014 Paridem
331 1957 462 2034 tempus
484 1949 656 2029 Vonones,
678 1970 777 2033 quem
797 1961 947 2016 amotum
967 1953 1005 2014 in
1027 1949 1178 2016 Ciliciam
1205 1971 1275 2014 me-

52 2036 193 2113 moravi,
224 2035 394 2112 corruptis
423 2031 619 2097 custodibus
654 2037 803 2134 effugere
837 2034 880 2097 ad
913 2037 1102 2114 Armenios,
1130 2033 1210 2097 inde
1237 2037 1274 2097 in

50 2119 196 2180 Albanos
218 2117 475 2200 Heniochosque
497 2125 532 2179 et
552 2137 835 2204 consanguineum
856 2117 922 2180 sibi
943 2138 1056 2206 regem
1072 2117 1276 2198 Scytharum

50 2209 189 2262 conatus
211 2208 272 2263 est.
316 2199 433 2284 Specie
454 2199 599 2264 venandi
626 2201 757 2284 omissis
788 2203 965 2264 maritimis
995 2203 1075 2264 locis
1108 2201 1274 2265 4414441-

49 2293 145 2346 tuum
174 2285 290 2366 petiit:
324 2303 401 2346 mox
433 2285 634 2366 pernicitate
662 2287 739 2368 equi
766 2283 808 2348 ad
836 2305 966 2354 amnem
987 2285 1167 2366 Pyramum
1196 2303 1274 2346 con·

50 2365 169 2442 tendit,
192 2370 288 2430 cuius
309 2375 426 2450 pontes
448 2367 581 2430 accolae
602 2375 767 2452 ruperant
787 2367 902 2430 audita
930 2369 1019 2454 regis
1040 2371 1136 2468 fuga,
1165 2387 1273 2448 neque
1324 2409 1329 2418 ·

48 2449 134 2512 vado
158 2451 329 2533 penetrari
353 2458 498 2534 poterat.
543 2449 654 2537 Igitur
674 2451 711 2514 in
733 2453 809 2534 ripa
829 2453 979 2514 fluminis
1007 2451 1276 2514 4941141444-

50 2541 126 2596 tone
168 2536 338 2616 praesecto
377 2535 527 2614 equitum
563 2535 723 2597 vincitur.
788 2533 872 2596 Mox
903 2535 1071 2598 Remmius
1104 2541 1275 2612 evocatus,

49 2617 159 2699 priori
180 2615 351 2679 custodiae
379 2617 468 2704 regis
500 2619 683 2698 apositus‚
696 2615 703 2621 “
716 2619 810 2699 quasi
838 2637 900 2700 per
932 2619 1019 2680 iram
1050 2615 1161 2706 gladio
1196 2637 1275 2680 eum

49 2701 223 2790 transigit:
246 2697 335 2762 unde
356 2701 464 2762 maior
484 2635 540 2762 fid

49 2792 193 2846 mortem
214 2780 351 2846 Vononi
377 2784 515 2848 illatam.

117 2891 145 2942 l.
168 2886 307 2952 Vonones,
338 2900 419 2956 quem
436 2899 464 2941 a.
483 2883 515 2938 t'n
533 2875 565 2939 (1.
578 2883 737 2938 meencrcen'
759 2903 785 2940 4.
805 2887 850 2944 58.
876 2885 965 2940 Paulo
988 2883 1181 2940 4111443441.
1206 2881 1273 2938 Tib.

49 2960 88 3014 49.
110 2957 192 3026 Le'pe.
213 2985 248 2997 -
283 2957 315 3010 in
341 2957 479 3023 Attanae,
507 2958 540 3009 in
559 2971 661 3010 eorum
686 2965 807 3011 terram.
844 2957 880 3011 In
906 2955 970 3013 edd.
1000 2965 1060 3012 ret.
1084 2966 1153 3030 post
1183 2955 1276 3026 epece'e

48 3029 170 3084 madi
193 3029 287 3083 maior
309 3029 470 3082 distinctio.
495 3028 535 3082 ad
556 3029 797 3098 consanguineum
822 3055 857 3068 -
887 3034 1006 3082 conatae
1033 3028 1126 3096 epeee'e
1152 3028 1275 3082 cenandi

49 3109 102 3157 cet.
122 3099 249 3156 malebat
267 3101 358 3156 Gran.
376 3100 523 3154 Neumum
539 3099 730 3170 probandum.
750 3133 784 3144 -
811 3115 919 3156 4444444
942 3097 1095 3168 Pyramum
1119 3098 1274 3154 Cataoniae

50 3181 79 3224 et
101 3173 227 3228 Ciliciae
253 3171 434 3242 campestris,
465 3187 545 3224 nunc
571 3169 673 3238 Giton,
702 3171 738 3226 de
762 3186 820 3243 quo
844 3171 939 3226 multa
962 3169 1056 3238 Strab.
1074 3169 1146 3227 xn:
1182 3173 1272 3228 ,5311

50 3252 206 3311 memorat,
232 3243 369 3299 11441-
406 3257 425 3295 a
447 3241 532 3298 Vitio
550 3245 692 3297 Frontone
706 3245 850 3313 praefecto
869 3242 1006 3314 equitum:
1035 3190 1209 3308 „Bimardus
1226 3259 1272 3313 ap.

49 3315 187 3368 11444144.
211 3311 298 3368 Thes.
324 3314 416 3368 Inscr.
437 3313 461 3366 1.
503 3357 509 3370 .
534 3318 594 3370 114.
619 3331 697 3368 corr.
721 3330 740 3366 a
758 3313 790 3367 L.
814 3313 1050 3370 144411441444
1075 3330 1112 3368 ex
1135 3314 1272 3384 inscript.

51 3383 91 3436 ibi
107 3387 223 3458 prolata
249 3385 331 3441 LIUI
349 3331 541 3441 PRONTKNI
559 3385 690 3439 PRAEP.
709 3385 849 3456 nomn,
876 3395 936 3454 aut,
963 3387 989 3440 si
1007 3385 1120 3440 diversi
1138 3385 1209 3451 sint,
1237 3383 1274 3438 ab

51 3455 191 3512 alterutro
210 3474 318 3512 nomen
335 3459 482 3528 accepisse
500 3455 577 3510 atam
586 3457 822 3527 Frontonianum,
840 3459 924 3514 cuius
941 3457 1052 3512 mentio
1070 3458 1103 3511 in
1121 3455 1214 3510 inseri
1235 3463 1271 3508 11.

51 3525 171 3582 Gruter-i
188 3547 219 3601 p.
238 3532 303 3596 414,
321 3532 350 3586 8.
369 3531 432 3596 537,
451 3531 477 3583 7.
498 3537 528 3583 41
544 3528 676 3583 Rsinssii
694 3529 739 3584 ct
757 3535 786 3600 8,
804 3533 849 3588 57.
876 3531 955 3586 11444
973 3531 1101 3595 1444414,
1125 3528 1183 3582 4141
1217 3525 1274 3580 ulii

51 3606 80 3650 et
99 3599 178 3654 Vitis·
195 3601 229 3654 in
247 3599 334 3654 libris
352 3601 513 3673 permutati
532 3603 577 3667 14,
595 3603 640 3659 39.
660 3609 690 3656 41
707 3600 745 3661 al.
774 3602 969 3657 illudentem
986 3609 1101 3656 certam
1119 3607 1174 3666 cst,
1193 3599 1272 3669 inpr.
1302 3593 1311 3610 '

52 3669 168 3726 441444
186 3671 352 3727 clarissimo
370 3671 469 3727 Valer.
496 3673 571 3726 Max.
594 3675 623 3738 3,
641 3677 669 3740 ’1,
687 3675 726 3743 9.,
755 3673 835 3746 quod
857 3681 922 3728 tum
945 3673 1024 3728 idem
1042 3673 1271 3728 444144Μ4441.

50 3741 84 3794 ad
102 3742 162 3801 Cic.
182 3761 228 3816 ep.
248 3744 284 3797 ad
308 3743 370 3798 dir.
391 3747 420 3811 3,
440 3747 484 3802 11.
504 3752 534 3798 41
551 3743 709 3811 Sucietam,
736 3752 800 3801 tum
818 3742 916 3800 841441.
936 3745 972 3799 ad
989 3743 1100 3821 Hygia.
1119 3761 1149 3814 p.
1169 3743 1214 3799 35.
1242 3749 1272 3796 41

50 3810 191 3876 1144144411.
220 3815 324 3870 Annal.
350 3815 459 3870 Vellei.
486 3817 575 3882 1,15.
600 3815 849 3884 demonstrarunt,
870 3817 1048 3887 praefectum
1070 3813 1194 3886 equitnm
1211 3827 1271 3867 non

53 3899 122 3950 esse,
140 3889 192 3958 qui
211 3887 350 3941 universo
369 3887 652 4011 equitatuipraesit,
671 3888 721 3942 sed
738 3891 791 3960 qui
809 3889 880 3944 alae.
911 3889 1062 3960 Nusquam
1080 3885 1271 3957 reperiuntur

51 3957 160 4024 equites
178 3975 280 4012 omnes
304 3959 355 4012 sub
378 3974 437 4012 uno
459 3975 534 4030 pecu
547 3959 605 4012 ieri
626 3958 701 4013 duce
717 3961 820 4023 141444,
847 3961 907 4014 4141
925 3977 1016 4032 quum
1033 3957 1168 4012 Dictator
1185 3961 1269 4022 esset,

90 4027 100 4078 i
117 4027 289 4108 Magistrum
308 4031 441 4101 equitum
465 4030 595 4084 dixerate
627 4029 678 4086 sed
695 4041 780 4085 erant
801 4031 854 4086 sub
872 4032 990 4108 Legatis
1008 4047 1075 4085 cum
1093 4025 1268 4105 legionibus.

49 4043 120 4150 idda
136 4100 259 4156 Crassus
284 4101 416 4156 Caesaris
436 4101 562 4180 laegatus
587 4103 719 4174 equitum
743 4104 909 4174 praefectos
926 4101 1099 4156 cohortatur
1120 4116 1168 4171 ap.
1183 4097 1268 4156 Caes.

50 4167 176 4228 1111411.
196 4174 288 4240 3,36.
324 4171 467 4240 Praefecti
487 4188 578 4246 porro
596 4190 703 4229 nomen
721 4182 819 4242 14444,
844 4189 900 4229 444
917 4177 987 4228 satis
1005 4173 1128 4251 &gnum
1146 4185 1190 4260 eq,
1216 4169 1269 4240 qai

49 4239 186 4298 universo
204 4245 349 4316 equitatui
370 4245 490 4316 praesit.
527 4243 634 4299 Graeci
659 4247 843 4324 coniungunt
860 4239 1022 4317 χιλιάρχους
1045 4249 1076 4298 41
1101 4243 1267 4311 innocuam,

50 4317 85 4364 ut
99 4312 221 4387 Appian-
247 4313 280 4369 a.
299 4315 366 4372 Gir·
389 4317 489 4383 3,113
506 4323 537 4371 41
553 4315 616 4374 alii.
652 4315 717 4374 Nec
738 4317 872 4392 impedit,
894 4317 972 4392 quod
993 4313 1090 4388 simpl.
1106 4315 1268 4385 praefectae

532 2719 580 2780 cs,
601 2701 804 2764 conscientia
825 2701 962 2766 sceleris
990 2709 1024 2764 41
1044 2709 1136 2763 metu
1156 2698 1275 2764 indicii
1301 2759 1305 2770 ,
1382 2705 1384 2710 ’
