2868 4792
218 225 362 293 CAPUT
382 225 508 292 vat.
531 225 673 299 van.
710 225 816 308 (Arii.
832 228 905 298 775.
924 215 1097 302 'bc-ll.)
1200 227 1263 296 att

49 401 138 449 centn
156 393 262 479 emtas,
285 409 426 461 meses,
447 393 525 463 fieb,
549 411 732 486 caprena·
756 393 970 482 propollupbats
983 387 1083 480 pinet
1098 392 1261 482 lppipsrop,

46 467 730 608 ttfflzttzffttt'ttbtat,
743 467 1261 623 tetttttfftet'tttbbttt

46 609 95 662 Uti
120 625 190 664 reru
216 609 296 664 clare
320 611 405 664 initis
428 611 646 695 impudentibus
673 611 757 665 susis·
773 609 851 664 haud
876 610 960 663 dubse
989 610 1132 664 videntur
1158 609 1260 678 pollui,

45 685 211 752 μιαίνεσθαι,
239 682 280 736 ita
298 681 419 748 obscure
445 682 530 735 initia
549 683 619 736 satis
647 683 705 736 ism
724 680 831 736 habent
848 681 988 748 sordium,
1008 698 1095 753 quesn
1114 690 1147 734 ut
1163 679 1259 752 pollui

46 751 100 805 dici
117 754 241 824 possiuts
278 753 317 806 At
342 754 367 806 si
386 753 452 823 quis
471 771 507 808 ex
525 752 635 806 humili
659 755 724 808 loco
743 754 774 806 iu
793 753 928 806 altiorem
947 761 1064 807 evectus
1088 753 1119 806 ln
1143 761 1257 806 tantum

45 823 239 894 impudentiae
256 823 399 894 procedit,
426 833 460 877 ut
477 841 514 878 ne
535 825 665 879 obscuris
683 824 801 897 quidem
825 825 920 876 initiis
940 825 1008 890 suis,
1037 823 1143 878 nedum
1170 824 1258 877 claris

44 893 129 970 digus
146 901 253 966 patret,
283 893 332 950 sed
357 894 491 977 pudende
515 897 600 950 initis
628 895 807 968 impudentis
825 903 950 966 superet,
984 904 1046 947 tum
1064 893 1141 949 haud
1159 897 1258 964 inepte

43 965 189 1020 diceretur
215 967 335 1020 meuses
358 967 466 1020 seilice'
472 969 681 1038 impudentibus
710 968 790 1020 ausis
815 967 1003 1037 propolluere,
1035 966 1066 1019 iu
1090 965 1258 1036 polluendis

44 1037 165 1090 ulterius
203 1037 330 1114 regredi.
375 1039 420 1092 lte
443 1041 506 1094 fere
526 1041 622 1094 sensit
645 1040 799 1094 Gruterus.
842 1037 938 1092 Unum
957 1037 1118 1100 considero,
1152 1053 1257 1106 nempe

42 1107 114 1177 quod
129 1053 260 1176 polim
278 1110 357 1162 omui
376 1111 581 1181 compositioni
595 1119 752 1188 repugnet,
771 1111 882 1180 quippe
895 1117 924 1163 et
942 1109 1036 1180 ipsum
1049 1109 1257 1180 composituma
1286 1137 1290 1144 -

43 1186 69 1232 et
86 1179 110 1230 si
128 1179 202 1250 quid
228 1189 307 1234 recte
330 1180 425 1246 rideo,
453 1183 649 1250 prcpolluebat
674 1190 772 1236 ortum
797 1189 840 1234 est
868 1199 903 1234 ex
921 1180 1069 1248 proluebat
1094 1189 1124 1234 et
1148 1179 1256 1302 clipeis

43 1267 125 1320 snper
143 1249 212 1321 syll.
230 1268 284 1320 pro
303 1253 420 1322 scripsit
437 1253 496 1320 pol,
515 1261 550 1307 ut
568 1253 741 1318 ostenderet,
760 1251 914 1329 legendum
935 1269 996 1306 esso
1011 1251 1162 1320 polluebat.
1220 1249 1256 1304 ed

40 1322 168 1388 puluere
186 1331 231 1375 est
249 1323 301 1379 Gr.
328 1317 498 1388 incutitur,
522 1333 656 1378 nostrum
687 1321 1028 1401 hiuwegsrssclsen,
1058 1322 1256 1392 abspiilen,

41 1399 68 1444 et
85 1393 187 1446 acerbe
203 1392 261 1448 boo
279 1393 406 1448 dicum:
425 1412 492 1450 ussa
511 1397 630 1450 obseura
647 1396 736 1449 initia
754 1404 822 1448 sunt
839 1393 1046 1468 pro-sordibus
1065 1401 1094 1447 et
1112 1393 1256 1448 debuisset

41 1464 133 1532 potius
162 1481 179 1518 e
218 1465 282 1543 egle
305 1466 393 1522 lactis
420 1467 518 1520 sordes
541 1467 690 1539 proluere.
728 1467 790 1520 Alii
816 1461 1076 1533 eonieeese'perro
1102 1464 1255 1532 petaetst,

40 1535 180 1602 perpollsse
230 1575 238 1600 ‚
255 1543 375 1604 praetor
389 1535 541 1606 polluebat,
558 1540 739 1608 propalabat,
756 1538 945 1606 praecluebat,
961 1537 1167 1606 praepollebat,
1186 1552 1255 1604 prs·

41 1607 156 1672 tegebat,
174 1608 344 1676 protollslat
362 1615 392 1661 et
411 1609 541 1664 Groslot.
557 1611 742 1680 propellebat,
768 1609 845 1696 qaod
871 1627 887 1662 s
906 1609 1005 1662 Grona·
1016 1605 1109 1678 nycte.
1130 1606 1254 1678 aliisque

41 1675 144 1730 editum
165 1687 217 1732 est.
254 1677 310 1733 sea
329 1679 393 1750 quis
411 1697 539 1752 unquam
556 1683 714 1754 propellere
732 1681 852 1734 obscura
870 1679 959 1733 issitia
981 1679 1057 1732 dixit
1096 1694 1132 1732 ro
1148 1679 1255 1731 oblite·

41 1763 107 1812 rere,
134 1747 260 1816 molere,
290 1751 474 1826 obtegerel“
502 1751 608 1806 Waltlt
654 1751 759 1808 Sordes
776 1767 853 1808 ¹reso
879 1751 996 1830 egregie
1023 1697 1140 1822 quidem
1165 1749 1253 1804 tectis
1311 1799 1321 1816 ,

38 1819 129 1886 psnlas'
145 1830 277 1891 possunt,
297 1837 356 1876 non
373 1823 580 1891 impudentibus
598 1825 686 1878 ausis.
937 1841 947 1849 ”

103 1893 129 1946 3.
158 1891 188 1944 es’
204 1901 312 1948 rectam
330 1894 389 1948 iter
403 1903 539 1966 pergeret
557 1895 619 1949 edd.
638 1913 696 1950 rec.
720 1913 756 1950 ex
774 1895 886 1951 emend.
906 1895 996 1950 utun.
1012 1911 1049 1948 ν.
1064 1893 1099 1948 ad
1118 1897 1143 1960 l,
1161 1895 1206 1958 28,
1225 1894 1251 1948 2

37 1968 184 2030 perageret
202 1964 260 2020 ms.
280 1963 343 2019 edd.
357 1965 427 2022 dier.
447 1966 538 2040 libau.
556 1967 623 2024 Ald.
642 1969 723 2038 Lips.
745 1971 769 2022 1.
789 1999 823 2012 -·
859 1969 977 2032 iterasse,
1001 1978 1031 2018 s.
1055 1965 1090 2018 sd
1114 1967 1141 2032 ³,
1160 1967 1204 2028 6⁷,
1223 1966 1251 2019 ἱ.

38 2063 68 2076 -
81 2041 205 2088 mouet
223 2051 288 2104 spes
300 2035 422 2104 melre,
439 2039 525 2111 plura
544 2046 573 2092 et
589 2039 702 2094 mamre
713 2047 849 2110 appetere
866 2055 952 2108 quem
968 2053 1039 2108 quse
1058 2037 1123 2089 iure
1136 2043 1252 2104 poteret

38 2119 148 2173 sperare
173 2113 204 2159 ct
227 2115 294 2160 aute
321 2123 438 2178 sperare
454 2118 548 2164 'susus
571 2118 649 2176 erst3
676 2107 746 2165 Bos.
773 2105 828 2166 Cl.'
846 2125 908 2180 asp.
927 2112 962 2164 Ὦ
986 2115 1061 2162 extr.
1082 2115 1111 2160 et
1129 2105 1192 2161 lnd.
1211 2105 1250 2159 il.

38 2175 144 2230 melre
160 2185 247 2244 perat
266 2177 331 2232 tdde
347 2178 439 2238 libau.
459 2187 490 2236 et
507 2181 611 2235 deinde
630 2197 740 2234 omnes.
759 2187 826 2234 ante
842 2185 960 2248 reparat
976 2177 1033 2232 MS.
1049 2183 1147 2230 cetere
1161 2185 1250 2244 parat

37 2245 75 2371 ff
84 2247 212 2378 ἔοι-,Ι-
251 2261 322 2378 qaas
339 2252 427 2327 tarda
445 2259 523 2310 sunt.
542 2283 575 2298 -
607 2258 787 2334 properant,⁸
808 2251 981 2310 accelerent.
1007 2268 1037 2306 r.
1063 2247 1128 2326 lud.
1143 2247 1193 2304 tt.
1219 2255 1250 2302 ot

112 2355 120 2374 1
210 2337 241 2374 n!
278 2357 286 2376 0

388 2455 391 2471 '
446 2447 640 2506 CAPUT
686 2401 828 2508 antt.

109 2551 245 2619 duxere
265 2563 442 2620 numerum
464 2567 694 2620 accusatorum
716 2557 843 2622 Gellius
864 2557 1033 2621 Publicola
1062 2561 1096 2618 et
1116 2553 1166 2627 M,
1187 2554 1249 2618 Pa-

36 2637 158 2716 eonius,
181 2637 236 2702 ille
258 2649 413 2723 quaestor
424 2639 540 2718 Silani,
562 2641 617 2707 hic
638 2643 778 2729 legatus.
814 2641 885 2706 Nec
898 2641 1033 2704 dubium
1051 2634 1247 2714 habebatur,

34 2723 188 2786 ueritiae
225 2734 462 2812 captarumque
499 2728 717 2805 pecuniarum
749 2727 860 2790 teneri
892 2745 1004 2786 reum:
1047 2721 1105 2794 sed
1144 2721 1248 2785 uiuite

34 2805 274 2892 aggerebantur
295 2809 395 2868 etium
417 2807 603 2870 insontibus
630 2811 829 2892 periculosa,
857 2828 960 2892 quum
988 2825 1090 2890 super
1110 2813 1171 2866 tot
1197 2822 1247 2865 se·

34 2895 163 2950 ratores
193 2885 352 2952 adversos
380 2889 625 2968 iucundissimis
647 2893 751 2953 totins
773 2893 871 2953 Asiae
893 2909 998 2964 coque
1019 2888 1060 2950 ed
1087 2905 1247 2949 accersan-

36 2965 106 3030 dum
137 2969 277 3033 delectis
307 2971 528 3054 responderet
554 2975 644 3035 solus
675 2985 709 3036 et
735 2973 855 3036 orandi
883 2975 1013 3035 neamus
1042 2970 1246 3054 proprio'in

33 3061 129 3132 metu,
145 3057 213 3197 qui
236 3053 413 3116 exercitam
437 3067 567 3138 'quoque
590 3053 817 3140 eloquentiam
835 3053 996 3130 debilitat,
1026 3060 1100 3115 uon'
1121 3061 1246 3133 tempe-

33 3143 122 3198 rante
179 3137 297 3209 iberio,
328 3139 406 3220 quin
437 3149 605 3222 premeret
625 3160 718 3213 voce,
747 3141 854 3216 vultu,
888 3159 927 3200 eo
955 3135 1042 3220 quod
1074 3138 1145 3218 ipse
1172 3153 1245 3196 cre·

32 3215 174 3282 barrisno
207 3219 446 3308 interrogabat.
489 3221 604 3306 Neque
640 3221 791 3285 refellere
828 3229 887 3283 aut
921 3218 1057 3282 eludere
1093 3217 1245 3296 dabatur,

32 3317 66 3359 ac
86 3321 184 3384 saepe
205 3304 305 3365 etiam
327 3302 549 3367 confitendum
562 3313 645 3383 erat,
667 3325 708 3368 ne
719 3307 845 3366 frustra
861 3303 1088 3384 quaesivisset.
1122 3301 1244 3362 Servos

32 3401 155 3468 qnoque
176 3384 292 3464 Silani,
314 3395 353 3448 ut
374 3390 551 3449 tormentis
573 3389 837 3474 interrogentur,
859 3397 954 3449 actor
975 3385 1126 3468 publicus
1155 3403 1246 3444 mau-

31 3467 113 3548 clpio
136 3477 322 3552 acceperat,
344 3480 377 3532 et
393 3489 435 3534 ne
457 3472 530 3552 quis
546 3473 810 3533 necessariorum
832 3471 966 3532 iuvaret
986 3469 1244 3551 periclitantem,

29 3551 207 3613 maiestatis
234 3553 376 3615 cumina
405 3553 644 3634 subdebantur,
672 3555 821 3617 vinclum
848 3563 882 3616 et
908 3553 1086 3616 necessitas
1115 3549 1243 3612 silendi.

29 3628 134 3716 Igitur
156 3635 261 3716 petito
283 3651 465 3720 paucorum
489 3635 618 3699 dierum
647 3639 828 3702 interiectu
856 3635 1080 3698 defensionem
1107 3635 1159 3695 sui
1189 3631 1245 3694 de·

29 3717 144 3794 seruit,
166 3720 257 3779 ausis
279 3717 321 3780 ad
342 3717 517 3782 Caesarem
539 3719 712 3801 codicillis,
734 3721 853 3802 quibus
874 3717 1036 3781 invidiam
1057 3725 1099 3805 'et
1119 3723 1244 3800 'preces

27 3799 215 3864 miscuerat.
367 3816 369 3827 ·

93 3903 118 3954 1.
147 3899 259 3954 Gellius
280 3896 427 3955 Publicola
449 3897 505 3956 MS.
519 3961 522 3966 ,
535 3902 597 3957 edd.
617 3904 682 3958 Ber.
706 3901 799 3958 libau.
818 3899 883 3959 Ald.
902 3899 993 3956 nette.
1013 3899 1052 3956 11.
1071 3895 1186 3956 Waltb.
1206 3885 1247 3950 Gss·

26 3965 170 4037 Poplicola
189 3973 252 4028 edd.
271 3973 327 4026 rel.
346 3973 492 4044 Poplicola
511 3982 554 4029 est
569 3976 703 4044 populum
719 3976 813 4029 colens
831 3976 895 4027 Liv.
914 3977 941 4039 3,
961 3977 1004 4028 te.
1024 3967 1180 4042 dqpceqslis
1197 3983 1242 4038 ep.

25 4037 145 4112 Dionys.
166 4052 195 4098 et
213 4043 289 4096 Ptnt.
308 4044 371 4098 'ite
390 4045 499 4123 legitur
517 4045 654 4118 inlibris
671 4055 730 4102 vet.
751 4055 781 4100 et
798 4045 946 4115 iuscriptt.
966 4041 1014 4097 sed
1039 4049 1068 4096 et
1087 4040 1241 4104 lbsbllccla,

25 4109 167 4166 Pollieoia
187 4121 217 4169 et
234 4113 390 4170 Plebieolas
423 4135 491 4170 nem
514 4134 531 4170 s
555 4117 675 4186 populus
698 4120 844 4172 laundun·
857 4115 1009 4186 populiense
1026 4121 1055 4167 et
1070 4111 1242 4182 popallcelc,

24 4197 75 4251 pro
91 4200 161 4268 'quo
187 4183 260 4240 olim
280 4203 344 4270 ⁸uem
367 4188 453 4242 modo
474 4189 604 4271 poplicus
632 4197 662 4243 et
679 4187 835 4272 l’oplicolo,
863 4187 913 4242 sed
938 4193 968 4240 et
994 4183 1131 4268 molliore
1148 4186 1243 4238 forms

24 4255 150 4318 Wltcue
166 4273 188 4312 s.
205 4257 336 4325 pabiscus
353 4266 384 4314 et
401 4257 547 4314 Rsblscola
565 4279 589 4315 s.
608 4257 756 4315 Pollecola
771 4259 930 4324 dicebatur,
948 4255 1027 4329 quod
1045 4273 1102 4310 sum
1121 4261 1241 4310 snuots-

24 4326 67 4378 vs't
83 4327 261 4384 imminuas·
280 4329 328 4386 Ol.
343 4329 422 4388 nst
440 4331 479 4386 sd
494 4329 575 4387 Flos·-
594 4336 622 4399 1,
638 4335 669 4400 t,
684 4335 714 4390 d·
729 4329 820 4388 nsst
837 4329 940 4388 adsit
957 4331 1027 4396 κθ.
1050 4335 1082 4384 et
1099 4327 1240 4392 hirs-m.
