2868 4792
180 248 244 321 326
348 289 357 304 ι
580 243 827 313 metarunt
852 241 935 310 LIB.
956 243 1017 310 nt.

180 417 225 480 ris
241 415 401 540 praecipue
417 411 629 492 delegarentur.
649 411 694 470 (li.
713 411 874 500 Boettigsri
892 409 995 468 Sabim
1018 408 1052 463 Τ.
1071 409 1097 466 2
1124 425 1153 480 p.
1175 408 1235 464 lou.
1253 407 1311 462 m.
1328 407 1383 462 ill.

181 489 283 560 tuqus
299 503 353 542 rer
372 503 388 540 ι
404 484 435 543 h.
449 485 471 540 l.
487 503 544 574 per
566 483 598 540 ir
615 482 662 540 lul
680 483 762 540 sisois
788 484 866 539 diets
904 500 952 538 ro:
984 481 1165 536 familiarum
1188 493 1338 532 numeram
1357 479 1385 530 ia

180 563 243 616 siro
260 557 417 614 seeundum
434 566 565 612 oenones
584 557 726 623 divisum
752 564 810 623 sut,
829 557 855 608 si
898 554 1051 610 thensauro
1075 551 1277 627 sBoettigero
1299 549 1387 602 hods-

178 639 245 686 tam
270 631 353 702 sequi
375 629 476 683 molis:
505 629 686 684 familiarum
709 643 873 694 numerum,
903 625 940 680 sd
966 641 1052 696 quem
1075 621 1250 695 explendum
1267 621 1386 674 notiones

179 703 300 758 somam
317 701 542 778 commigrentl‘
560 697 633 754 nott
651 699 687 754 de
704 715 806 770 synon.
831 715 877 770 sp.
896 697 964 751 Tse.
988 715 1017 769 p.
1037 699 1080 752 8⁰.
1099 698 1143 751 81.
1174 725 1207 736 -
1230 691 1342 761 argenti
1363 699 1385 746 et

180 775 248 830 (mi
262 774 383 844 pmidu'p
401 781 435 825 Ut
452 789 498 844 ΕΡ.
518 772 600 848 virg·
620 771 692 827 Aen·
714 779 738 838 Ι,
758 773 819 828 ³⁵⁹·
837 773 864 836 ³,
883 773 926 827 ⁴9.
947 771 990 836 1⁰5
1010 771 1073 824 ⁵27.
1091 765 1192 832 Sil-1,
1212 767 1272 820 ⁵2³·
1292 766 1317 830 θ’
1333 765 1386 818 355·

180 849 227 913 11,
243 847 306 902 its.
329 847 373 910 1³,
391 847 453 902 356.
489 841 532 898 De
549 861 583 897 re
600 845 663 914 ipsa
680 859 709 897 r.
727 843 790 896 Liv.
811 841 880 913 epit.
900 841 920 894 l.
941 843 983 896 ll.
1004 837 1081 896 Geli.
1102 841 1129 902 4,
1149 839 1174 894 8.
1194 841 1237 902 17,
1255 837 1297 890 25.
1322 833 1386 886 Plus

180 918 213 970 in
231 913 332 981 Sullae
348 915 428 974 Mur.
449 945 483 958 -
501 915 580 968 ner-is
595 913 737 966 miracula
754 909 932 980 „Corinthia
949 928 1016 965 voss
1035 918 1064 964 et
1081 911 1172 984 signs.
1191 925 1220 963 r.
1240 905 1316 961 Suet.
1331 905 1386 961 Tib.

178 991 225 1046 34.
245 987 458 1053 stelione.
493 983 551 1042 Set
567 985 625 1038 slis
647 1001 761 1056 quoque
786 991 953 1038 ornaments
977 979 1170 1054 supellectilis
1198 995 1235 1032 ex
1261 993 1333 1042 sere,
1358 977 1387 1028 de

179 1059 285 1130 quibus
303 1075 331 1114 v.
350 1057 456 1112 Messes.
474 1055 511 1112 de
528 1057 629 1112 laxot‘
646 1057 717 1110 Ero.
739 1083 771 1094 -·
787 1055 973 1124 pronsiseros,
992 1069 1052 1106 noo
1069 1053 1209 1116 ‹lives-sss,
1227 1047 1300 1101 siris
1311 1054 1337 1101 et
1352 1049 1388 1114 ie·

177 1128 267 1182 minis
281 1133 382 1195 sedes,
407 1129 524 1194 soricen
549 1129 622 1182 Coss
647 1135 677 1184 et
694 1125 889 1196 bombycinus.
909 1143 939 1178 r.
959 1125 995 1179 sd
1018 1129 1045 1190 2,
1073 1127 1117 1180 33.
1154 1121 1277 1189 „Potest
1301 1129 1387 1172 umen

179 1199 270 1253 simul
286 1198 411 1275 cogitari
434 1198 470 1255 de
496 1199 605 1254 tunicis
627 1199 660 1252 in
680 1199 797 1252 modum
813 1197 1001 1252 muliebrium
1018 1195 1113 1251 isatis.
1141 1211 1169 1246 r.
1190 1189 1387 1256 Gell.t,1t.“

181 1265 292 1324 Watm.
314 1269 475 1340 promissus
497 1269 555 1324 MS.
573 1279 605 1324 et
628 1269 673 1326 ed.
699 1267 789 1324 Bekk.
815 1275 850 1320 ot
871 1273 901 1320 et
928 1284 960 1320 os
983 1309 990 1322 .
1016 1271 1059 1322 1⁰.
1090 1293 1123 1305 -
1148 1264 1204 1316 illo
1233 1263 1388 1330 fenunsium

177 1337 300 1464 soffia
317 1367 350 1381 -
369 1337 490 1406 lapidee,
510 1355 540 1394 v.
558 1338 636 1408 Lips.
656 1337 729 1395 Bao.
749 1339 796 1392 11.
817 1337 854 1391 od
870 1335 939 1393 Tse.
1004 1353 1033 1388 n.
1051 1333 1108 1388 111.
1140 1357 1175 1372 —
1222 1334 1276 1398 uis,
1301 1333 1387 1402 squi-

198 1425 244 1476 os,
263 1423 302 1466 so.
320 1407 451 1476 leminis,
467 1407 604 1480 pecuniae
636 1439 669 1452 -
689 1408 912 1474 transferuntur,
936 1421 966 1459 r.
984 1405 1048 1464 lod.
1067 1403 1124 1460 111.
1148 1421 1178 1460 v.
1258 1402 1318 1455 iaus
1334 1401 1387 1453 sul

181 1479 310 1536 iectionis.

628 1599 823 1656 GAPU'I'
856 1599 946 1657 MV.

260 1707 331 1774 Nec
349 1711 479 1790 ignoro,
507 1710 543 1772 in
569 1709 726 1772 conviviis
746 1714 778 1770 et
800 1707 932 1772 circulis
952 1707 1098 1771 incusari
1123 1707 1190 1770 ista
1219 1713 1252 1768 et
1282 1703 1387 1766 motam

177 1795 291 1874 poesie
311 1791 370 1855 sed
387 1793 419 1856 si
437 1791 513 1874 quis
532 1789 632 1873 legem
652 1793 791 1862 sanciat,
815 1809 939 1872 poenas
958 1791 1095 1867 indicat,
1122 1790 1219 1853 iidem
1245 1787 1295 1852 illi
1321 1787 1386 1850 eisi-

181 1884 278 1938 tatem
297 1874 394 1952 serti,
415 1872 672 1955 splendidissimo
694 1877 809 2020 cuipas
829 1877 960 1938 exitium
979 1875 1106 1954 parari,
1126 1875 1276 1935 neminem
1297 1871 1386 1932 crimi-

179 1959 237 2028 nis,
266 1967 424 2040 expertem
458 1955 678 2020 clamitatum.
770 1959 842 2039 tque·
874 1975 916 2018 ne
948 1958 1093 2038 eorporis
1125 1954 1252 2038 quidem
1277 1951 1387 2016 morbos

181 2049 303 2104 ueteres
324 2051 357 2104 et
377 2041 435 2102 dir
455 2049 569 2104 auctos
594 2043 661 2108 nisi
684 2057 744 2122 per
764 2039 847 2102 dura
868 2049 900 2102 et
930 2059 1047 2120 aspera
1072 2057 1233 2104 coerceas.
1277 2035 1388 2101 Corru-

179 2131 258 2204 ptus
277 2123 373 2188 simul
391 2133 617 2204 etcorruptor,
639 2143 738 2206 aeger
758 2131 790 2184 et
809 2125 962 2206 flectens
982 2115 1104 2188 animus
1119 2121 1209 2184 laud
1229 2118 1386 2184 levioribus

181 2207 326 2272 remediis
359 2207 609 2288 restinguendus
640 2217 690 2270 est
731 2225 825 2290 quun
856 2175 1048 2270 libidinibus
1079 2205 1233 2269 ardescit.
1286 2201 1386 2270 Tota

179 2289 355 2354 maioribus
381 2301 527 2371 repertae
555 2289 655 2372 leges,
690 2299 739 2354 tot
768 2308 850 2372 quas
881 2289 975 2352 disus
999 2285 1171 2370 Augustus
1205 2287 1293 2366 tulit,
1323 2283 1386 2348 illae

180 2373 353 2452 obliuione,
373 2371 445 2451 leae,
465 2373 777 2520 quodssagitiosiue
797 2385 858 2450 est,
888 2382 1068 2454 contemptu
1093 2371 1237 2435 abolitae
1261 2369 1384 2434 mosao-

180 2477 244 2520 rem
264 2457 371 2520 luxum
391 2456 508 2536 fecere.
595 2475 644 2518 am
665 2459 695 2520 si
726 2456 805 2520 velis
835 2457 923 2538 quod
952 2457 1088 2518 nondun
1116 2457 1247 2518 uetitum
1268 2463 1325 2526 est,
1353 2452 1384 2514 ti·

179 2559 275 2620 meas,
296 2559 337 2602 ne
356 2549 477 2602 vetere:
498 2549 533 2602 at
553 2541 584 2601 si
601 2537 771 2620 prohibita
791 2541 915 2620 impune
937 2540 1201 2618 transscenderis,
1223 2555 1321 2622 neque
1337 2551 1385 2596 me·

180 2631 232 2688 tus
252 2622 341 2686 ultra
361 2641 462 2706 neque
478 2623 586 2704 pudor
605 2633 663 2686 est.
708 2621 777 2687 Gur
797 2643 878 2705 ergo
908 2623 983 2686 olim
1007 2625 1207 2704 parcimonia
1236 2615 1386 2702 pollelatl

78 2715 82 2727 “
180 2709 260 2790 quio
279 2704 345 2770 sibi
363 2709 498 2788 quisque
517 2705 754 2780 moderabatur,
774 2709 853 2790 quia
872 2709 969 2770 usius
988 2705 1080 2770 urbis
1102 2709 1186 2770 cives
1208 2724 1336 2774 erasus,
1355 2719 1386 2762 ne

179 2791 385 2854 irritamenta
404 2789 525 2872 quidem
547 2789 652 2852 eadem
677 2792 767 2852 intra
795 2789 928 2853 Italiam
952 2789 1200 2854 dominantibus.
1245 2783 1386 2852 Euternis

180 2875 330 2936 victoriis
350 2871 468 2950 aliena,
489 2873 639 2937 civilibus
659 2876 755 2936 etiam
765 2883 880 2936 nostra
892 2893 1071 2936 consumere
1081 2873 1262 2938 didicimus.
1295 2872 1386 2940 ΟΜ

180 2956 279 3019 tulum
300 2955 391 3020 istud
411 2965 471 3030 est,
493 2956 533 3018 de
553 2975 619 3040 quo
639 2956 759 3020 aediles
779 2957 963 3020 admonent!
995 2975 1099 3039 quant,
1119 2959 1150 3020 si
1172 2963 1280 3018 cetero
1300 2952 1386 3032 respi-

180 3043 260 3120 cias,
288 3041 323 3103 itt
345 3040 408 3103 lesi
427 3039 621 3102 habendum!
649 3037 700 3104 At
720 3039 847 3102 kemele
866 3059 954 3103 nemo
977 3040 1090 3122 refert,
1118 3039 1206 3124 quod
1226 3037 1324 3102 ltalia
1341 3053 1386 3096 tx·

181 3133 292 3188 irrisae
312 3127 384 3204 opis
405 3124 543 3206 indiget,
567 3123 663 3272 ίΖιιοᾰ
690 3127 760 3186 sito
789 3123 904 3206 populi
923 3123 1060 3188 Romani
1078 3143 1139 3204 per
1158 3125 1284 3186 incerta
1302 3119 1386 3184 mans

179 3217 212 3270 et
236 3217 453 3288 tempestatum
473 3210 566 3290 quoti
595 3211 619 3268 'e
639 3205 800 3282 volvitur‚·
833 3227 873 3270 oc
893 3209 959 3271 nisi
976 3210 1216 3288 prouinciarum
1238 3207 1344 3284 copiae
1361 3207 1386 3261 el

179 3291 318 3354 dominis
338 3303 370 3352 et
391 3293 535 3354 servitiis
555 3301 587 3354 et
608 3293 702 3372 agris
723 3289 941 3369 subvenerint,
973 3303 1087 3356 nostra
1116 3311 1175 3356 noe
1201 3289 1323 3356 scilicet
1342 3303 1385 3346 ne-

179 3393 268 3436 mora
293 3384 486 3456 nostraeque
506 3373 601 3436 uillae
623 3374 806 3437 tuebuntur.
849 3375 959 3446 Hanc,
991 3371 1029 3439 P.
1053 3373 1112 3452 C.,
1133 3394 1241 3437 euram
1262 3373 1386 3435 sustinet

179 3453 354 3537 Princeps:
385 3455 464 3518 iaec
491 3461 607 3521 omissa
635 3457 787 3534 funditus
815 3477 876 3520 rem
902 3455 1063 3538 publicam
1095 3457 1211 3521 trahet.
1254 3453 1385 3536 Reliquis

179 3541 269 3601 intro
303 3542 437 3602 anisium
463 3539 640 3602 medendum
668 3549 727 3604 est.
780 3541 850 3606 Nos
875 3542 998 3622 pudor,
1026 3561 1186 3624 pauperes
1213 3539 1384 3608 necessitas,

179 3621 298 3686 divites
318 3625 424 3700 satias
445 3625 480 3686 in
510 3623 621 3688 melius
653 3633 762 3687 mutet.
815 3620 884 3689 Aut
915 3627 946 3688 si
977 3627 1050 3710 quis
1081 3645 1122 3688 ex
1152 3619 1385 3706 magistratibus

180 3715 302 3768 tantam
323 3705 515 3771 industriam
535 3726 574 3770 ac
593 3711 795 3770 seueritatem
813 3707 999 3789 pollicetur,
1025 3719 1062 3772 ut
1083 3712 1133 3772 ire
1153 3709 1276 3772 obuiam
1291 3709 1383 3790 queat,

177 3787 263 3852 lunc
283 3797 315 3852 et
337 3789 445 3868 laudo,
474 3799 506 3852 et
527 3793 696 3854 exonerari
716 3790 859 3856 laborum
879 3813 1012 3856 meorum
1030 3808 1153 3872 partem
1174 3789 1292 3872 fateor.
1332 3785 1384 3850 Sis

178 3892 332 3935 accusare
357 3877 440 3935 sitia
460 3873 582 3948 volunt,
613 3873 699 3952 dein,
730 3895 824 3958 quum
854 3875 992 3957 gloriam
1019 3880 1088 3939 eius
1114 3879 1161 3938 rei
1181 3875 1291 3955 adepti
1309 3876 1383 3943 sust,

177 3957 357 4020 simultates
378 3955 508 4034 faciunt
529 3977 568 4019 ac
588 3957 665 4020 mihi
686 3959 881 4042 relinquunt,
916 3961 1046 4039 credite,
1067 3956 1104 4022 P.
1129 3959 1189 4031 0.,
1211 3977 1256 4019 me
1275 3969 1384 4039 quoque

155 4059 242 4101 mon
263 4059 331 4103 esse
351 4039 569 4120 offensionum
590 4041 726 4104 avidum.
772 4045 859 4114 Oreas
889 4061 983 4126 qnam
1008 4057 1128 4126 graves
1156 4053 1187 4106 et
1215 4039 1384 4124 ptemnqse

177 4125 306 4204 iniquas
330 4143 392 4202 pro
414 4143 449 4186 re
473 4123 605 4206 publiea
634 4127 817 4206 suscipiam,
848 4128 960 4190 inanes
987 4135 1018 4189 et
1044 4129 1160 4193 irritas
1188 4143 1286 4210 neque
1316 4117 1383 4184 mitt

177 4215 234 4267 out
255 4205 346 4269 uobis
368 4209 448 4270 usui
463 4207 596 4287 futurus
616 4209 687 4272 iure
706 4209 869 4290 deprecor.

248 4325 273 4378 1.
294 4319 326 4375 in
344 4323 480 4378 conuiuiis
498 4331 525 4380 et
543 4324 670 4392 circulis,
695 4326 886 4382 ceurentium
912 4326 1066 4382 hominum
1089 4325 1305 4383 consistentiam
1321 4337 1381 4375 eon·
