2872 4792
174 200 236 296 m
476 236 506 249 --
563 191 810 268 anulum
844 195 927 268 uu.
956 203 999 268 n.
1093 171 1098 182 '

173 373 268 439 batur,
287 377 392 438 emtus,
411 369 521 427 θοοωο
539 371 689 438 maante,
708 370 855 438 eodemque,
873 383 924 437 pue
940 366 1045 435 mne,
1057 369 1163 433 feretur
1176 383 1216 434 ee,
1232 367 1398 433 ferebatur,

174 440 468 499 teudemundo
490 447 580 498 lun.
601 443 627 499 9.
664 442 773 506 feratu
790 457 830 496 sc.
848 440 954 494 linctus
973 457 995 493 r.
1015 456 1120 504 neren
1138 441 1221 498 Gron.
1252 440 1331 506 Quae
1349 457 1399 491 ra-

109 525 113 534 “
174 515 216 570 tio
246 513 349 567 durior
374 517 427 568 est.
469 512 513 566 (ll.
542 513 607 567 biv.
635 515 681 580 16,
712 515 756 568 rt.
804 512 942 580 eoumque
967 509 1024 568 us.
1050 511 1113 566 edd.
1132 510 1195 566 Ber.
1216 509 1309 565 Rben.
1330 509 1398 565 ala.

175 583 293 658 Grypht
309 582 386 637 rich.
406 590 436 636 et
453 601 510 639 rec.
537 586 626 637 eodem
650 582 713 638 edd.
732 583 810 655 lips.
832 609 866 622 -
903 581 1122 649 praeripimus·
1147 581 1240 636 Praei.
1267 581 1338 636 bist.
1370 589 1400 635 et

175 659 328 712 levarentur
344 655 503 726 Optativns.
523 655 568 709 01,
590 655 652 711 lud.
662 655 725 710 ’111.
744 673 773 711 v.
793 653 936 708 Verborum
954 653 1037 707 Medi
1054 663 1084 708 et
1096 654 1240 708 Verborum
1252 656 1398 720 Tempora.

176 755 210 768 -
236 743 285 796 quo
308 728 460 780 tenerentur
486 728 567 788 nee,
582 727 712 793 navium,
746 727 821 779 imae
844 726 906 778 eius
932 733 1040 795 partes,
1073 731 1210 779 manustra
1232 741 1282 792 per
1307 727 1400 776 luleru

175 802 265 870 aquis.
301 798 443 865 „Tacitus
470 798 625 872 aig-nificat,
655 813 746 867 φιιιιιι
773 797 922 866 depressae
944 797 1079 850 oneribus
1104 813 1191 850 naves
1216 797 1400 868 prpfundius

175 889 254 926 mare
278 877 417 936 marens,
445 881 545 922 eorum
570 885 682 922 summa
706 867 785 921 labra
808 867 930 936 propius
952 867 1078 922 abfuisse
1102 867 1137 920 ab
1161 869 1221 921 eiua
1241 868 1400 937 superficie

175 953 261 1013 etque
280 957 314 996 eo
353 941 398 994 lue
417 957 505 1008 aquae
523 959 539 993 a
557 948 769 1014 superargente
787 938 878 990 fluctu
897 939 1055 1008 accepisset
1080 939 1187 994 levatas
1214 938 1311 1013 igitur
1329 955 1400 992 one·

174 1016 265 1080 ribus,
284 1021 317 1066 ut
332 957 415 1064 labra
434 1011 560 1064 laterum
579 1017 726 1066 exstarent
745 1007 834 1062 altius
852 1011 941 1078 aquis.
979 1011 1066 1062 Panlo
1085 1009 1202 1080 quidem
1221 1010 1401 1064 insolentius

173 1085 249 1138 alvei
268 1099 376 1139 nonan
399 1083 547 1146 dicuntur,
572 1097 660 1152 quum
679 1083 805 1152 proprie·
827 1088 945 1133 manent
963 1082 1024 1152 ipsa
1043 1081 1168 1150 liquida:
1200 1081 1250 1134 aad
1277 1089 1400 1135 manant

175 1158 274 1222 etiam,
292 1158 324 1209 in
343 1155 447 1226 quibus
465 1153 610 1224 liquidum
629 1151 703 1208 tuit.
726 1149 791 1206 -sie
813 1167 859 1222 ap.
884 1151 947 1208 biv.
975 1157 1000 1216 l,
1024 1155 1067 1208 59.
1096 1151 1177 1204 Ovid.
1198 1153 1265 1208 Met.
1285 1157 1313 1219 6,
1334 1157 1400 1208 312.

175 1227 242 1283 Sen.
260 1228 346 1282 llere.
365 1229 425 1282 fur.
444 1229 504 1280 391.
531 1225 605 1278 Plin.
633 1227 677 1290 14,
701 1225 746 1280 19.
783 1220 857 1274 Sunt
881 1239 951 1306 ergo
978 1223 1049 1275 uloei
1074 1229 1210 1276 noronte
1232 1239 1282 1289 per
1306 1226 1401 1276 tatere

127 1331 131 1342 .
176 1302 387 1370 irrumpentem
406 1313 510 1366 aquam
528 1313 631 1372 meg-na
650 1296 733 1366 eopia
750 1293 957 1364 recipientes.“
976 1296 1057 1349 eron.
1095 1291 1402 1358 „mancationem

176 1380 206 1426 et
225 1369 337 1440 liquida
355 1370 416 1440 ipsa
434 1375 463 1421 et
481 1385 524 1431 ea,
543 1385 617 1437 quae
635 1365 758 1437 liquidis
776 1372 902 1420 manant.
935 1365 1018 1418 Aloei
1035 1374 1132 1419 autem
1151 1365 1263 1436 duplici
1282 1368 1401 1422 ratione

176 1459 304 1568 manupae
322 1439 372 1496 bie
388 1441 538 1515 leguntur,
564 1445 594 1492 et
608 1453 658 1507 per
676 1439 765 1492 latera
784 1453 823 1493 ee.
843 1444 989 1508 corrupta,
1016 1445 1046 1492 et
1069 1437 1150 1499 taces
1167 1437 1401 1506 .eaperargeere.“

179 1515 284 1570 Woll.

609 1601 800 1700 eaeor
842 1633 965 1692 xxiv.

260 1747 391 1812 Quanto
413 1741 594 1827 violentior
615 1749 736 1803 cetero·
750 1741 837 1804 mari
860 1739 1010 1805 Oceanus
1033 1750 1066 1805 et
1086 1743 1289 1804 truculentia
1312 1745 1402 1806 coeli

178 1836 326 1915 praestat
346 1827 535 1904 Germania,
558 1831 687 1911 tantum
709 1826 765 1886 illa
791 1823 901 1890 clades
928 1828 1078 1888 novitate
1107 1835 1141 1888 et
1168 1827 1403 1910 magnitudine

178 1914 330 1988 excessit,
350 1909 527 1974 hostilibus
549 1909 677 1970 circum
707 1907 862 1970 litoribus
885 1917 944 1970 aut
970 1910 1017 1972 ita
1038 1918 1132 1972 vesto
1155 1917 1188 1972 et
1216 1909 1402 1991 profundo,

178 2007 216 2060 ut
241 1993 400 2058 credatur
431 1993 717 2054 novissimumem
750 1993 822 2052 sine
848 1993 951 2054 terris
987 2012 1091 2054 marc.
1150 1991 1231 2053 Pars
1260 1994 1403 2054 navium

178 2081 314 2141 haustae
325 2085 418 2140 sunta
440 2075 555 2156 plures
570 2070 664 2156 apud
681 2075 804 2136 insulas
821 2075 954 2158 lougius
971 2077 1052 2138 sitae
1070 2075 1204 2153 eiectae,
1226 2075 1403 2156 milesque,

179 2163 268 2224 nullo
289 2161 361 2222 illic
383 2159 555 2220 hominum
576 2157 681 2232 cultu,
711 2161 796 2218 lanae
817 2156 1021 2238 absumptus,
1051 2159 1117 2218 nisi
1145 2177 1225 2240 quos
1253 2177 1404 2239 corpora

178 2263 342 2310 enorum
376 2239 492 2303 eodem
521 2240 601 2300 elisa
630 2238 867 2302 toleraverant.
917 2239 995 2300 Sola
1020 2239 1213 2301 Germanici
1246 2241 1405 2303 triremis

179 2267 390 2390 clamorum
412 2331 538 2408 terram
559 2319 699 2404 appulit,
730 2341 825 2404 quem
847 2341 909 2402 per
930 2341 1044 2382 omnes
1066 2321 1141 2384 illos
1169 2321 1239 2384 dies
1268 2333 1405 2386 noctes-

178 2429 241 2492 que
269 2405 358 2489 apud
386 2405 538 2488 scopulos
568 2411 602 2465 et
654 2405 850 2466 rominentis
877 2424 965 2481 oras,
998 2425 1098 2487 quum
1125 2425 1160 2465 se
1187 2406 1273 2466 tanti
1303 2409 1405 2468 exitii

178 2511 275 2553 reum
296 2491 494 2563 clamitaret,
517 2487 571 2547 vix
594 2423 773 2548 collibuere
794 2487 904 2564 amici,
938 2505 1002 2570 quo
1031 2489 1141 2548 minus
1168 2485 1282 2548 eodem
1312 2493 1405 2550 mari

113 2577 117 2586 '
178 2581 360 2656 oppeteret.
404 2569 553 2632 Tandem
575 2569 744 2630 relabente
772 2577 866 2630 aestu
889 2577 922 2630 et
948 2569 1148 2632 secundante
1180 2580 1280 2632 vento
1294 2571 1406 2632 'clan-

179 2655 241 2718 dae
272 2675 372 2718 naves
401 2671 480 2714 raro
509 2653 650 2738 remigio
684 2661 742 2712 aut
771 2652 907 2712 intentis
944 2653 1092 2715 vestibus
1125 2661 1159 2714 et
1188 2652 1352 2736 quaedam
1387 2677 1407 2716 a

178 2730 400 2802 ialidioribus
428 2743 555 2797 tractae
584 2741 776 2797 revertere:
807 2753 885 2813 quas
908 2737 1028 2818 raptim
1057 2739 1196 2800 refectas
1228 2737 1332 2814 misit,
1366 2747 1408 2798 ut

179 2827 414 2885 scrutarentur
435 2818 569 2879 insulas.
615 2815 755 2879 Collecti
776 2835 815 2878 ea
837 2837 918 2880 eura
941 2820 1109 2902 plerique:
1133 2817 1254 2880 multos
1274 2819 1407 2882 Anoeri-

179 2905 268 2969 varii
314 2922 421 2985 nuper
463 2903 498 2962 in
539 2897 638 2961 fidem
679 2901 808 2982 accepti
855 2899 1046 2986 redemptos
1091 2903 1130 2963 ab
1178 2904 1337 2963 interiori
1367 2927 1408 2968 us

180 2985 376 3050 reddiderat
411 2981 544 3067 quidam
570 2985 605 3045 in
628 2983 834 3046 Britanniam
856 2985 946 3066 rapti
979 2993 1012 3046 et
1043 2985 1174 3048 remissi
1207 3006 1226 3046 a
1258 2987 1406 3074 regulis.

180 3071 226 3134 Ut
247 3073 319 3154 quis
341 3089 380 3130 ex
402 3069 583 3152 longinquo
605 3075 794 3145 revenerat,
822 3067 983 3129 miracula
1004 3067 1196 3145 narrabant,
1227 3069 1298 3128 vim
1328 3079 1408 3130 tur-

179 3155 295 3215 binum
311 3161 345 3224 et
363 3149 529 3213 inauditas
545 3149 712 3228 volueres,
735 3157 884 3212 monstra
902 3152 1015 3228 maris,
1038 3151 1208 3237 ambiguas
1225 3149 1410 3214 hominum

174 3241 215 3300 ‘et
237 3237 410 3300 beluarum
431 3235 567 3313 formas,
589 3234 660 3297 visa
682 3233 752 3297 sive
774 3253 814 3296 ex
835 3241 928 3314 metu
948 3233 1085 3296 eredita.

252 3359 278 3410 1.
307 3359 407 3408 tuum
433 3349 487 3404 illu
512 3351 605 3402 eladae
627 3350 746 3404 novitate
775 3356 801 3404 et
825 3367 857 3407 n.
877 3351 1004 3418 excessit,
1036 3351 1114 3422 quod
1131 3351 1251 3408 verbum
1268 3352 1410 3408 absolute

180 3427 301 3481 dictum.
320 3443 348 3481 v.
367 3424 404 3478 ad
482 3425 551 3478 .42
571 3439 600 3478 ιι.
619 3424 646 3478 6.
666 3453 699 3466 -·
735 3421 878 3476 hostilibus
904 3422 1003 3478 circen
1028 3423 1156 3478 litoribus
1181 3431 1227 3478 aut
1254 3426 1298 3478 itu
1324 3435 1411 3480 uasto

180 3497 260 3562 meri,
284 3497 322 3551 cf.
350 3495 411 3548 lnd
467 3493 489 3548 1,
514 3508 539 3547 o.
565 3491 682 3560 Elllpeie
705 3493 784 3546 uerbi
813 3495 944 3548 arietant.
974 3495 1004 3547 in
1028 3493 1132 3548 Portic.
1170 3495 1319 3552 nuri'edd.
1343 3515 1409 3553 ree.

180 3588 217 3624 est
235 3569 311 3622 coni.
332 3565 425 3620 Grou.
462 3561 538 3628 „sed
564 3579 636 3618 nore
660 3563 716 3618 MS.
737 3571 766 3618 et
789 3563 852 3620 edd.
882 3581 979 3622 omnes
1004 3573 1070 3620 ante
1089 3565 1182 3620 Oberl.
1200 3573 1230 3620 et
1247 3567 1318 3620 nori
1344 3577 1412 3622 tam

110 3661 114 3670 ¹
181 3639 258 3694 nude
286 3641 317 3692 in
349 3637 407 3692 line
438 3637 567 3705 positum
596 3635 743 3705 displicet.
787 3635 917 3705 Utraque
949 3653 1021 3690 vero
1051 3639 1196 3708 scriptura
1227 3637 1302 3692 bona
1331 3641 1413 3695 est.“

181 3709 289 3766 Wolllt.
311 3733 344 3748 -
379 3714 408 3760 at
425 3707 554 3760 credulos·
569 3707 748 3773 nooa'eeinam,
767 3715 940 3774 extremm,
958 3709 1067 3760 aceiae
1085 3709 1177 3774 tenu,
1195 3727 1223 3764 v.
1243 3709 1280 3762 ad
1299 3709 1337 3765 G.
1359 3713 1410 3767 45,

181 3801 211 3838 n
230 3785 255 3838 2.
277 3790 306 3836 et
323 3783 350 3836 4.
371 3807 404 3817 -
440 3777 543 3832 inulae
567 3778 678 3842 longiae
695 3779 776 3842 eltae,
803 3777 936 3846 Orcades,
961 3777 1158 3836 Slsetlendieas
1181 3787 1211 3834 et
1232 3797 1306 3848 qaue
1326 3781 1412 3837 Nor»

182 3855 283 3928 regiae
300 3868 364 3906 oras
381 3851 521 3924 cingunt3
541 3849 648 3904 Wollb.
668 3876 701 3886 -
738 3850 851 3914 eiectae,
878 3858 913 3904 ut
930 3851 1012 3904 decli
1035 3851 1173 3904 dicuntur
1192 3853 1330 3926 munga
1356 3855 1412 3908 vel

133 3935 137 3942 ’
182 3929 356 3994 tempestate
381 3921 469 3978 ablati
497 3938 541 3988 eo,
565 3920 615 3974 ubi
642 3919 771 3974 nondum
795 3922 913 3975 fuerant
930 3939 1023 3992 quere
1040 3919 1118 3976 haud
1141 3922 1344 3990 tetenderant,
1379 3934 1414 3980 et

81 4053 86 4059 ,
181 3995 291 4060 deiecti,
309 3995 340 4046 vi
358 3999 514 4046 ventorum
538 4011 555 4046 a
572 4009 660 4046 cum
684 3992 816 4062 marique
832 3991 931 4047 medio
955 3993 1079 4064 depulsi,
1098 4001 1131 4046 ut
1148 3996 1175 4057 9,
1194 3996 1238 4050 to.
1257 3997 1285 4060 4,
1303 3997 1351 4051 25.
1376 3997 1412 4052 Ο.

182 4071 226 4126 46.
247 4067 291 4122 Gt.
313 4064 404 4123 Gron.
431 4071 461 4118 et
477 4063 566 4119 Drak.
586 4063 622 4117 ad
647 4062 710 4118 biv.
730 4065 775 4128 21,
793 4065 837 4120 49.
856 4067 901 4130 2³,
920 4067 965 4120 34.
984 4069 1028 4126 40.
1047 4069 1092 4130 33,
1111 4068 1154 4120 41.
1174 4067 1218 4130 44,
1239 4068 1282 4121 19.
1302 4067 1348 4124 28.
1374 4095 1412 4106 -

183 4138 257 4192 nullo
275 4135 483 4190 illicientium
501 4135 582 4200 cultu,
608 4150 699 4204 quum
724 4133 765 4186 ibi
787 4141 883 4188 essent
905 4133 1037 4190 hemines
1055 4136 1123 4200 feri,
1149 4136 1213 4189 sine
1236 4135 1329 4192 cultu.
1358 4139 1412 4196 Cf.

185 4209 246 4264 lud.
265 4208 317 4262 111.
337 4225 365 4262 v.
384 4206 498 4272 Ellipeie
516 4205 590 4260 verte·
606 4207 738 4262 nostae
756 4205 786 4258 in
802 4205 907 4260 Pnrlie.
928 4235 960 4246 -
997 4207 1052 4259 slei
1069 4223 1143 4276 quoe,
1163 4223 1287 4276 quorum
1309 4211 1414 4264 vitam

185 4295 298 4347 corpore
316 4293 440 4346 equoreas
456 4278 647 4342 toleraverunt,
665 4293 752 4352 nep-rs
769 4284 1018 4344 sustentaverant
1034 4278 1155 4350 proprie
1172 4275 1224 4348 que
1234 4279 1318 4334 eitun
1334 4295 1412 4334 eor-
