2872 4792
168 207 232 276 334
560 200 809 268 ANNALIUM
837 201 924 268 nm.
951 201 994 268 11.

169 369 399 438 matbematioitt
426 369 519 428 (iberi.
544 369 666 438 notarice
692 367 752 426 MS·
772 401 806 416 ι·-
842 367 902 438 quit
919 367 1042 424 creditor
1057 365 1162 426 m
1177 363 1247 422 Μ’.
1266 369 1388 436 nervi,

168 447 205 502 de
223 464 279 518 qua
296 443 451 498 verborum
469 443 686 497 construetione
712 461 741 498 v.
766 441 802 496 ad
820 439 857 496 G·
876 444 921 498 33.
939 459 970 498 n.
988 443 1015 498 3.
1034 447 1065 496 et
1082 441 1146 500 lnd.
1164 436 1220 494 ΙΙΙ.
1246 455 1273 492 o.
1297 441 1389 494 Acca-

168 516 255 572 satioi
263 515 382 580 mutat.
392 534 438 569 nr.
450 516 477 570 d.
497 510 706 582 „Tiberianam
719 512 875 580 saeculum,
886 520 920 566 ut
933 519 1039 568 aetates
1054 529 1154 567 ornnes
1168 511 1315 584 politicae,
1328 514 1390 565 fuit

169 607 269 642 rerum
287 589 466 664 magicarum
486 584 746 640 studiosissimum
765 585 859 657 iisque
876 585 1000 656 pronior
1011 583 1202 638 Germanicus
1220 581 1390 638 Samothra-

168 677 236 714 cum
254 659 524 786 sacffbcsnopum,
541 657 714 784 biodmpbimi
735 655 993 784 urherbSerapidia
1015 663 1046 712 et
1062 653 1165 728 Apidir
1184 655 1267 712 cultu
1284 672 1391 712 oracu-

169 731 300 804 lisqoec
330 747 346 786 e
365 730 537 796 munima,
559 748 576 785 a
598 731 641 786 're
663 729 768 785 vonit.
839 733 893 784 rot.

606 871 799 930 CAPUT
850 864 948 932 ΕΠ.

250 983 301 1048 Ea‘
317 981 517 1050 Germanico
538 979 626 1054 band
655 983 764 1045 miuus
790 981 843 1046 ira
867 1002 963 1066 quam
991 1001 1053 1066 per
1080 989 1206 1046 metum
1234 989 1390 1066 accepta:

167 1070 199 1134 si
220 1069 312 1134 tinen
322 1070 534 1142 obsideretur,
555 1069 585 1132 ei
601 1064 817 1150 effundendae
832 1069 968 1148 optritae
988 1065 1048 1130 aab
1072 1067 1175 1130 oralia
1191 1068 1390 1132 inimicorum

167 1154 274 1236 foret,
310 1156 390 1238 qaid
417 1154 529 1218 deinde
553 1155 745 1216 miserrimae
772 1153 865 1215 conio
890 1149 921 1218 ii
954 1151 1036 1234 quid
1059 1150 1244 1233 infantibus
1275 1151 1390 1215 liberie

167 1247 371 1304 eventurum?
411 1237 519 1304 Lento
539 1237 643 1302 videri
664 1239 833 1386 renegicio:
863 1172 1021 1320 destinare
1042 1246 1075 1300 et
1099 1257 1225 1322 urgere,
1253 1247 1292 1300 ut
1310 1257 1388 1318 pro-

168 1326 316 1402 vinciam,
337 1333 374 1388 ot
396 1323 538 1410 legiones
565 1323 655 1387 sotor
685 1323 727 1386 da
750 1335 812 1388 eat.
855 1321 924 1387 seo
949 1343 1014 1387 non
1040 1343 1139 1408 neqoe
1166 1344 1203 1386 eo
1229 1323 1390 1408 defectum

168 1405 400 1488 Graecanicum,
427 1429 527 1494 neque
552 1412 694 1492 praemio
723 1407 838 1482 coedis,
858 1407 945 1490 opud
964 1407 1201 1490 interfectorem
1225 1429 1388 1483 mansore.

133 1515 137 1530 ·
167 1491 346 1576 componit
380 1495 548 1577 epistolas,
585 1493 658 1576 quis
693 1493 875 1556 amicitiam
908 1493 941 1556 ei
978 1493 1203 1558 renuntiabat.
1250 1491 1391 1556 Addunt

166 1577 330 1662 plerique,
352 1577 480 1640 iussum
500 1579 677 1660 provincia
705 1574 877 1642 decedere.
919 1575 993 1640 Nec
1013 1577 1090 1640 Piso
1117 1585 1268 1640 moratus
1295 1577 1392 1638 ultra

166 1662 262 1726 navis
282 1661 395 1738 solvit,
417 1659 719 1744 moderabaturque
740 1661 866 1738 cursui,
888 1679 953 1744 quo
974 1661 1114 1746 propios
1135 1659 1392 1750 regrederetur,

149 1744 196 1816 ⁴si
217 1764 308 1807 mors
330 1742 522 1808 Germanici
543 1744 677 1828 Syriam
698 1745 895 1829 aperuisset.

236 1865 264 1921 l.
283 1863 326 1917 En
344 1863 502 1918 Germanico
518 1863 593 1917 baad
608 1863 695 1918 ninas
712 1863 767 1929 iro,
785 1879 860 1934 wan
875 1879 926 1932 per
943 1869 1036 1918 neten
1053 1869 1182 1932 acceptas
1210 1859 1278 1933 „bis
1301 1861 1392 1917 rebus

165 1947 225 1988 non
247 1935 332 1988 modo
359 1937 404 1989 ira
432 1936 549 1990 Caesari
572 1943 726 2002 commota,
755 1935 806 1990 sed
829 1937 916 1991 etiarn
939 1943 1034 1990 metus
1053 1935 1195 2004 iniectus3
1231 1936 1306 2000 sire,
1329 1951 1392 1987 non

164 2005 250 2060 modo
268 2015 364 2062 metus
382 2009 518 2074 iniectus,
543 2008 596 2062 sed
623 2008 711 2062 etiam
733 2008 779 2062 ira
803 2008 930 2062 incensa.
967 2007 1105 2064 Heinsius
1122 2007 1199 2062 male
1224 2007 1303 2062 coni.
1328 2005 1393 2058 irae

81 2089 85 2097 ’
164 2094 206 2134 ac.
226 2077 342 2142 mn.
378 2079 511 2133 Vas-iavit
529 2077 657 2146 Tacitus,
676 2087 710 2132 ut
728 2080 814 2146 solet,
833 2097 925 2157 geum
944 2077 974 2133 lo
1017 2078 1084 2133 endi
1103 2086 1133 2131 et
1150 2079 1196 2132 ira
1213 2087 1258 2132 est
1276 2077 1318 2130 id.
1339 2077 1391 2148 qd.

163 2163 213 2216 per
238 2147 340 2206 iran.“
368 2149 437 2204 Era.
468 2149 513 2206 Cf.
533 2155 560 2218 1,
579 2153 614 2208 53
632 2169 677 2222 pr.
704 2159 733 2204 et
759 2151 795 2206 ad
818 2155 845 2218 1,
870 2156 898 2218 7,
916 2153 944 2208 d·
1003 2151 1136 2222 equentin
1165 2150 1279 2215 volunt,
1309 2147 1393 2202 bunc

163 2220 261 2344 {otius
280 2221 375 2276 inesse
394 2239 526 2276 sensusne
551 2218 626 2276 ltood
648 2222 735 2275 ninas
756 2229 825 2276 meta
849 2239 925 2294 man
947 2239 996 2290 per
1017 2223 1104 2275 iren.-
1136 2239 1225 2292 quern
1245 2228 1275 2274 et
1293 2221 1392 2298 figura

203 2307 237 2344 ec
254 2290 393 2364 loquendi
410 2291 499 2348 facile
516 2294 648 2365 potitus-3
667 2293 789 2351 Freinrb.
811 2319 844 2332 -··
879 2293 1031 2359 infantibus
1049 2291 1155 2360 tiberis,
1180 2292 1341 2362 dequibus
1361 2311 1391 2344 v.

163 2361 243 2419 Suet.
267 2363 330 2418 Gal.
355 2369 382 2420 ’1.
403 2395 436 2408 -
473 2365 605 2431 festinare
632 2372 781 2438 etlragere
805 2364 1007 2438 (synonyma)
1035 2381 1076 2418 so.
1100 2363 1246 2418 Pisonem.
1265 2391 1302 2402 -
1338 2379 1392 2415 non

162 2449 243 2500 usqae
261 2452 292 2488 eo
311 2435 453 2503 defectam,
472 2437 621 2492 desertum
639 2455 656 2492 a
673 2435 809 2505 Tiberim
840 2437 905 2494 Ero.
943 2434 989 2492 An
1015 2435 1149 2509 potentia
1166 2443 1329 2501 carentem,
1358 2443 1391 2486 nt

71 2531 80 2546 r
163 2505 236 2562 talia
254 2507 400 2578 impunita
423 2509 520 2563 ferat?
546 2507 593 2562 cf.
612 2509 648 2562 ad
665 2512 692 2575 6,
708 2507 757 2575 24,
777 2513 803 2566 1.

233 2597 261 2652 2·
289 2595 420 2663 common
438 2597 579 2664 epistolar,
606 2597 700 2666 quidue
722 2595 916 2670 amicitiorem
950 2595 1116 2662 enuntiabat,
1143 2604 1174 2650 et
1191 2596 1234 2649 sic
1251 2595 1389 2649 Pisonem

164 2665 284 2736 eiusque
308 2667 505 2738 speculatores
529 2668 613 2722 domo
638 2669 770 2740 locisque
794 2687 862 2724 snae
887 2613 1042 2744 podestatis
1066 2667 1115 2722 vel
1136 2667 1303 2738 provinciis
1328 2667 1390 2720 sais

163 2737 370 2792 interdicebat:
390 2738 468 2808 quod
485 2747 515 2792 et
533 2739 684 2794 intellexit
702 2741 784 2808 Piso;
809 2741 895 2794 Gran.
932 2741 993 2807 Quo
1017 2755 1100 2793 more
1124 2738 1322 2792 Romanorum
1340 2753 1391 2790 oo-

161 2805 256 2862 hibita
274 2809 365 2862 libido
384 2809 608 2872 inimicitiarum
627 2811 794 2866 clanculum
805 2811 1031 2866 exercendarum
1051 2811 1254 2879 effectumque,
1279 2817 1314 2861 nt
1331 2807 1391 2862 boe

162 2879 268 2933 molius
288 2881 344 2934 eibi
362 2897 465 2935 cavere
483 2881 560 2936 alter
577 2882 612 2936 ab
630 2883 723 2937 altero
741 2892 848 2954 posset,
868 2901 958 2954 qaum
978 2885 1077 2948 eoiret,
1102 2899 1169 2935 enm
1197 2880 1254 2933 sibi
1272 2889 1390 2934 certam

162 2952 412 3019 osso=inimicurn3
430 2953 498 3005 Era.
517 2953 553 3006 ad
571 2952 651 3008 Suet.
664 2954 732 3010 (dal.
751 2959 778 3010 3.
799 2955 845 3011 Gi.
864 2957 891 3020 3,
911 2955 955 3010 13.
973 2957 1017 3021 24.
1037 2955 1064 3016 6,
1082 2955 1128 3008 33.
1148 2951 1227 3006 sust.
1246 2949 1323 3028 Aug.
1342 2953 1389 3008 66.

162 3021 230 3076 Seu.
250 3023 286 3077 de
304 3023 349 3078 ira
366 3027 394 3090 3,
413 3027 458 3080 33.
479 3033 509 3078 et
525 3024 603 3096 Lips.
622 3026 694 3082 Exc.
713 3027 762 3080 11.
782 3028 818 3080 ad
835 3025 909 3080 Ann.
931 3025 970 3077 11.
992 3053 1025 3064 -
1061 3039 1144 3077 noves
1165 3023 1249 3076 aotoit
1266 3023 1389 3076 nodan-

162 3095 290 3162 baterqae
307 3096 401 3149 cerani
418 3113 526 3162 aarum,
545 3098 679 3151 consulto
697 3097 809 3151 tardius
827 3095 991 3174 navigabat,
1018 3111 1068 3164 qao
1093 3095 1205 3163 propina
1228 3093 1390 3159 regredere-

162 3172 215 3231 tur,
232 3183 292 3290 guo
309 3169 434 3253 propior
451 3177 537 3233 esset,
555 3170 676 3239 propius
694 3169 817 3252 abesset,
838 3177 868 3252 et
885 3169 927 3221 ita
946 3167 1034 3222 eitins
1053 3165 1173 3290 regffidi
1189 3173 1290 3290 pomt
1308 3181 1391 3218 rnor-

161 3239 1290 3436 {bergaEssiV2a¹1²1÷³⁵2³e⁹3nmmer3f3”eristi
1309 3237 1390 3364 rt

179 3397 274 3436 rumor
362 3399 391 3436 m
409 3399 434 3434 ss
454 3399 516 3435 sm
555 3399 651 3452 praru
669 3399 840 3462 regressum
883 3399 899 3436 e
932 3399 999 3438 sse.

592 3531 788 3592 CAPUT
827 3534 950 3593 mr.

246 3639 366 3705 Caesar
394 3643 567 3728 paulisper
586 3641 629 3708 ad
649 3663 742 3727 spem
763 3651 907 3722 erectus,
940 3641 1018 3707 dein
1044 3645 1129 3707 tesso
1151 3633 1307 3726 corpore,
1328 3643 1388 3705 ubi
1429 3643 1430 3648 ’

161 3719 237 3788 finis
257 3723 384 3804 aderat,
406 3728 597 3790 assistentes
618 3730 742 3790 amicos
762 3729 798 3788 in
826 3727 915 3790 bunc
944 3725 1080 3790 modum
1107 3727 1310 3810 elloquitnrr
1344 3726 1389 3791 Si

161 3808 237 3890 foto
258 3809 467 3890 concederem,
488 3813 593 3874 iustos
611 3810 688 3876 midi
703 3810 797 3873 dolor
813 3813 907 3875 etiam
925 3811 1078 3874 adoerm
1096 3811 1172 3872 deos
1183 3820 1277 3890 esset,
1300 3811 1390 3892 qaod

160 3892 427 3974 moerentibus,
450 3893 573 3974 liberie,
593 3897 725 3977 patriae
757 3899 848 3960 intra
874 3897 1031 3958 inventam
1059 3904 1266 3976 praematuro
1296 3897 1387 3956 exitu

163 3985 323 4058 raperent.
365 3977 462 4042 Nunc
482 3979 598 4043 scelere
618 3975 752 4044 Pisonis
775 3987 807 4040 et
827 3975 1006 4043 Plancinae
1030 3979 1228 4060 interceptas
1255 3975 1387 4040 ultimae

159 4079 271 4141 precer
299 4059 486 4142 pectoribus
519 4063 635 4126 verine
666 4062 823 4145 relinquo.
876 4061 1045 4144 Reseratis
1074 4064 1167 4142 patri
1199 4080 1239 4124 ac
1268 4059 1385 4139 fratri,

162 4143 279 4225 atrimae
317 4145 550 4210 acerbitatibus
588 4145 796 4220 dilaceratur,
834 4145 951 4228 moes
985 4145 1115 4210 insidiis
1154 4147 1385 4208 cireroroentas

162 4227 362 4290 miserrimam
388 4232 486 4291 eitam
507 4231 646 4308 pessima
672 4239 772 4293 morte
798 4231 943 4313 finierim.
1000 4227 1043 4294 Si
1070 4247 1153 4310 qnos
1185 4247 1260 4310 apes
1287 4245 1384 4306 meae,

153 4310 192 4372 ei
219 4327 300 4391 quoa
323 4313 524 4395 propinquas
550 4313 699 4396 sanguis,
729 4315 825 4379 erton
856 4311 938 4396 onor
953 4311 1092 4378 'invidio
1119 4329 1201 4395 erga
1231 4312 1383 4382 virentem
