2762 4788
212 229 270 290 DE
293 226 408 290 ARTE
430 225 662 322 conicum.
705 225 732 308 ᾗ.
757 225 864 291 XXV.
886 225 1012 317 XXVI.
1139 229 1230 284 xctll

108 397 214 478 Quae
239 417 357 492 quum
382 396 484 492 Aper
508 396 668 484 dixisset,
696 395 839 490 Magno,
872 399 992 493 inquit
1016 393 1227 492 Maternus,

13 523 82 570 non
116 497 242 568 solum
278 498 425 590 ingenio
464 519 504 566 ac
535 497 679 589 spiritu,
722 497 784 566 sed
816 498 924 568 etiam
957 499 1161 570 eruditione
1192 513 1229 572 et

12 611 84 668 arte
116 598 288 691 antiquos
325 597 513 666 incessivit
544 605 703 665 oratores
737 605 773 665 ct
810 598 1027 668 recentiores
1065 598 1228 671 defendit

18 701 110 793 Aper
134 707 270 768 noster.
321 697 401 790 Age
425 705 559 784 tamen,
597 694 761 784 Messala,
795 719 970 790 exprome
995 697 1103 768 nobis
1129 700 1229 794 quod
1311 749 1314 758 λ

12 797 226 894 promisisti,
268 819 343 866 non
368 795 617 866 laudationem
642 796 889 890 antiquorum,
914 835 966 850 ·-
1002 797 1089 868 satis
1127 801 1226 869 enim

12 903 97 968 istos
123 897 225 968 lama
247 919 312 966 sua
337 894 460 967 laudat
490 905 526 965 et
549 895 650 988 Aper
683 919 731 966 ne
761 897 841 990 ipse
867 896 1020 991 quidem
1043 898 1094 968 ita
1119 901 1228 970 sentit

11 1041 53 1050 -
86 997 157 1067 sed
189 1017 336 1084 curros,
385 1017 451 1066 cur
502 994 541 1066 in
587 1007 727 1066 tontum
768 992 816 1066 ab
858 993 1066 1089 eloquentia
1107 1019 1228 1070 eorum

13 1095 270 1169 recesserim
299 1097 377 1164 sive
402 1093 716 1166 declinaverimus.
743 1117 773 1164 c.
801 1093 860 1166 24.
912 1095 1012 1166 Tum
1037 1093 1227 1170 Meranda:

12 1199 157 1268 Faciam
183 1195 285 1290 quod
309 1195 434 1288 exigis,
461 1195 492 1265 si
516 1195 619 1288 prius
645 1193 748 1288 Apro
772 1217 889 1287 pauca
914 1216 1132 1289 opposuero.

102 1295 210 1367 Haec
242 1293 418 1366 Messalae
456 1295 569 1364 oratio
607 1316 682 1387 cap.
709 1292 768 1366 25.
801 1291 863 1366 26.
898 1295 1020 1364 brevis
1057 1306 1122 1386 est,
1164 1298 1227 1369 sed

11 1400 104 1486 scita,
133 1419 210 1490 qua
234 1394 328 1464 bene
353 1392 555 1464 refutantur
587 1415 679 1488 quae
703 1391 806 1487 Aper
839 1393 987 1464 dixerat.
1022 1419 1057 1466 v.
1082 1393 1227 1466 Brevia-

13 1501 101 1567 rium
147 1493 298 1588 dialogi.
358 1494 464 1566 Idem
495 1491 651 1565 Messala
683 1493 724 1562 in
747 1493 881 1563 'animo
915 1493 1091 1566 habuerat
1120 1494 1228 1590 plura

12 1599 164 1668 adiicere
205 1603 243 1664 et
273 1593 509 1688 potissimum
543 1593 735 1664 nominare
761 1603 919 1663 oratores
943 1593 1056 1664 huius
1080 1595 1226 1688 saeculi,

13 1697 122 1790 tquod
148 1694 257 1788 Aper
282 1691 469 1778 omiserat)
496 1715 569 1787 quo
595 1689 737 1762 [acilius
763 1695 961 1788 propositis
989 1693 1167 1792 exemplis
1192 1707 1228 1768 et

13 1796 188 1892 oppositis
215 1803 414 1888 appareret,
440 1791 568 1888 'quibua
593 1787 778 1886 gradibus
802 1791 934 1885 fracto
969 1806 1066 1866 earet
1104 1801 1141 1866 et
1165 1791 1226 1868 de-

12 1897 142 1968 minuto
192 1891 415 1987 eloquentia.
479 1891 554 1963 Sed
592 1913 712 1961 sermo
758 1892 836 1962 eius
881 1891 1035 1980 (nollem
1074 1895 1226 1982 factum)

14 1995 295 2088 interrumpitur
325 2017 346 2062 a
376 1991 539 2064 Materno
564 1989 624 2062 his
661 1991 798 2062 verbis:
851 1991 1068 2088 Appropera
1105 1997 1227 2090 potius

13 2095 196 2165 exsolvere
229 2091 473 2187 promissum:
513 2114 630 2185 neque
666 2092 764 2161 enim
801 2089 873 2162 hoc
903 2094 1135 2190 comprobari
1166 2096 1226 2166 de-

15 2197 233 2282 sideramus,
284 2188 504 2263 disertiores
546 2211 625 2262 eaae
658 2190 841 2283 antiquos,
888 2191 987 2286 quod
1012 2194 1123 2286 apud
1166 2219 1227 2264 me

13 2296 179 2390 equidem
217 2293 258 2362 in
299 2291 463 2386 professo
498 2299 561 2379 est,
601 2289 664 2360 sed
703 2311 836 2361 caucos
870 2289 981 2362 huius
1013 2293 1064 2362 rei
1103 2296 1226 2389 exqui-

15 2395 134 2480 rimus,
164 2417 260 2489 quas
286 2401 321 2462 te
347 2391 495 2463 solitum
521 2400 671 2461 tractare
696 2389 817 2482 paulov
834 2399 915 2460 ante
941 2391 1077 2460 dixisti.

102 2495 210 2567 Tum
238 2489 428 2564 Meranda:
467 2491 548 2562 Non
575 2513 658 2561 sum
691 2489 852 2561 offensus
884 2489 979 2584 Apri
1003 2491 1078 2560 mci
1103 2493 1226 2587 dispu-

14 2597 154 2683 tatione,
182 2616 254 2663 nec
277 2615 343 2662 vos
369 2590 506 2662 offendi
531 2590 674 2661 decebit
697 2591 755 2678 iis,
795 2613 886 2684 quae
911 2591 988 2660 dixi
1021 2601 1062 2662 ut
1087 2594 1227 2663 amicus

12 2695 99 2762 inter
123 2694 278 2764 amicos.
330 2688 548 2764 Maternus.-
574 2691 689 2783 Perge
715 2699 762 2778 et,
788 2714 903 2790 quum
921 2691 966 2762 de
991 2692 1150 2792 antiquis
1175 2692 1225 2764 lo-

13 2795 145 2886 quaris,
171 2802 277 2863 utere
302 2793 450 2886 antiqua
474 2789 639 2864 libertate
665 2790 821 2862 dicendi.

300 2975 335 3048 5.
380 2973 545 3048 Tertio
584 2971 776 3070 dialogi
808 2998 938 3077 pora.

108 3115 145 3207 §-
171 3112 313 3184 XXVl.
360 3113 440 3183 Iam
474 3111 601 3182 transit
625 3105 796 3182 Mausolo
829 3111 876 3181 ad
907 3109 1125 3204 primarirun
1151 3109 1225 3183 dia-

13 3212 80 3306 logi
110 3221 381 3306 argumentum,
406 3209 451 3280 ad
478 3233 614 3298 causas,
645 3233 710 3279 cur
744 3209 950 3306 eloquentia
988 3221 1156 3303 corrupta
1181 3214 1227 3280 sit

13 3325 41 3382 et
64 3311 263 3384 desciverit
288 3335 310 3380 a
334 3319 454 3386 vetere
479 3308 603 3402 gloria.
638 3303 755 3380 'Duas
790 3321 911 3382 autem
950 3309 1054 3380 affert
1087 3321 1123 3380 et
1148 3311 1225 3404 qui-

15 3413 93 3482 dem
136 3413 314 3498 internas,
356 3431 514 3504 quarum
547 3407 655 3480 altera
692 3417 747 3480 est
792 3409 986 3503 depravata
1023 3409 1224 3481 liberorum

14 3513 178 3582 ducatio
202 3533 279 3604 cap.
307 3505 479 3583 28-33.
506 3507 618 3580 altera
643 3509 942 3580 exercitationum
967 3510 1122 3582 mutatio
1148 3534 1224 3604 cap.

15 3607 122 3683 33-
138 3607 195 3682 36.
222 3635 255 3678 v.
282 3607 511 3680 Breviarium
535 3607 670 3702 rlialogi
702 3602 761 3696 ³⁹).

76 3809 121 3882 2’)
143 3809 296 3866 Damasia
314 3819 374 3866 tam
393 3809 517 3865 internis
535 3811 789 3874 suessulanum
808 3828 833 3865 c.
853 3813 980 3868 28—36.
999 3829 1085 3884 qnam
1101 3807 1241 3868 externte'

17 3882 180 3938 :Secundo
198 3891 226 3937 et
243 3885 373 3936 Materno
392 3884 441 3937 vel
459 3903 474 3937 a
494 3883 555 3936 solo
574 3885 702 3936 Materno
722 3901 746 3936 c.
766 3885 889 3946 at-ta.
911 3885 1031 3938 annexis
1048 3883 1224 3959 Goeringius

17 3973 37 4022 ξ.
58 3959 188 4012 15-17.
206 3955 246 4008 ita
265 3955 406 4024 disputat:
426 3954 551 4021 „tabelli
569 3954 741 4024 scriptorem
759 3952 810 4008 has
829 3971 927 4008 causas
955 3963 1172 4008 enumerantem
1191 3957 1225 4008 ab

20 4045 38 4078 u
55 4029 183 4081 initium
204 4025 318 4080 duxisse
346 4035 474 4096 apparet,
501 4045 517 4078 a
535 4043 600 4095 qua,
625 4025 649 4078 si
668 4025 753 4096 pueri
771 4025 807 4080 ad
831 4027 1027 4096 eloquentiam
1046 4025 1224 4079 informandi

19 4109 112 4162 rsacrat,
136 4095 299 4150 iniunctum
318 4115 423 4149 munus
442 4097 611 4167 susciperet.
648 4095 779 4148 Primum
793 4094 828 4148 de
863 4105 1007 4162 arentum,
1027 4113 1150 4166 quorum
1169 4096 1225 4152 sol-

26 4169 166 4224 citudini
183 4185 253 4236 puer
271 4167 420 4221 mandatus
439 4177 491 4234 est,
511 4185 580 4221 cura
599 4167 746 4235 loquitur,
772 4115 875 4220 deinde
894 4168 930 4220 ad
947 4166 1112 4220 scholarum
1131 4167 1224 4220 studia

21 4237 328 4304 emmerammus,
356 4248 419 4292 tum
443 4257 476 4293 ea
500 4239 606 4302 omnia,
637 4255 719 4309 quae,
745 4238 770 4291 ai
787 4237 921 4306 publicae
939 4237 1017 4291 vitas
1034 4237 1086 4290 lux
1103 4237 1225 4313 affulget

20 4326 39 4360 r.
54 4313 131 4384 apud
155 4308 260 4364 iudices
278 4311 431 4364 dicendum
449 4319 502 4376 est,
520 4311 556 4364 ad
573 4309 754 4378 eloquentiae
771 4325 857 4363 usum
871 4308 1078 4362 moderandum
1097 4309 1223 4379 aliquam
