2904 4798
179 183 239 248 ns
570 177 813 244 mnemon
841 178 924 242 cm
946 175 1004 240 v1.
1410 204 1411 262 ,

178 347 277 402 mma
296 353 326 402 n
344 347 467 401 nmmo
486 347 574 402 com
591 364 619 403 v.
638 347 667 414 e,
685 347 729 404 u.
749 344 814 401 sm.
841 363 885 416 sp.
904 347 947 403 aa.
968 344 1003 398 u.
1022 346 1065 402 es.
1095 349 1124 396 a
1149 339 1204 394 nso
1227 343 1274 406 se,
1298 345 1341 398 n.
1359 375 1387 384 -
1411 306 1412 398 l

176 419 283 488 publico
301 419 403 486 lenae,
422 437 450 475 v.
469 417 505 473 sd
522 421 550 484 3,
569 420 596 484 ὅ,
618 423 640 476 l.

629 561 820 618 onear
869 561 942 616 mn
1412 513 1414 610 l

262 669 414 734 Relatum
446 667 524 734 inde
550 669 592 734 ad
624 669 738 732 Patres
768 691 786 732 a
813 670 1017 734 Quintiliano
1049 669 1185 730 tribano
1221 667 1329 751 plebei
1355 616 1415 728 del

178 755 266 816 libro
296 753 452 835 Sibyllae,
480 775 577 836 quem
613 753 771 816 Caninius
801 751 916 816 Gallus
949 749 1250 834 quindecimvirum
1290 753 1391 832 recipi

177 840 267 898 inter
288 847 415 900 ceteros
440 835 589 902 eiusdem
618 839 703 898 vatis
731 846 766 898 et
786 855 823 898 ea
846 835 887 898 de
915 856 954 897 re
973 842 1105 898 senatus
1126 834 1316 896 consultum
1338 855 1391 915 po·
1416 824 1417 868 l

178 921 370 983 stulav'eret.
415 921 487 985 Quo
516 939 576 1003 per
609 919 843 982 discessionem
871 923 976 995 lacto,
1008 919 1101 980 misit
1129 917 1245 979 literas
1274 914 1418 978 Caesar

177 1003 306 1066 modice
333 1003 506 1084 tribunum
534 1006 708 1086 increpans
731 1005 883 1066 ienarum
915 1001 1044 1084 antiqui
1069 1003 1175 1063 moris
1203 1001 1246 1061 ob
1279 1001 1391 1061 iuven-

178 1095 255 1152 tam.
299 1083 395 1148 Gallo
418 1087 650 1170 exprobrabat,
679 1051 765 1168 quel
793 1087 948 1154 scientiae
969 1085 1312 1166 caerimoniarumque
1340 1104 1391 1144 se-

176 1177 231 1232 tus
263 1169 392 1232 incerto
418 1177 569 1248 auctore,
598 1179 675 1234 ante
704 1171 899 1234 sententiam
921 1167 1067 1256 collegii,
1096 1187 1175 1244 non,
1203 1175 1242 1228 ut
1262 1167 1391 1244 assolet,
1420 1236 1421 1252 ,

178 1253 262 1316 lecto
290 1272 353 1334 per
378 1256 555 1340 magistros
583 1256 819 1339 aestimatoque
850 1252 1007 1329 carmine,
1038 1247 1125 1332 apud
1153 1252 1393 1332 infrequentem
1420 1253 1421 1262 ’

176 1343 328 1398 senatum
356 1337 485 1400 eisset.
533 1337 641 1400 Simul
672 1336 941 1412 commonefecit,
972 1335 1050 1416 qaia
1084 1334 1186 1395 multa
1218 1352 1304 1394 vana
1336 1334 1393 1394 sub
1421 1340 1422 1356 ³

179 1419 313 1480 nomine
342 1356 467 1482 celebri
495 1421 731 1507 vulgabantur,
765 1421 919 1492 sanxisse,
937 1416 1143 1504 Angustum,
1177 1437 1273 1498 quem
1307 1417 1394 1476 intra
1422 1449 1423 1454 κ

177 1499 265 1562 diem
287 1499 329 1562 ad
350 1511 540 1583 praetorem
567 1504 732 1565 urbanum
761 1502 973 1565 deferrentur
1004 1519 1110 1582 neque
1138 1498 1262 1561 habere
1284 1501 1394 1581 prire-

178 1585 238 1646 tim
273 1585 401 1646 liceret.
450 1584 546 1650 Quod
576 1605 596 1646 a
624 1585 805 1648 maioribus
840 1603 969 1666 quoque
1004 1581 1175 1644 decretum
1210 1591 1285 1644 erat
1322 1591 1395 1664 post

177 1675 330 1728 exustum
351 1667 446 1728 civili
466 1669 553 1728 bello
576 1665 781 1745 capitolium,
814 1667 972 1746 quaesitis
993 1663 1103 1743 Samo,
1125 1665 1198 1745 llio,
1226 1665 1395 1746 Erythris,

176 1767 236 1830 par
256 1749 404 1808 Africam
430 1751 531 1809 etiam
560 1767 598 1808 ac
624 1745 772 1808 Siciliam
798 1755 831 1808 et
858 1746 991 1812 Italicas
1017 1749 1162 1810 colonias
1193 1751 1396 1811 carminibus

175 1829 335 1910 Sibyllae,
363 1829 444 1904 (une
464 1849 524 1892 scu
545 1831 657 1911 plures
679 1827 789 1908 luere)
816 1829 961 1913 datoque
990 1831 1215 1896 sacerdotibus
1248 1834 1395 1920 negotio,

175 1921 334 1996 qnantum
355 1911 498 1975 humana
520 1923 584 1995 ope
605 1913 802 1994 potuissent,
830 1934 911 1977 vera
934 1913 1135 1980 discernere.
1177 1915 1288 2002 Igitur
1318 1925 1397 1978 tunc

175 2017 307 2080 quoque
328 1998 460 2058 notioni
481 1995 780 2080 quindecimvirum
801 1998 830 2058 is
851 1998 936 2061 liber
956 1997 1147 2063 subiicitur.

246 2119 269 2170 l.
290 2115 414 2170 Relatum
431 2113 495 2166 inde
512 2115 550 2168 ad
566 2115 664 2170 Patres
681 2130 699 2168 o
719 2111 884 2172 Quintiliano
910 2115 973 2168 trid.
991 2117 1030 2183 pl.
1057 2115 1214 2170 secundum
1240 2116 1397 2182 pristinam

175 2195 204 2242 et
228 2185 294 2262 lege
318 2185 447 2254 Pompeii
471 2183 630 2238 tribunicia
652 2186 821 2238 restitutam
842 2191 1015 2256 potestatem
1042 2185 1227 2239 tribunorum
1252 2185 1348 2254 plebis
1368 2189 1397 2236 in

176 2267 305 2312 senatum
330 2255 478 2322 veniendi,
503 2273 570 2310 eum
594 2256 716 2310 vocandi
743 2265 773 2311 et
796 2255 832 2310 ad
849 2256 936 2308 illum
953 2256 1114 2312 referendi
1151 2255 1322 2313 Quintiliano
1341 2255 1397 2311 ns,

176 2337 205 2384 et
223 2329 286 2384 edd.
305 2335 364 2382 vet.
385 2327 568 2383 Quinctilium
589 2325 652 2382 edd.
672 2327 750 2399 lips.
771 2337 801 2382 et
818 2335 873 2382 cet.
893 2335 960 2381 ante
978 2327 1036 2384 lac.
1057 2327 1149 2383 Gran.
1168 2327 1212 2384 Cf.
1231 2325 1267 2379 ad
1287 2331 1353 2392 1,3,
1371 2330 1398 2382 8.

175 2431 206 2444 «-
227 2401 353 2470 Sibylloe
374 2399 436 2455 edd.
455 2393 527 2455 Era.
548 2407 578 2454 et
595 2416 653 2456 rec.
673 2408 706 2453 ut
723 2399 810 2470 paulo
827 2407 894 2469 post
911 2398 975 2454 edd.
995 2399 1059 2456 Ber.
1079 2399 1172 2456 liban.
1192 2399 1257 2454 Ald.
1273 2399 1401 2452 Sibullae

174 2471 231 2528 lllS.
261 2480 290 2526 et
317 2471 380 2526 edd.
406 2479 463 2524 rat.
489 2479 556 2525 ente
579 2471 651 2524 lirn.
686 2471 733 2524 Of.
756 2469 793 2524 ad
813 2475 838 2537 l,
857 2474 884 2536 1,
902 2474 928 2528 2.
963 2503 997 2514 —
1026 2473 1141 2526 eiusdem
1169 2471 1242 2524 uelis
1266 2469 1401 2540 Sibyllae

174 2544 325 2600 Cumanae.
356 2571 385 2580 -
407 2541 640 2610 quindecimuirtlrn
657 2560 673 2596 e
691 2559 823 2598 numero.
859 2543 903 2596 Gi.
922 2542 985 2599 lnd.
1004 2541 1058 2599 111.
1082 2562 1110 2600 v.
1130 2543 1163 2596 Ε.
1184 2561 1212 2598 n.
1233 2559 1256 2598 ε.
1285 2543 1402 2609 quiade·

174 2616 285 2670 ct'snus'ri
303 2613 359 2670 MS.
379 2613 456 2668 unde
474 2613 707 2682 quindecimuirdm
725 2615 787 2668 edd.
802 2615 859 2668 lac.
873 2613 965 2668 Gron.
984 2613 1057 2672 Era.
1077 2623 1107 2670 et
1125 2631 1184 2668 rec.
1203 2613 1403 2682 quindecimvir

175 2687 217 2742 ed.
247 2687 313 2742 Ber.
339 2693 368 2740 et
392 2692 446 2740 cet.
485 2683 567 2738 Libri
591 2684 731 2756 Sibyllini
764 2704 786 2740 s.
813 2683 914 2740 fatales
946 2693 1008 2740 tres
1039 2688 1170 2758 primum
1196 2705 1213 2740 a
1238 2685 1403 2748 daumeirie,

174 2757 278 2812 deinde
296 2776 313 2812 s
330 2756 496 2822 decemviris,
519 2755 553 2808 ab
571 2775 596 2809 a.
614 2756 650 2813 U.
669 2759 731 2815 386.
752 2757 856 2812 creatis
877 2776 916 2812 ex
939 2757 1025 2828 plebe
1048 2767 1077 2812 et
1100 2758 1244 2829 patriciis,
1269 2755 1355 2821 (hiv.
1376 2759 1403 2822 b,

173 2829 231 2896 37.)
249 2829 365 2884 tandem
384 2826 494 2893 (Sullae
515 2828 693 2898 temporibus
713 2836 826 2900 etpost
844 2829 887 2896 ea)
906 2849 922 2882 a
941 2829 1159 2897 quindecimviris
1177 2828 1240 2882 scil.
1261 2843 1404 2880 sacrorum

175 2902 235 2956 sive
258 2901 352 2954 sacris
374 2899 515 2966 faciundis
537 2897 613 2954 adiri
637 2919 658 2953 s.
685 2901 792 2971 inspici
819 2901 991 2971 consulique
1020 2919 1056 2954 ex
1079 2901 1154 2956 soto
1178 2899 1302 2953 difficili
1328 2901 1403 2970 reip.

174 2982 307 3044 tempore
327 2980 356 3026 et
374 2971 516 3026 custodiri
541 2972 680 3026 solebant.
705 2989 732 3024 v.
752 2973 788 3026 ad
805 2977 832 3039 3,
850 2977 897 3040 et,
916 2976 943 3030 2·
964 2982 993 3027 et
1010 2971 1129 3043 Dionys.
1148 2973 1248 3036 Hal-4,
1264 2973 1314 3027 62.
1334 2989 1403 3024 narn

174 3045 276 3098 Livius
295 3045 462 3114 saepissime
480 3043 597 3114 quidem
614 3042 720 3097 hortun
739 3044 894 3112 librorum,
919 3043 969 3100 sed
987 3063 1128 3116 nusquam
1153 3044 1278 3118 originis
1299 3061 1403 3096 eorum

174 3117 352 3170 mentionem
370 3115 451 3170 iacit.
471 3149 504 3158 -
524 3131 557 3168 eo
575 3115 656 3170 dere
674 3115 772 3168 setun
795 3118 990 3184 postulaverat,
1016 3115 1047 3171 oi
1072 3119 1126 3188 γὰρ
1155 3114 1218 3183 ἐξῆν
1242 3111 1331 3168 οὐδὲν
1350 3117 1405 3166 seir

174 3187 355 3256 Σιβυλλείων,
375 3189 400 3239 sl
413 3191 454 3259 μὴ
473 3185 489 3255 ἡ
508 3189 592 3256 βουλὴ
610 3187 782 3258 ψηφίσαιτο,
810 3185 836 3248 ἐς
859 3189 890 3242 τὰ
915 3191 1019 3256 πλῆθος
1037 3185 1253 3257 ἐξαγγέλλεσθαι,
1277 3186 1339 3240 Dio
1358 3189 1403 3250 33,

174 3263 217 3318 15,
237 3293 270 3303 -
290 3277 340 3328 qua
357 3273 406 3325 per
423 3259 612 3312 discessionem
631 3259 714 3324 facto.
733 3277 761 3316 v.
781 3259 818 3313 ad
835 3263 862 3326 3,
879 3263 924 3326 33,
943 3263 969 3317 2.

244 3335 270 3388 2.
289 3330 423 3384 scientiae
440 3330 710 3400 caerimoniarumque
726 3337 812 3397 uetus,
839 3350 866 3386 v.
892 3331 928 3385 ad
947 3337 971 3397 1,
989 3335 1078 3400 mt.
1098 3337 1124 3399 l,
1142 3334 1187 3399 bl,
1213 3335 1239 3388 1.
1257 3339 1290 3386 et
1308 3333 1338 3398 3,
1358 3332 1402 3394 bi,

173 3407 200 3460 2
221 3435 252 3445 -
272 3402 377 3456 incerto
395 3409 505 3456 auctore
523 3403 603 3456 libri.
625 3403 668 3458 Gi
688 3403 749 3458 lnd.
770 3401 824 3459 111.
845 3421 875 3458 r.
899 3403 1047 3458 Adiectioa
1070 3403 1100 3456 in
1124 3409 1202 3456 serto
1225 3419 1293 3456 casu
1318 3403 1403 3454 abeo-

174 3475 229 3528 tute
246 3475 345 3542 posita.
377 3500 409 3510 -
434 3480 497 3526 onte
515 3481 646 3551 rogatam
664 3475 821 3528 sententiam
844 3475 959 3540 collegii
985 3477 1049 3530 scil.
1079 3475 1404 3542 Quindecimrirorum.

175 3546 219 3600 Cf.
238 3543 326 3600 verba
343 3553 474 3600 extrema
491 3543 578 3600 huius
597 3563 659 3616 cap.
681 3575 713 3585 -
731 3551 761 3598 ut
779 3549 890 3614 ossolet,
908 3566 935 3602 v.
954 3547 1036 3614 adl,
1056 3550 1100 3616 34,
1118 3552 1144 3604 3.
1174 3556 1203 3600 et
1229 3546 1264 3600 de
1284 3546 1406 3600 Indica·

174 3620 237 3672 tivo
256 3617 337 3670 verbi
356 3615 527 3672 lismahorn.
550 3618 648 3674 Gram.
666 3635 695 3688 p.
715 3619 776 3674 613.
797 3649 830 3661 -
847 3635 900 3686 per
917 3619 1083 3684 magistros:
1110 3618 1245 3695 magistri
1264 3617 1407 3672 sacerdo-

175 3691 212 3744 tii
230 3687 353 3743 alicuius
372 3695 449 3755 sunt,
469 3689 520 3759 qui
538 3691 669 3759 primum
686 3689 783 3742 locum
802 3698 904 3744 tenent
916 3691 996 3745 inter
1012 3691 1173 3746 sacerdotes
1196 3691 1250 3744 deo
1269 3691 1405 3762 cuipiam

100 3817 102 3822 ,
175 3771 371 3828 consecratos,
392 3761 480 3826 Wolf.
505 3761 541 3814 ad
566 3759 643 3814 Suet.
669 3760 729 3816 Cal.
754 3777 780 3820 c.
799 3764 842 3818 33.
880 3761 950 3829 „Sic
967 3765 1100 3828 magister
1122 3761 1238 3827 collegii
1263 3761 1407 3816 Saliorum

175 3833 271 3887 Valer.
291 3835 364 3890 Max.
384 3838 410 3898 l,
431 3837 456 3898 1,
474 3835 500 3889 3.
527 3833 659 3899 magister
677 3833 792 3898 collegii
809 3833 1041 3900 quindecimuirum
1066 3834 1139 3888 Plin·
1158 3836 1204 3900 28,
1223 3837 1249 3890 3.
1269 3841 1306 3886 nt
1333 3831 1368 3888 b.
1385 3833 1406 3887 l.

174 3903 306 3970 magister
324 3905 429 3958 ordinis
446 3905 612 3958 sacerdotum
630 3905 748 3960 Gruter.
773 3923 801 3975 p,
820 3907 883 3973 313,
900 3909 927 3964 3.
953 3905 1032 3960 Suet.
1063 3907 1123 3962 Gal.
1142 3909 1187 3962 m
1211 3913 1242 3960 et
1264 3904 1356 3958 Dom.
1378 3909 1406 3960 d.

175 3977 229 4042 fuel
247 3975 277 4028 in
294 3993 324 4030 eo
341 3976 496 4030 sacerdotio
520 3983 546 4030 et
563 3983 640 4030 uates
664 3983 691 4028 et
705 3977 817 4044 praesul
839 3983 865 4036 et
883 3977 1014 4042 magister
1032 3978 1156 4049 Capitol.
1183 3977 1214 4030 in
1232 3977 1302 4032 Ant.
1323 3975 1407 4030 Phil.

175 4045 219 4104 t.“
239 4047 314 4114 Lips.
351 4049 435 4114 „lom
454 4064 524 4102 vero
543 4049 705 4120 quaeritur,
724 4049 775 4118 qui
792 4048 921 4113 magistri
938 4048 987 4102 hic
1011 4052 1071 4104 sint
1089 4049 1187 4104 intelli
1227 4049 1288 4116 ndi,
1308 4067 1408 4118 quum

176 4136 250 4172 unus
268 4127 381 4172 tentum
400 4121 539 4189 cuiusque
558 4119 681 4196 collegii
699 4120 839 4196 magister
856 4121 945 4174 fuisse
968 4121 1110 4176 videatur.
1146 4066 1278 4176 Riffiets
1304 4121 1409 4190 suspi-

176 4197 268 4254 catur,
295 4191 344 4244 vel
369 4193 522 4266 magistros
550 4191 729 4245 diversoum
757 4191 949 4265 collegiorum
982 4193 1035 4246 tali
1066 4195 1216 4247 occasione
1246 4191 1408 4264 peculiare

176 4259 333 4345 collegium
358 4263 542 4317 constituisse
567 4262 602 4315 ad
629 4279 692 4316 rem
716 4261 941 4330 diiudicandam,
966 4265 1014 4318 vel
1032 4263 1061 4322 b.
1075 4265 1094 4316 l.
1114 4264 1245 4340 intelligi
1274 4263 1408 4333 quinde-

177 4331 315 4393 cimviros
334 4335 495 4389 universos.
532 4331 588 4389 Sed
606 4351 700 4406 neque
720 4332 794 4388 illud
812 4333 958 4405 probabile
978 4343 1031 4404 est,
1050 4337 1185 4406 quoniam
1206 4343 1409 4390 caeterorum
