2904 4798
328 229 470 295 CAPUT
490 229 552 295 v1.
574 229 652 296 vlt.
676 228 731 311 (A.
743 229 782 297 U.
800 231 872 298 ⁷85.
897 231 935 298 n.
949 230 984 297 C.
998 232 1067 310 32.)
1244 233 1306 301 483

83 396 248 459 consultis
279 399 410 462 animus
437 387 651 464 dilaceretur.
706 398 837 482 Quippe
857 397 1034 461 Tiberium
1063 417 1129 462 non
1160 401 1306 480 fortuna,

86 499 155 542 non
182 479 379 544 solitudines
413 482 644 571 protegebant,
677 483 758 565 quin
785 489 953 546 wrmenta
990 484 1139 566 pectoris
1166 501 1307 566 suasque

84 565 158 646 ipse
178 583 300 646 poenas
321 567 495 630 fateretur.

158 686 183 737 l.
203 681 272 735 Nan
290 681 335 736 bia
350 683 443 737 ontis
460 697 574 738 asom
591 689 641 746 eet,
660 685 698 738 ef.
718 681 797 739 Suet.
816 681 881 739 Tib.
901 700 925 737 c.
943 685 988 742 st.
1008 682 1148 750 „Huatius
1161 685 1306 754 opinatur,

85 751 159 807 haec
177 753 330 824 scripsisse
354 753 506 810 Tiberium
529 763 653 826 propter
678 765 860 811 senectutem
885 755 990 809 mortis
1024 754 1207 808 adventantis
1233 773 1309 809 nnn-

85 826 170 890 tiam,
190 841 223 878 ea
241 841 311 879 vero
331 843 486 898 perperam
505 828 732 898 interpretatum
751 843 811 882 esse
828 825 971 880 Tacitum.
1008 825 1160 880 lssssentius
1178 827 1309 884 credide-

84 897 155 962 rim,
174 887 227 949 illa
244 899 441 952 eonscientiae
457 898 573 976 flagella
593 917 628 953 es
646 899 761 972 reliqna
780 897 904 970 epistola
928 899 1098 952 innotuisse.
1134 898 1197 952 Nec
1214 899 1309 954 credi·

85 967 156 1032 bile,
175 975 235 1020 tam
254 985 376 1044 gravem
394 969 570 1042 scriptorem
586 970 661 1025 haec
676 978 787 1026 temere
806 969 978 1026 effutiissel‘
1004 969 1084 1022 Bul.
1109 1001 1142 1012 -
1167 971 1309 1038 mnodo:

87 1042 118 1091 in
138 1039 196 1092 MS.
221 1041 335 1107 mondo.
356 1075 389 1084 -
409 1041 451 1092 dii
468 1057 508 1093 me
526 1043 640 1110 deaeque
655 1045 733 1110 petus
748 1043 873 1110 pertun,
891 1043 929 1094 cf.
948 1041 984 1096 ad
1001 1045 1029 1108 4,
1047 1043 1093 1108 38,
1113 1043 1138 1096 1.
1167 1073 1200 1083 -
1217 1042 1311 1108 perire

85 1127 126 1162 sne
143 1109 200 1164 ns.
220 1111 281 1166 edd.
302 1111 366 1166 Ber.
386 1109 477 1165 Rhen.
496 1112 563 1166 Ald.
583 1113 662 1185 Lips.
683 1115 783 1172 l.1ac.
805 1113 896 1168 Gron.
917 1121 946 1167 et
964 1129 1021 1168 rec.
1040 1111 1130 1182 petire
1148 1111 1211 1165 edd.
1230 1113 1309 1184 lips.

85 1186 112 1240 2.
134 1191 163 1237 et
181 1189 235 1238 cet.
255 1183 335 1240 Pich.
355 1184 441 1237 Grut.
461 1185 546 1241 Bern.
566 1183 658 1239 Gron.
675 1185 768 1258 nyss.
788 1187 857 1258 quia
876 1201 915 1238 me
933 1187 964 1238 in
983 1185 1005 1238 1.
1021 1185 1040 1242 l.
1060 1183 1138 1240 Suet.
1158 1185 1308 1238 omissum.
1406 1204 1409 1208 ·

98 1267 116 1308 ¹
156 1291 183 1348 2
203 1289 331 1355 [πέπονα
348 1298 428 1360 alque
444 1291 560 1357 flagitio
577 1283 628 1346 aaa
644 1291 700 1360 ipsi
717 1309 827 1362 wore,
844 1301 879 1346 ut
896 1289 1030 1348 omnibus
1048 1271 1191 1362 improbis
1209 1299 1311 1364 tyran-

87 1363 201 1432 nisque,
221 1361 251 1415 in
267 1363 429 1430 suppliciam
446 1370 591 1426 uerterunt,
611 1366 650 1418 ol.
676 1365 712 1418 ad
729 1367 757 1430 4,
775 1369 819 1420 31.
839 1367 865 1420 2.
887 1393 920 1404 -
938 1379 1018 1432 aeque
1035 1363 1140 1430 pastro
1165 1360 1205 1426 (v.
1218 1363 1254 1418 ad
1267 1368 1311 1428 11,

87 1437 115 1498 7,
127 1433 167 1500 2.)
183 1435 430 1500 praestantissimus
447 1435 608 1503 supientiae,
628 1437 665 1490 oi.
686 1437 721 1490 atl
732 1440 759 1502 3,
770 1439 815 1502 52,
827 1439 850 1491 1.
863 1437 906 1502 ta.
916 1439 962 1501 ts.
975 1441 999 1492 l.
1021 1443 1051 1489 et
1068 1433 1133 1490 lud.
1142 1433 1197 1488 111.
1217 1453 1246 1488 v.
1259 1435 1312 1490 Ge·

86 1505 170 1558 citivi
196 1505 347 1570 qualitatis.
386 1505 447 1571 „1s,
473 1505 576 1572 credo,
602 1506 745 1572 Socrates,
769 1508 852 1560 cuius
896 1523 984 1562 nome
1007 1507 1086 1572 talis,
1113 1523 1258 1561 mannore
1282 1514 1312 1562 et

86 1575 176 1630 cedro
196 1575 224 1628 d‘
248 1594 294 1642 na,
318 1595 363 1648 ap.
382 1577 454 1630 Plat.
474 1577 510 1633 de
527 1595 589 1648 rep.
610 1579 658 1632 tx.
700 1581 783 1636 ,5711
804 1579 847 1634 ed.
890 1577 970 1650 toph.
990 1541 1115 1644 111111.
1134 1580 1245 1648 11214.
1265 1578 1310 1632 ed·

85 1649 152 1718 Bip.
172 1645 205 1704 T.
216 1595 257 1698 li
280 1666 310 1718 p·
330 1649 374 1704 211.
395 1649 439 1703 ed.
459 1649 521 1703 Ast.
559 1649 648 1704 Plura
665 1595 706 1702 iii
725 1649 860 1725 (maguus
878 1651 956 1704 enim
980 1649 1061 1704 locus
1085 1650 1141 1713 est)
1171 1647 1242 1702 huie
1267 1651 1312 1702 rei

86 1719 221 1774 Socrates
241 1717 357 1784 effatur,
377 1737 449 1790 quae
467 1719 586 1774 Tacitus
606 1721 779 1774 contraxit.“
799 1721 876 1786 Lips.
905 1721 986 1786 „Cic
1012 1721 1047 1774 de
1072 1738 1131 1774 sen.
1160 1736 1185 1773 c.
1204 1721 1248 1776 21.
1276 1721 1312 1782 is,

86 1791 135 1858 qui
152 1797 223 1844 esset
240 1790 351 1842 omniun
368 1791 584 1858 sapientissimas
600 1793 711 1846 oraculo
728 1791 870 1860 Apollinis
888 1792 1033 1847 iudicatus.
1054 1789 1098 1844 Cf.
1113 1791 1153 1844 id.
1173 1789 1209 1846 de
1227 1793 1311 1848 amic.

86 1879 116 1915 c.
134 1864 160 1917 2.
181 1869 210 1915 et
228 1860 274 1918 4.“
301 1861 408 1918 Wattt.
442 1895 475 1906 -
501 1864 618 1931 firmare,
647 1862 805 1920 affirmare.
826 1861 870 1915 cf.
891 1863 955 1916 ind.
976 1861 1028 1919 111.
1056 1881 1084 1914 v.
1115 1861 1205 1916 Verbo
1223 1863 1312 1932 simpl.

85 1949 140 2001 pro
157 1949 267 2000 conpos.
289 1964 320 1974 -
341 1934 461 1986 laniatus
479 1941 506 1985 ct
522 1933 594 1988 ictus
613 1967 644 1978 -
666 1939 798 1986 tormento
815 1933 947 1999 pectoris,
966 1935 1005 1988 cf.
1025 1931 1087 1988 Cic.
1107 1933 1143 1986 de
1161 1933 1249 2000 effi,
1268 1936 1311 1990 21.

87 2013 120 2058 et
137 2021 191 2074 pro
209 2005 292 2062 lisso.
306 2003 370 2056 Ain.
390 2023 414 2062 c.
429 2007 473 2061 23,
487 2007 531 2060 24.
552 2004 632 2058 Suet.
652 2006 720 2059 Ner.
741 2007 786 2061 at.
806 2003 872 2058 Sen.
893 2021 938 2076 op.
958 2007 1002 2061 97.
1023 2007 1082 2060 1115.
1102 2002 1171 2057 Sall.
1193 2003 1256 2072 Cat.
1271 2007 1313 2061 11.

88 2075 162 2129 Plat.
183 2076 274 2150 Gorg.
293 2093 322 2146 p.
342 2077 402 2132 stt.
423 2075 458 2128 Ε.
478 2076 572 2146 intpp.
594 2073 749 2130 Claudiani
768 2075 800 2128 in
817 2073 915 2128 liuba.
934 2077 1042 2142 25114.
1061 2073 1311 2146 etWyttenbach.

87 2147 125 2200 de
145 2165 207 2202 sera
226 2147 356 2200 numinis
373 2145 505 2200 vindicta
521 2163 551 2220 p.
570 2147 631 2204 lto.

534 2339 726 2396 caros
778 2339 915 2411 vn.¹

176 2467 265 2532 Tum
286 2471 373 2532 iacta
394 2469 549 2533 Patribus
571 2475 737 2552 potestate
759 2467 928 2531 statuendi
949 2467 991 2532 de
1013 2467 1200 2561 Caeciliano
1221 2486 1314 2534 sena-

89 2563 178 2631 tore,
199 2555 259 2635 qui
281 2553 427 2635 plurima
449 2551 627 2614 adversum
649 2549 780 2614 Cottam
802 2561 1025 2634 prompserat,
1046 2551 1218 2636 placitum,
1240 2571 1314 2616 ean-
1367 2569 1370 2576 ’

90 2635 168 2699 dem
191 2655 330 2718 poenam
352 2637 513 2721 irrogari,
542 2655 639 2718 quarn
661 2637 696 2696 in
717 2635 897 2697 Aruseium
920 2645 954 2698 et
975 2635 1193 2720 Sanquininm
1220 2654 1315 2698 accn-
1432 2701 1435 2706 ,

90 2727 220 2782 satores
242 2719 282 2780 1..
306 2719 473 2782 Arruntii.
516 2717 590 2782 Quo
612 2737 679 2780 non
700 2717 791 2781 aliud
812 2719 1087 2781 honorificentius
1100 2719 1218 2782 Cottae
1239 2737 1315 2784 cve-

91 2805 154 2880 nit,
175 2803 233 2886 qui
253 2801 373 2864 nobilis
394 2801 537 2884 quidem,
558 2799 656 2886 sed-e
680 2821 738 2865 ens
760 2801 802 2864 ob
824 2803 951 2880 luxum,
979 2823 1042 2885 per
1073 2803 1204 2891 flagitia
1231 2803 1316 2864 infa-

91 2887 168 2962 mis,
190 2885 405 2948 sanctissimis
425 2883 583 2946 Arruntii
603 2891 671 2946 arta
694 2905 733 2948 us
755 2883 919 2970 dignitate
940 2883 1080 2948 ultionis
1100 2885 1314 2968 sequabatur.

92 2971 237 3034 Quintus
258 2967 424 3032 Servaeus
446 2967 583 3050 posthac
613 2975 648 3030 et
668 2965 840 3030 Minucius
860 2967 1029 3030 Thermus
1056 2967 1207 3042 inducti;
1239 2967 1316 3031 Ser-

92 3071 196 3116 vaeus
216 3059 376 3134 praetura
397 3053 532 3112 iunctus
554 3059 588 3114 et
609 3047 774 3132 qnondam
791 3051 984 3113 Germanici
999 3069 1120 3129 comes,
1144 3051 1316 3114 Minucius

93 3137 241 3220 equestri
263 3136 347 3212 loco,
369 3133 517 3198 modeste
537 3133 649 3195 habita
670 3133 781 3196 Seiani
802 3135 966 3197 amicitia:
997 3131 1089 3195 unde
1121 3135 1186 3196 illis
1208 3137 1316 3196 maior

93 3219 277 3280 miseratio.
321 3217 448 3280 Contra
472 3215 644 3297 Tiberius,
670 3211 867 3300 praecipuos
899 3213 941 3278 ad
972 3215 1101 3280 scelera
1130 3217 1316 3317 increpans,

94 3301 267 3376 admonuit
289 3299 324 3364 G.
349 3297 498 3363 Cestium
519 3308 661 3384 patrem,
683 3297 796 3386 diceps
817 3301 959 3378 senatui,
980 3320 1064 3384 qnae
1084 3300 1149 3364 sibi
1165 3301 1316 3383 scripsis-

94 3395 163 3462 set3
184 3386 395 3468 suscepitque
418 3383 549 3448 Cestius
570 3385 823 3448 accusationem.
867 3381 963 3448 Quod
984 3385 1126 3446 maximo
1147 3383 1317 3446 exitiabile

95 3470 205 3534 tulere
235 3469 292 3531 illa
314 3478 477 3549 tempora,
508 3487 610 3550 quum
632 3467 798 3551 primores
819 3475 954 3532 senatos
975 3467 1104 3530 infimas
1129 3466 1234 3530 'etiam
1261 3465 1317 3530 de·

95 3555 238 3614 tationes
260 3560 464 3630 exercerent,
485 3549 544 3612 alii
564 3550 749 3633 propalam,
778 3548 879 3610 multi
906 3567 968 3630 per
988 3550 1174 3612 occultums
1212 3567 1318 3634 neque

95 3635 304 3699 discerneres
326 3635 453 3697 alienos
473 3653 493 3696 a
513 3635 708 3712 coniunctis,
730 3634 854 3696 amicos
874 3631 916 3694 ab
937 3633 1075 3720 ignotis,
1096 3631 1177 3716 qnid
1197 3651 1317 3716 repens

96 3727 157 3780 ant
176 3726 343 3782 vetustate
363 3717 554 3782 obscurum.
597 3714 740 3782 Perinde
762 3719 797 3778 in
826 3717 912 3794 foro,
944 3719 980 3778 in
1005 3719 1163 3781 convivio
1191 3733 1318 3798 quaque

95 3801 139 3866 de
159 3821 199 3864 re
219 3802 323 3863 locuti
343 3801 591 3879 incusabantur,
613 3808 652 3862 ut
673 3801 747 3882 quis
768 3801 1020 3884 praevenisset
1041 3817 1135 3882 reum
1150 3795 1319 3860 destinare

95 3893 268 3970 properat,
288 3903 366 3968 pars
387 3883 429 3947 ad
450 3883 717 3960 subsidium'sui,
738 3883 851 3967 plnres
872 3883 987 3945 iniecti
1015 3884 1107 3965 quasi
1127 3881 1318 3944 valetudine

94 3977 131 4032 et
152 3973 316 4030 coaucta.
360 3965 426 4030 Sed
446 3967 615 4030 Minucius
643 3975 677 4028 et
703 3963 867 4029 Servaeus
889 3963 1038 4028 damnati
1070 3961 1236 4026 indicibus
1264 3983 1317 4027 ac-

95 4071 236 4114 cessere.
278 4049 460 4131 Tractiqne
481 4059 560 4112 sunt
591 4051 626 4112 in
648 4068 762 4112 casnm
782 4047 924 4113 eundem
953 4047 1059 4110 Iulius
1090 4047 1267 4109 Africanus
1298 4067 1318 4109 o

58 4177 63 4184 -
96 4135 266 4214 Santonis,
287 4133 415 4197 Gallica
437 4135 585 4212 civitate,
618 4131 715 4194 Seius
737 4131 942 4196 Quadratus:
971 4133 1136 4216 originem
1167 4151 1235 4193 non
1263 4148 1316 4194 re-

96 4221 183 4302 peri.
226 4217 343 4301 Neque
363 4237 436 4279 sum
458 4220 605 4304 ignarus,
627 4235 646 4277 a
667 4215 836 4298 plerisque
856 4215 1078 4295 scriptoribus
1097 4213 1217 4276 omissa
1233 4213 1317 4276 mul·

84 4313 213 4366 ‘torum
236 4301 386 4384 pericula
406 4307 441 4364 et
461 4319 595 4383 poenas,
628 4297 708 4361 dnn
729 4299 824 4381 copia
845 4297 1005 4360 fatiscunt
1030 4305 1101 4376 aut,
1131 4317 1215 4380 qnae
1236 4298 1316 4380 ipsis

99 4387 203 4448 nimia
226 4393 259 4448 et
280 4391 403 4448 maesta
423 4387 568 4462 fuerant,
581 4401 631 4446 no
653 4383 727 4465 pari
749 4377 860 4446 taedio
883 4380 1231 4530 lecturosssplpicerenb
1262 4399 1316 4444 se·
