2774 4784
178 211 226 266 xx
641 203 929 274 bisannas

233 387 239 402 '
277 377 379 452 Haec
403 379 525 474 itaque
558 377 639 453 loca
671 379 718 452 ad
750 399 808 448 res
837 375 981 470 egregie
1010 397 1035 444 a
1060 371 1219 446 Traiano
1251 380 1288 442 et
1313 377 1384 448 ant(

141 480 426 576 ‚principatum
467 490 504 550 et
543 481 678 573 primis
714 479 794 550 eius
836 477 942 548 annis
972 476 1013 548 in
1046 473 1245 546 Germania
1278 480 1384 563 gesta

179 589 353 674 spectant.
405 578 490 650 Alia
514 603 602 650 vero
628 581 678 652 ita
704 589 789 650 sunt
813 585 1033 670 comparato,
1057 584 1100 646 ut
1116 572 1265 646 Tacitus
1289 568 1384 642 valdt

178 681 354 752 metuisse
378 679 556 768 videattu,
582 705 629 751 ne
653 679 823 750 interitus
852 677 1014 770 imperii,
1055 672 1186 744 saltem
1219 689 1384 762 maguum

178 777 387 874 periurlum
410 779 587 852 Romanis
611 780 824 850 immineret
848 775 1093 850 aGermanis.
1120 771 1177 844 ct
1197 769 1281 842 Joh.
1301 766 1384 856 Mul

178 878 233 950 ler
257 880 314 950 in:
342 877 789 950 Schweizer-Gescbichte
814 876 859 950 Τ.
878 877 907 948 Ι.
934 900 970 970 p.
988 875 1046 950 67.
1074 874 1130 944 ed.
1155 873 1203 944 11.
1230 880 1268 940 et
1292 863 1384 946 wal

178 977 254 1050 chii
287 977 429 1072 Proleg.
472 981 512 1048 in
547 979 633 1050 Tac.
672 979 759 1072 Agr.
794 1001 830 1071 p.
853 975 971 1050 XLV.
1035 974 1120 1046 Huc
1156 970 1384 1066 potissimuu

166 1079 358 1173 'pertinent
380 1079 492 1148 verba
516 1102 594 1172 cap.
622 1076 680 1152 33.
731 1073 903 1166 Mortem,
930 1094 1078 1169 quaeso,
1094 1067 1283 1164 mrerqae
1308 1079 1384 1162 geu*

176 1175 287 1268 tibae,
327 1177 362 1248 ai
386 1199 457 1250 non
491 1200 595 1250 umor
628 1177 762 1268 nostri,
803 1188 974 1248 atcerte
999 1169 1119 1246 odium
1142 1171 1213 1260 mi,
1251 1162 1384 1262 quoad<

110 1281 115 1296 '
175 1275 397 1372 urgentibus
439 1276 588 1379 imperii
620 1277 718 1369 sotir
757 1271 853 1347 nibil
882 1275 956 1348 ium
986 1284 1191 1374 pmeatare
1225 1265 1264 1342 F
1261 1275 1384 1342 ortuo

175 1375 292 1450 noba
356 1389 454 1448 otest
488 1399 593 1470 quam
624 1373 781 1448 lostam
817 1370 1069 1454 discordium,⁸
1109 1371 1175 1442 sed
1208 1379 1245 1440 et
1275 1379 1384 1440 toton

178 1499 255 1570 cap.
282 1473 343 1549 3.
384 1475 425 1545 in
468 1499 542 1570 quo
573 1475 724 1548 Tacitus
757 1499 803 1545 ex
836 1473 990 1545 historia
1023 1471 1140 1560 docet,
1191 1467 1384 1540 Germanos

177 1575 364 1670 prioribus
395 1575 649 1646 Romanorum
680 1575 838 1646 ducibus
872 1583 909 1644 et
932 1570 1225 1666 Imperatoribus
1261 1569 1384 1664 iudet

177 1675 344 1746 ducentis
369 1675 473 1744 annis
498 1676 633 1746 maiori
657 1670 770 1745 luisse
785 1673 928 1762 terrori,
954 1695 1065 1766 quam
1082 1669 1279 1756 Samnites,
1306 1667 1384 1738 Poe

177 1774 235 1864 ni,
255 1756 426 1868 Hispani,
453 1771 552 1844 Galli
577 1784 614 1846 et
637 1773 767 1844 Parthi
791 1774 958 1861 luissent,
985 1781 1022 1842 et
1047 1767 1296 1862 triumphatos
1322 1789 1384 1852 ura

176 1867 1089 2066 annuntiabunt
1114 1869 1384 2070 illlliiiii

1080 2019 1092 2056 9

178 2073 227 2142 sit
250 2069 373 2166 proles
398 2072 633 2162 rusticorum,
658 2096 735 2142 non
760 2071 987 2143 educationis
1011 2067 1170 2140 mollitie
1194 2075 1231 2136 et
1255 2064 1384 2144 deliciil

177 2171 343 2262 infracta,
381 2171 446 2242 sed
480 2170 715 2264 simplicitate
748 2193 897 2242 morum
925 2177 969 2240 et
998 2168 1192 2238 severitate
1227 2165 1384 2258 corrobop

54 2305 63 2318 -
177 2280 266 2361 rate,
301 2269 481 2342 libertatis
514 2271 776 2361 minutissima,
813 2269 1014 2340 fortissima
1044 2277 1081 2338 et
1104 2264 1384 2366 bellicosissima

180 2370 299 2442 Taciti
330 2393 419 2440 vero
452 2380 575 2440 metus
607 2371 732 2464 augeri
765 2378 909 2463 poterat
951 2378 1166 2460 temporum
1198 2383 1384 2455 rerumqul

97 2557 99 2564 Α
179 2469 391 2540 conditione
415 2479 452 2539 et
477 2467 682 2563 corruptela
705 2491 868 2556 morum,
893 2491 986 2562 quae
1011 2489 1092 2538 mm
1116 2463 1305 2560 publicam
1332 2463 1384 2534 Ro

28 2562 31 2579 ¹
178 2589 377 2640 manorum
415 2569 597 2638 invaserat
638 2569 725 2638 inde
766 2570 812 2637 ab
847 2567 1117 2660 Imperatorum
1155 2563 1384 2658 temporibus

179 2665 236 2739 cf.
262 2673 349 2737 nota
373 2666 408 2740 8.
435 2665 555 2739 et'lu.
1383 2693 1384 2740 l

279 2765 405 2860 Neque
443 2775 567 2836 tamen
604 2767 691 2838 inde
726 2763 996 2858 colligendum,
1047 2763 1148 2860 quod
1181 2759 1291 2834 multi
1331 2761 1384 2840 sib

180 2875 451 2961 persuaserunt,
477 2864 675 2936 consilium
700 2865 820 2937 Taciti
846 2887 890 2935 eo
916 2873 1109 2959 spectasse,
1140 2871 1183 2934 ut
1207 2863 1384 2956 utriusqul

179 2963 312 3060 populi
334 2987 459 3044 mores
485 2975 785 3060 compararentur
809 2975 846 3034 et
871 2961 1050 3034 Germani
1074 2963 1252 3034 Romanis
1284 2961 1384 3034 insta

181 3062 351 3236 atti
369 3062 1293 3236 ttdtffittttttttmtabttmt?
1321 3059 1384 3242 tl

117 3315 120 3324 ·
182 3264 292 3378 cipue
330 3261 368 3334 io
407 3263 622 3357 cognitione
654 3285 775 3334 rerum
809 3258 959 3333 salabre
984 3284 1031 3332 oc
1054 3183 1318 3356 frugiferum?
1334 3275 1384 3330 out

156 3385 240 3436 -ruo
267 3374 304 3434 ta
329 3359 487 3462 exempli
522 3358 738 3434 damnata
774 3360 813 3434 iu
847 3357 989 3433 illustri
1021 3361 1155 3462 posito
1186 3359 1384 3454 commu

181 3461 330 3536 umeri.
382 3457 476 3534 Inde
502 3455 572 3533 tibi
596 3473 751 3556 tuaeque
776 3460 834 3534 rei
854 3457 1032 3560 publicae
1052 3455 1152 3554 qaod
1173 3459 1318 3531 innitere
1343 3461 1384 3532 cd

104 3625 107 3631 ,
212 3561 283 3650 ios,
326 3555 413 3631 inde
442 3556 588 3652 foedum
619 3561 781 3662 inceptu,
819 3555 966 3651 foedam
999 3559 1118 3649 erite,
1161 3553 1261 3653 paud
1292 3559 1384 3631 uitet

235 3661 259 3731 d
284 3683 359 3730 non
384 3659 509 3730 minus
535 3661 623 3730 vitia
648 3659 920 3732 Germanorum
945 3683 1059 3754 quam
1089 3660 1242 3736 virtutes
1267 3658 1316 3728 ab
1342 3665 1384 3740 au

185 3769 285 3832 ctore
315 3757 427 3829 huius
460 3757 578 3829 libelli
612 3759 897 3850 adumbrantur,
943 3769 980 3829 et
1012 3757 1077 3829 illa
1110 3781 1225 3853 aeque
1258 3781 1300 3827 ac
1334 3757 1384 3826 hal

185 3869 284 3948 sunt,
309 3855 429 3952 qualia
454 3857 605 3930 rudium
629 3858 855 3954 populorum
879 3881 960 3928 ease
984 3857 1113 3930 solent
1165 3857 1264 3928 Hinc
1289 3857 1384 3930 etiarl

184 3959 335 4030 Tacitus
359 3959 573 4052 neutiquam
603 3959 713 4028 nimii
738 3959 870 4030 laveris
895 3959 936 4028 in
961 3957 1165 4032 Germanus
1198 3967 1235 4027 et
1260 3955 1384 4038 odiiil

184 4057 372 4129 Rbmanos
396 4057 679 4148 insimulandus,
705 4057 764 4129 vel
789 4057 874 4128 illos
895 4057 1113 4152 propensius
1128 4055 1307 4144 laudasse,
1335 4055 1384 4140 he}

185 4157 351 4228 acerbius
392 4163 429 4226 et
465 4159 693 4229 satiricorum
726 4181 831 4228 more
864 4159 1070 4251 increpasse
1100 4156 1305 4227 censendus
1338 4157 1384 4228 est

186 4253 245 4390 cf,
284 4253 546 4327 Bouterwecii:
597 4255 817 4330 Geschichte
855 4257 920 4328 der
962 4255 1091 4326 Poesie
1138 4257 1216 4329 und
1254 4253 1384 4327 Berede
