2890 4790
193 213 256 280 354
585 205 829 274 ANNALIUM
855 202 938 272 ule.
963 207 1020 276 111.

195 376 305 431 odium.
344 373 420 428 Hinc
439 373 653 442 inexplicabilia
671 389 772 448 propr.
791 373 930 428 dicumtur
947 373 1066 428 vincula
1092 389 1116 426 s.
1142 371 1235 444 laquei
1252 379 1279 425 et
1295 371 1383 425 itinera

194 467 216 506 s.
235 450 314 512 viae3
332 446 436 502 deinde
453 447 566 499 morbus
584 447 658 502 Ptin.
678 465 722 516 ep.
740 448 768 512 ὅ,
786 448 814 500 t.
833 446 965 510 facilitas
977 447 1042 502 hir.
1053 449 1098 512 et,
1116 447 1161 504 61.
1180 443 1270 498 odiam
1285 443 1385 496 inmut-

193 521 232 574 tis
249 517 330 574 MSS.
351 525 381 572 et
398 518 462 572 odd.
482 519 546 572 nie.
565 519 612 583 ³9,
635 521 679 575 tl.
699 518 748 570 ubi
776 525 874 572 tamen
898 518 929 570 in
954 516 1021 572 aliis
1044 517 1158 594 legitur
1173 515 1340 584 inexpiabile,
1360 521 1386 566 ut

194 591 297 646 bellum
314 589 488 658 inexpiabile
509 589 573 646 tir.
593 593 620 656 t,
638 593 684 648 35.
710 591 764 642 Gr.
784 583 851 642 ndis
874 607 904 648 oc
927 583 1081 657 ἄσπειστος,
1108 605 1182 660 mne
1207 587 1291 640 dictio
1310 588 1386 657 petitu

195 670 238 716 est
262 663 297 716 ab
320 663 365 715 ira
390 661 511 716 deorum
535 661 626 714 nullis
651 659 802 715 sacrificiis
826 607 977 732 Psimada,
1004 662 1052 714 cui
1083 677 1212 714 summae
1234 657 1387 712 calarmmu

195 733 288 786 tribui
307 731 444 786 solebant.
477 731 583 808 itaque
600 731 712 786 bellum
728 739 904 802 perpetuum
924 740 955 786 et
972 733 1189 786 internecivum
1210 739 1238 785 et
1254 730 1387 797 inexplica-

194 804 250 856 bile
269 812 298 858 et
316 799 489 872 inexpiabile
506 802 566 857 dici
582 805 705 928 poterit.
1170 800 1173 810 '
1415 805 1416 818 ¹

264 877 290 932 ².
311 875 375 928 Nou
393 875 479 942 aliae,
498 891 526 930 v.
547 875 582 930 ln
602 913 610 926 .
630 875 668 928 11.
690 901 723 912 -
740 873 892 944 populique
909 875 989 928 Rom.
1008 874 1178 928 contumelia
1190 873 1245 927 ΜΒ.
1264 872 1321 927 edd.
1335 871 1387 923 Boi.

195 945 275 1000 Picb.
296 955 403 1000 atreo.
421 945 573 1018 populique
590 945 760 1005 contumelio
778 947 860 1000 iloen.
880 945 943 1002 edd.
964 945 1054 1000 naen.
1074 945 1138 1001 Ald.
1163 946 1199 1000 al.
1228 945 1300 1015 quod
1315 944 1388 995 baud·

193 1019 811 1144 aaraninauraturae
826 1019 961 1142 aare
974 1017 1389 1158 „tututttamcer
1415 1083 1416 1092 ψ

194 1151 310 1226 uocans,
330 1161 407 1230 quod
425 1159 613 1213 latrocinium
633 1167 685 1224 est,
705 1159 826 1232 superbe
839 1161 942 1214 ‘ferens
961 1161 1142 1218 munitiones
1168 1125 1248 1231 pacis
1266 1167 1294 1212 et
1309 1165 1389 1226 postu-

193 1232 252 1286 lata
272 1232 368 1295 adeun
388 1229 485 1300 qualia
501 1229 595 1286 hostis
614 1234 646 1285 in
665 1233 742 1285 iustu
760 1231 839 1285 bello
858 1232 949 1300 solet3
969 1233 1038 1285 lien.
1076 1231 1119 1287 De
1137 1231 1275 1300 Spaeicco
1297 1249 1321 1281 v.
1339 1227 1388 1280 liu.

194 1303 265 1374 epit.
285 1305 327 1360 96.
348 1303 425 1356 Veli.
445 1305 472 1368 2,
490 1305 535 1360 3⁰·
555 1303 594 1356 al.
614 1305 649 1358 de
666 1303 798 1357 Sertorio
816 1303 892 1357 Plut.
913 1303 967 1356 vit.
988 1303 1099 1360 Sertor.
1120 1313 1149 1356 ct
1176 1303 1214 1356 al.
1240 1302 1275 1354 de
1291 1298 1390 1353 blitiri-

192 1375 259 1426 dole
276 1375 341 1427 biv.
361 1373 430 1444 epit.
450 1375 593 1430 76-103.
612 1375 687 1428 Plnt.
707 1375 739 1427 in
757 1373 841 1428 Sulla
859 1383 889 1428 et
906 1373 1030 1448 Appiau.
1050 1375 1080 1427 Β.
1100 1373 1232 1428 Mithrid.
1253 1401 1284 1412 -
1300 1372 1388 1424 leenae

193 1459 240 1499 reo
257 1447 381 1516 publicu,
401 1463 427 1497 v.
448 1445 484 1498 ed
500 1446 529 1512 t,
548 1447 593 1510 lb,
613 1451 639 1501 l.
660 1479 693 1488 -
711 1451 743 1498 ul
760 1453 845 1514 pacto
863 1445 896 1499 in
913 1447 996 1512 fidon
1013 1447 1203 1514 acciperetur,
1222 1463 1250 1500 r.
1268 1444 1390 1508 urant

194 1518 220 1573 l·
241 1535 280 1576 -ιλ
293 1517 386 1586 ipsius
406 1523 500 1572 aulem
517 1517 600 1572 ducis
619 1535 644 1588 q.
663 1531 699 1571 en.
717 1517 871 1586 polii-einr,
891 1521 928 1571 oi.
949 1519 1029 1585 adl,
1048 1521 1076 1582 5,
1095 1522 1122 1574 ⁵.
1141 1517 1320 1583 etthim

564 1677 566 1682 ’
606 1657 801 1714 CAPUT
854 1659 1003 1716 uxxlv.

273 1749 316 1828 Et
342 1767 469 1830 receti
496 1786 535 1828 ea
556 1767 655 1830 venia
682 1769 849 1852 plerique:
880 1788 957 1832 mox
984 1766 1164 1832 aduersum
1185 1775 1275 1830 artes
1293 1748 1389 1826 'recle-

143 1922 146 1928 .
195 1850 314 1912 riualis
335 1849 402 1912 bau
447 1849 600 1912 dissimili
613 1849 712 1912 modo
725 1849 968 1938 belligeratum.
1011 1853 1098 1915 Nam
1112 1851 1270 1935 quiante,
1290 1848 1416 1912 robore,

95 1993 97 1998 .
194 1936 360 1998 exercitus
386 1937 507 2016 impar,
538 1932 674 1995 florendi
701 1935 833 2014 melior,
864 1932 979 2018 plnres
1007 1935 1205 2020 perglobos
1224 1936 1416 1994 incursaret¹

195 2015 412 2100 eluderetque
439 2025 474 2078 et
499 2015 637 2078 insidias
666 2017 766 2082 simul
795 2025 953 2098 tentaret,
985 2023 1054 2079 tres
1081 2021 1243 2094 incessus,
1274 2011 1392 2077 totidem

194 2101 326 2188 agmina
383 2107 533 2162 arantur.
576 2099 623 2160 Ex
650 2101 724 2182 quis
752 2097 929 2165 cornelius
957 2099 1070 2183 Scipio
1099 2102 1228 2186 legatus
1258 2097 1416 2181 praefuit}

117 2245 121 2254 ,
194 2183 340 2270 qna‘pra
385 2185 510 2246 ‘ticin
530 2181 693 2266 Leptinus
716 2191 749 2246 et
770 2185 913 2270 suffugia
926 2181 1183 2254 Garamantum:
1206 2181 1274 2244 alio
1296 2179 1393 2247 latere,

195 2287 237 2329 ne
270 2267 476 2328 Cirtensium
507 2267 584 2351 pagi
620 2266 667 2328 im
691 2285 757 2328 une
795 2269 1030 2346 traherentur,
1068 2268 1245 2349 propriam
1280 2279 1393 2324 maurum

195 2349 332 2412 Blaesus
353 2349 443 2410 filius
465 2347 575 2410 duxit:
597 2369 651 2410 me
675 2351 708 2410 io
730 2369 806 2412 cum
827 2350 966 2414 delectis
988 2350 1122 2412 castella
1150 2359 1184 2410 et
1212 2343 1416 2409 munitiones

194 2431 326 2502 idoneis
346 2432 428 2494 locis
442 2432 621 2513 ¹imponens
642 2429 709 2492 dux
732 2433 803 2514 ipse
822 2435 916 2495 arcta
935 2437 969 2495 et
982 2433 1109 2494 intensa
1127 2432 1281 2493 hostibus
1296 2433 1393 2490 cuncte

197 2519 334 2592 iecerat,
376 2516 444 2592 nia,
466 2532 599 2596 quoquo
620 2515 831 2594 inclinarent,
852 2537 930 2598 pars
951 2517 1060 2598 alique
1082 2517 1201 2578 militis
1218 2512 1350 2578 Romani
1367 2510 1392 2566 in

161 2614 267 2677 .·ore,
298 2537 467 2660 baiulare
494 2607 528 2660 et
555 2615 653 2679 saepe
679 2607 818 2684 atergo
839 2609 930 2675 erat;
961 2601 1123 2682 multique
1145 2617 1185 2660 eo
1206 2594 1305 2660 mmo
1325 2589 1394 2653 caesi

195 2687 254 2742 aut
274 2679 506 2743 circumuenti.
548 2677 645 2741 Tunc
666 2683 876 2763 tripertitum
898 2685 1082 2744 exercitum
1103 2683 1220 2764 plures
1241 2682 1277 2742 in
1298 2691 1395 2738 manu

196 2762 362 2848 dispergit
382 2763 623 2846 praeponitque
651 2765 864 2828 centuriones
893 2767 1032 2828 virtutis
1061 2785 1101 2827 ex
1145 2771 1238 2836 rlae3
1271 2781 1339 2837 nec,
1367 2761 1396 2814 ut

195 2865 268 2908 mos
289 2847 411 2923 iuerat,
431 2853 507 2908 acta
527 2853 652 2910 aestate
673 2847 817 2909 retrahit
837 2848 950 2930 cupias
971 2845 1085 2910 autin
1130 2845 1332 2910 ibet-usculis
1351 2858 1393 2904 ut·
1415 2855 1416 2872 ¹

195 2929 279 2994 teris
310 2929 504 3012 provinciae
531 2930 718 3010 componit,
755 2929 814 2992 sed
847 2939 888 2993 ut
918 2932 954 2992 in
988 2932 1104 2992 limine
1131 2927 1210 2992 belli
1245 2923 1396 3009 dispositis

196 3013 338 3076 castellis
359 3029 425 3094 per
442 3010 612 3094 expeditos
634 3022 668 3074 et
688 3011 906 3076 solitudinum
928 3033 1049 3098 gnaros
1069 3021 1255 3076 mutantem
1272 3007 1395 3090 mapalia
1415 3013 1416 3082 3

196 3093 444 3158 Tacfarinatem
472 3095 710 3176 proturbabat,
742 3095 847 3159 donee
876 3097 983 3158 tratre
1012 3099 1084 3160 eius
1113 3103 1211 3176 capto
1241 3085 1416 3180 regressui

197 3187 258 3252 est,
293 3180 530 3262 properantius
558 3187 670 3242 tamen
699 3197 796 3261 quem
823 3197 864 3240 ex
890 3180 1036 3244 utilitate
1057 3181 1240 3252 sociorum,
1272 3173 1416 3256 relictio}

147 3321 150 3326 .
191 3281 259 3344 ‚per
280 3283 362 3344 quos
384 3269 578 3348 resurgeret
598 3260 728 3326 bellum.
771 3261 837 3325 Sed
858 3261 1029 3341 Tiberius,
1050 3282 1113 3344 pro
1133 3263 1287 3324 conlecto
1308 3259 1394 3318 inter·

197 3351 360 3426 pretatur,
391 3343 427 3406 id
454 3363 583 3426 quoque
603 3341 721 3407 Blaeso
750 3345 885 3421 tribuit,
916 3355 956 3407 ut
981 3349 1156 3426 imperator
1181 3363 1202 3404 a
1219 3339 1416 3430 legionibus}

198 3427 403 3490 salutaretur
423 3429 535 3509 prisco
556 3447 637 3514 erga
656 3425 757 3490 duces
780 3427 920 3507 honore,
941 3431 998 3511 qni
1013 3429 1096 3492 bene
1113 3435 1205 3514 geete
1223 3421 1416 3508 republica}

73 3537 78 3544 ·
197 3509 321 3596 gaudio
341 3518 376 3572 et
396 3511 524 3592 impeta
550 3510 689 3572 victoris
716 3514 883 3573 exercitus
910 3513 1220 3583 conclamabantur5
1254 3513 1416 3584 erantque

197 3595 311 3674 plures
343 3593 441 3653 simul
471 3591 705 3736 Imperatores,
737 3613 798 3656 nec
824 3613 926 3676 super
952 3601 1141 3667 umerorum
1167 3592 1416 3674 ementiundo

199 3674 372 3752 Concussit
398 3675 516 3758 quibus
540 3695 593 3736 am
622 3683 656 3737 et
674 3677 845 3764 Angustus
870 3676 905 3738 id
934 3679 1130 3742 vocabulum
1151 3693 1189 3738 ac
1209 3687 1291 3738 tunc
1311 3669 1416 3744 Tibe·¹

198 3761 271 3822 ciue
292 3759 410 3822 blaeso
433 3765 647 3840 postremum.
709 3771 711 3777 ’
1415 3789 1416 3794 1

270 3873 295 3924 l.
315 3869 351 3922 Et
369 3867 477 3938 recepti
494 3869 526 3922 in
543 3867 638 3923 fidem.
658 3901 691 3914 -
710 3885 743 3923 eo
761 3871 852 3938 uenia,
872 3871 911 3924 cl.
931 3869 993 3922 lnd.
1006 3869 1062 3926 111.
1080 3885 1109 3923 v.
1121 3867 1250 3922 Attalici
1268 3863 1397 3922 Suberant.
1415 3871 1416 3924 ξ

199 3940 330 3998 obsonet.
351 3973 384 3984 -
403 3941 476 3994 Mon
492 3941 641 3994 adeersum
656 3947 735 3995 artes
755 3969 785 3980 -
805 3942 1019 4011 belligeratum.-
1037 3941 1153 3994 brevius
1172 3939 1295 3994 dixisset
1313 3935 1416 3990 livius¹

199 4027 264 4066 mox
284 4011 456 4081 Tacfarinas
473 4011 535 4065 suis
553 4013 665 4068 artibus
689 4013 805 4081 petitae,
830 4021 865 4068 ut
887 4013 922 4066 de
947 4013 1040 4066 simili
1062 4011 1182 4065 bomine
1205 4011 1283 4064 dixit
1300 4011 1345 4071 tl,
1368 4003 1416 4074 lt,

199 4085 251 4155 qui
270 4085 351 4138 locus
369 4085 487 4139 videtur
505 4099 566 4139 esse
583 4085 689 4139 fundus
708 4085 867 4140 sententiae
886 4085 1090 4152 cornelianae,
1107 4083 1177 4138 Ern.
1197 4081 1234 4134 At
1246 4097 1307 4134 nou
1320 4075 1416 4130 multo

200 4154 350 4208 verbosior
367 4155 494 4210 Tacitus.
527 4187 560 4198 -
588 4155 689 4208 robore
715 4157 857 4210 exercilus
883 4155 987 4226 impar,
1024 4155 1144 4222 furandi
1169 4153 1283 4218 melior,
1311 4157 1342 4202 ut
1365 4147 1416 4218 12,

128 4280 133 4286 ,
198 4229 242 4282 33.
279 4225 448 4279 Garactncus
467 4233 540 4292 cetu,
560 4225 685 4279 locorum
701 4229 803 4292 froude
818 4227 912 4296 peior,
930 4229 961 4281 oi
977 4225 1102 4280 rnilitum
1118 4225 1252 4294 inferior,
1272 4220 1416 4284 translatu

199 4295 299 4347 tellum
317 4295 346 4347 in
365 4296 527 4350 Ordouicas.
565 4297 691 4352 Verbum
709 4299 830 4364 furandi
847 4307 957 4370 spectat
975 4297 1010 4352 ad
1028 4305 1115 4363 artes,
1144 4295 1263 4352 insidias
1283 4303 1314 4348 et
1331 4307 1416 4372 crept·¹
