2890 4790
180 231 338 298 ·CAPUT
358 222 484 300 XXVI.
505 230 649 298 xxvu.
685 231 738 310 (Δ.
761 231 799 299 U.
821 233 892 300 777.
926 234 964 296 A.
988 231 1023 297 C.
1048 235 1114 317 74.)
1202 239 1266 308 375

51 395 223 474 θριαμβικὴν
239 397 342 466 ἐσθῆτα
360 397 401 454 id.
439 398 519 486 Tagp
533 399 615 470 picta
631 405 694 488 stu,
712 415 783 484 quse
800 399 926 488 plicatam
942 401 988 456 rei
1006 418 1028 457 s.
1038 403 1173 458 animalis
1192 403 1266 480 figa-
1360 481 1362 487 y

52 491 116 557 ram
133 473 311 526 accinctam
328 477 416 596 stpue
433 488 529 525 sareas
547 478 598 558 apt
620 487 711 524 sarus
736 471 797 525 filas
820 479 963 558 nutantem
987 481 1017 527 at
1034 489 1200 547 expressam
1219 493 1268 530 ex·
1352 511 1354 519 ι

52 543 187 610 lubcbsts
203 542 325 600 Salmas.
345 561 362 597 a
398 541 482 598 flav.
500 543 616 614 Vopisc.
635 558 662 596 c.
680 545 727 600 70.
752 541 798 600 Gi.
817 543 894 598 l’lsn.
912 547 940 609 8,
956 547 1002 602 te.

467 681 658 740 CAPUT
701 685 849 742 xxv11.

104 859 108 870 ,
137 791 259 859 Eadem
279 801 403 860 aestate
424 799 514 856 mota
542 811 603 876 per
624 791 755 856 Italiam
784 793 914 858 servilis
943 793 1022 858 belli
1049 796 1174 858 semina
1199 798 1268 858 fors

54 881 231 963 oppressit.
278 879 406 942 Auctor
430 875 594 938 tumultus
616 873 657 940 Τ.
680 873 858 956 Curtisius,
886 876 1050 962 quondam
1079 881 1269 960 praetoriae

53 963 204 1026 cohortis
226 963 333 1038 miles,
355 963 465 1043 primo
486 959 635 1022 coetibus
657 959 980 1043 clandestinis‘apud
1000 959 1215 1023 Brundisium
1236 971 1270 1026 et

54 1047 269 1108 circumiecta
292 1041 423 1126 oppida,
444 1059 520 1104 mox
542 1043 659 1126 positis
680 1043 855 1126 propalam
878 1043 998 1106 libellis
1019 1042 1061 1106 ad
1082 1044 1270 1106 libertatem

53 1129 195 1190 vocabat
216 1128 360 1214 agrestia
382 1145 444 1210 per
464 1127 517 1188 lou
543 1127 658 1208 ‘nquos
679 1127 782 1190 saltus
805 1134 839 1188 et
855 1129 980 1189 ferocia
997 1127 1147 1203 servitia,
1169 1147 1270 1208 quum

53 1213 151 1275 velut
171 1229 310 1273 munere
320 1209 428 1272 Deum
439 1217 509 1272 tres
552 1210 673 1272 irenses
694 1207 907 1292 appuleread
917 1229 997 1272 usus
1015 1211 1271 1274 commeantium

52 1295 112 1358 illo
136 1295 230 1357 mari.
271 1294 313 1354 lit
341 1301 414 1356 erat
434 1289 551 1354 iisdem
578 1311 617 1354 re
642 1293 771 1354 'onibus
793 1290 930 1355 Curtius
958 1293 1012 1354 Lu
1036 1313 1074 1356 us
1103 1301 1271 1374 quaestor,

53 1380 110 1440 cui
130 1377 304 1458 provincia
316 1385 431 1438 vetere
445 1394 485 1436 ex
506 1393 600 1438 more
644 1375 726 1440 alles
741 1383 909 1439 evenerat.
942 1375 986 1454 le,
1008 1312 1167 1458 disposita
1187 1375 1272 1439 clas·

53 1462 236 1524 siariornm
257 1461 365 1542 copia,
393 1465 601 1540 coeptantem
622 1477 723 1542 quum
743 1460 885 1522 maxime
914 1459 1180 1521 coniurationem
1204 1456 1272 1520 dis-

53 1544 152 1616 jecit:
186 1542 368 1620 missusque
388 1560 408 1602 a
428 1537 570 1604 Caesare
590 1561 736 1624 propere
754 1540 865 1602 Staius
887 1541 1043 1603 tribunus
1064 1559 1140 1602 cnm
1161 1537 1273 1602 valida

53 1641 158 1684 manu
179 1620 295 1683 ducem
317 1623 427 1702 ipsum
449 1628 483 1682 et
504 1625 671 1702 proximos
700 1623 839 1686 audacia
866 1623 903 1684 in
923 1621 1046 1686 Urbem
1073 1625 1178 1687 traxit
1204 1625 1273 1684 iam

53 1703 221 1786 trepidam
244 1703 286 1766 ob
299 1701 546 1765 multitudinem
557 1703 772 1782 familiarum,
794 1723 876 1787 qnae
893 1705 1052 1792 gliscebat
1062 1707 1271 1784 immensum,

54 1791 187 1850 minore
208 1789 243 1848 in
265 1786 336 1848 dies
362 1785 456 1870 plebe
477 1787 632 1873 ingenua.
1061 1795 1066 1814 '

131 1909 157 1962 l.
178 1902 211 1958 T.
231 1901 389 1970 cantatus,
406 1903 533 1958 icrusse
551 1905 704 1970 curtilias,
723 1912 758 1958 ut
775 1909 820 1972 le,
839 1907 883 1963 id·
903 1905 965 1961 Cic.
985 1923 1030 1978 ep.
1049 1905 1085 1959 ad
1103 1906 1163 1960 Ass.
1184 1905 1217 1960 14
1246 1908 1272 1961 e.

55 1983 99 2034 to.
122 1985 151 2030 et
169 1975 256 2040 stitis
273 1975 386 2030 Reium.
407 2007 439 2019 -
474 1975 582 2044 positis
596 1977 746 2045 propalam
762 1977 878 2044 libellis,
897 1995 927 2031 r.
947 1977 982 2032 sd
1001 1983 1027 2042 1,
1047 1978 1074 2042 7,
1094 1980 1121 2034 4.
1142 2003 1175 2014 -
1212 1941 1274 2029 dan·

53 2051 179 2120 ginqaas
196 2047 286 2100 saltas
304 2063 363 2100 nou
381 2045 531 2134 intelligas
558 2046 593 2100 de
611 2047 757 2114 distantia,
789 2048 897 2103 sedda
921 2065 966 2102 am
989 2047 1129 2112 titudine,
1166 2044 1273 2100 Waut

55 2123 103 2177 Cf.
124 2118 160 2174 ad
178 2121 269 2206 143,
289 2123 313 2174 1.
334 2150 367 2161 -
395 2120 504 2186 (massa
521 2117 651 2184 ambitio,
672 2133 779 2173 servos.
799 2118 918 2178 camd.
931 2119 959 2172 ll
978 2157 984 2171 .
1004 2135 1033 2171 s.
1048 2117 1205 2173 Adstracta
1219 2133 1275 2187 pra

55 2195 159 2247 coner.
177 2189 317 2257 {monitio
342 2188 398 2247 MS.
423 2207 477 2260 pro
501 2187 620 2256 feracia.

128 2265 157 2319 7.
186 2261 233 2314 aas·
248 2257 399 2331 provincia
415 2269 508 2316 cetere
525 2277 559 2314 en
575 2276 653 2313 mass
670 2259 766 2315 Galles
784 2267 914 2316 evenerat
933 2277 971 2319 so.
992 2269 1079 2318 sorte.
1112 2259 1156 2318 Cf.
1176 2259 1212 2313 ad
1230 2265 1274 2326 ll,

54 2339 101 2402 71,
127 2337 154 2392 1.
179 2333 273 2388 Galles
297 2331 354 2391 tls.¹
378 2341 408 2387 et
435 2333 497 2390 edd.
528 2341 587 2390 vet.
613 2332 698 2386 Gales
725 2332 787 2386 edd.
819 2333 898 2404 Lips.
929 2331 1011 2386 Pich.
1037 2339 1067 2386 et
1093 2331 1160 2386 dein
1185 2347 1275 2402 paene

55 2421 169 2461 omnes.
206 2405 302 2459 Galles
319 2405 499 2478 interpretor
516 2421 552 2459 ex
569 2404 635 2458 laco
654 2401 733 2457 Suet.
752 2403 806 2457 lul.
826 2421 851 2458 c.
864 2408 905 2461 19.
935 2419 1021 2473 opera
1040 2403 1075 2458 ab
1093 2403 1277 2471 optimatibus

54 2480 249 2542 salussam
264 2475 429 2545 praciacs'ae
446 2476 555 2543 testaris
572 2475 733 2529 cosmatus
748 2475 863 2528 minimi
880 2475 991 2545 negotii
1009 2475 1031 2528 ι’.
1051 2491 1075 2528 e.
1103 2475 1192 2528 situas
1215 2475 1277 2527 cai-

55 2551 156 2620 tesque
173 2549 406 2614 decerneremus,-
422 2555 456 2602 ut
474 2547 634 2618 antiquitus
653 2545 771 2617 quidem
789 2547 876 2600 cultas
894 2547 934 2613 (h.
956 2565 980 2604 a.
1001 2563 1071 2600 curs
1089 2545 1275 2618 publicorum

55 2621 188 2674 ultuum
207 2618 393 2691 colliumque,
412 2619 444 2672 in
462 2619 565 2690 quibus
582 2633 687 2690 pecora
704 2619 895 2690 pascebantur
912 2635 978 2673 uere
989 2617 1087 2689 aliquo
1105 2615 1276 2682 constituto)

54 2691 214 2764 provincia
240 2697 421 2762 quaestorum
437 2691 538 2754 fuerit,
565 2688 712 2743 interdum
740 2697 769 2743 et
787 2691 949 2756 consulum,
982 2691 1007 2742 si
1031 2687 1276 2759 bella'nusqnsm

54 2770 110 2816 aut
127 2761 237 2830 hostis,
255 2759 335 2832 Lips.
363 2761 489 2830 „Recte;
507 2769 537 2815 et
555 2761 618 2832 ipse
629 2757 748 2815 Tacims
763 2777 821 2814 non
834 2761 955 2830 obscure
973 2759 1082 2814 indicat
1100 2760 1189 2816 talem
1206 2775 1279 2830 pro·

54 2835 188 2888 vinciam
207 2831 349 2911 intelligi,
384 2833 497 2906 quando
522 2833 682 2888 Gurtisinm
701 2831 737 2884 ad
761 2831 925 2887 libertatem
943 2849 1061 2890 vocasse
1078 2833 1120 2885 ait
1144 2829 1276 2900 agrestia

51 2923 111 2976 per
138 2904 310 2974 longinquos
335 2905 426 2958 saltate
450 2911 477 2958 st
503 2903 612 2971 ferocia
636 2903 764 2957 seruitia.
802 2903 884 2958 Unde
904 2911 994 2974 patet,
1021 2903 1109 2956 siloas
1135 2909 1162 2956 et
1190 2903 1278 2956 cattas

51 2975 236 3048 prouinciam
253 2978 344 3032 fuisse
361 2978 597 3048 procurationem
616 2975 652 3029 ad
669 2975 852 3060 repurganda
871 2975 935 3029 loca
958 2975 1121 3028 latrociniis
1140 2989 1278 3026 exercen-

54 3049 103 3102 dis
123 3047 345 3102 accommodata.
382 3047 468 3102 ltalia
492 3049 570 3102 enim
594 3054 629 3100 ut
655 3061 734 3099 nunc
757 3054 799 3098 sta
825 3045 897 3099 olim
923 3045 1084 3100 latronibus
1102 3051 1214 3111 vexata,
1247 3051 1279 3098 et

54 3135 163 3173 causae
180 3117 267 3171 buius
286 3119 357 3172 mali
375 3121 485 3190 partim
502 3119 629 3183 eaedem,
649 3116 713 3170 scil.
732 3117 861 3194 regionis
880 3117 953 3171 situs
970 3115 1116 3170 montibus
1136 3115 1278 3185 silvisque

54 3189 219 3254 abundans,
236 3192 346 3276 partim
364 3191 512 3256 menresa,
539 3189 616 3261 apud
633 3196 747 3243 veteres
765 3187 924 3242 multitudo
942 3188 1142 3254 servitiorum,
1160 3185 1279 3240 hodier-

55 3263 106 3316 nis
126 3261 307 3331 temporibus
325 3263 423 3332 princi
445 3279 495 3315 um
513 3268 544 3316 et
560 3277 660 3315 rerum
677 3257 862 3330 publicarum
889 3257 956 3312 illie
973 3257 1070 3330 copia:
1096 3259 1172 3312 unde
1190 3257 1226 3310 iit
1243 3263 1279 3310 ut

54 3333 113 3406 qui
131 3331 354 3402 proscribantur
371 3332 405 3385 ab
422 3279 480 3400 dis,
498 3332 681 3404 recipiantur
698 3329 732 3384 ab
750 3328 814 3383 illis
828 3337 858 3384 et
872 3347 941 3385 mox
958 3327 1112 3384 latrocinia
1124 3335 1280 3384 exerceant
1333 3356 1337 3370 ·

53 3407 95 3460 in
120 3403 266 3460 confiniis.
304 3405 348 3458 Ne
371 3404 407 3458 da
431 3404 498 3457 aliis
525 3403 635 3457 morbis
663 3401 790 3458 dicam.“
824 3401 906 3471 syce.
949 3399 1064 3456 Similia
1093 3399 1280 3472 disputarunt

54 3477 117 3531 lac.
140 3473 232 3530 Gran.
259 3473 337 3529 Brut.
357 3483 387 3529 et
404 3473 502 3530 linrm.
521 3475 557 3530 de
574 3481 649 3529 vect.
668 3471 698 3528 P.
716 3471 750 3526 ll.
767 3491 796 3545 p.
818 3477 877 3528 1⁰⁷.
915 3473 971 3540 „ln
988 3473 1053 3526 loca
1072 3471 1151 3528 Suet.
1166 3471 1222 3526 lul.
1236 3475 1279 3530 19·

53 3561 121 3672 {dd
140 3545 266 3671 qldddlli
285 3543 925 3689 delti'ddenoepdedbndtebtditeqsudddddaepddddmda
941 3543 1209 3682 ddddudhbdadhb'
1234 3543 1281 3668 gi

55 3688 165 3767 ginnas
184 3687 274 3742 silves
323 3705 339 3741 s.
355 3695 384 3742 et
406 3696 556 3743 montosae
581 3705 599 3742 s
625 3695 709 3764 tergo
727 3687 900 3762 Campaniae
922 3704 1023 3742 versus
1041 3703 1120 3742 mare
1143 3701 1281 3756 superum

55 3761 151 3824 sitse3
178 3775 272 3829 neque
291 3759 465 3814 incredibile
482 3767 538 3826 est,
560 3777 593 3814 re
615 3759 697 3814 iones
724 3759 790 3812 illas
813 3757 869 3813 κατ’
895 3755 993 3828 ἐξοχὴν
1014 3759 1134 3813 nomine
1159 3757 1282 3811 Calliam
1365 3779 1376 3793 ·

54 3831 121 3968 tt
163 3831 595 3970 satttttststta.
611 3830 842 3956 tl¹‘:.l⁰²tt.“
871 3829 1105 3957 {tibuit
1122 3829 1283 3954 ”aaut

55 3945 147 4029 sedes
165 3974 268 4026 fuerit.
305 3971 355 4026 Sic
382 3919 461 4028 enlm
485 3975 517 4026 in
534 3973 619 4028 Livio
637 3973 717 4049 lego,
733 3919 822 4026 Pldisss
840 3921 1013 4028 (duonsulibus
1032 3917 1161 4026 casnedi
1180 3977 1210 4024 et
1227 3969 1283 4024 Ts-

56 4053 184 4099 rentum
208 4043 402 4114 praetoribus,
427 4053 457 4100 et
474 4045 519 4107 st,
536 4048 562 4102 3.
600 4044 676 4098 Nero
696 4049 816 4112 praetor
833 4045 995 4100 Saesmlam
1017 4042 1150 4109 sortitur,
1179 4041 1282 4112 quibus

55 4113 242 4188 oppidorum
260 4115 427 4171 nominibus
444 4116 509 4172 locs
528 4116 588 4170 scio
606 4115 737 4193 intelligi
756 4116 864 4172 vicina.
896 4113 995 4171 Veteri
1009 4121 1104 4168 sutem
1116 4129 1149 4168 re
1167 4113 1284 4184 publica

54 4195 132 4243 ante
149 4183 265 4240 Sullam
282 4195 349 4242 octo
366 4197 532 4260 quaestores
551 4194 646 4249 crant,
670 4193 701 4241 et
717 4188 847 4257 primum
864 4187 982 4260 qusidem
1007 4187 1063 4240 dno
1081 4185 1194 4251 orbani,
1217 4186 1284 4256 qni·

54 4261 118 4312 bus
136 4275 161 4311 a.
181 4257 216 4313 U.
234 4260 296 4314 334.
322 4259 378 4314 dac
401 4259 543 4313 militares
565 4258 670 4314 additi:
695 4257 735 4323 (r.
755 4259 820 4314 leis.
839 4263 867 4327 4,
885 4259 943 4326 43.)
966 4257 1013 4312 his
1031 4274 1102 4312 vero
1120 4277 1145 4311 a.
1164 4255 1200 4310 U·
1219 4257 1280 4316 ⁴882

55 4332 131 4404 legs
149 4345 167 4382 s
186 4327 220 4382 G.
239 4325 320 4382 Titio
338 4331 408 4385 trib.
427 4331 471 4401 pl.
490 4335 595 4408 rogata
609 4329 714 4386 adiecti
731 4338 857 4399 quatuor
872 4329 1072 4401 provinciales,
1095 4329 1145 4400 qui
1165 4329 1196 4381 in
1213 4329 1283 4382 tati-
