<?xml version="1.0" encoding="UTF-8"?>
<!DOCTYPE html PUBLIC "-//W3C//DTD XHTML 1.0 Transitional//EN"
    "http://www.w3.org/TR/xhtml1/DTD/xhtml1-transitional.dtd">
<html xmlns="http://www.w3.org/1999/xhtml" xml:lang="en" lang="en">
 <head>
  <title>
</title>
<meta http-equiv="Content-Type" content="text/html;charset=utf-8" />
  <meta name='ocr-system' content='tesseract 3.04.00' />
  <meta name='ocr-capabilities' content='ocr_page ocr_carea ocr_par ocr_line ocrx_word'/>
</head>
<body>
  <div class='ocr_page' id='page_1' title='image "./ccorneliitaciti28tacigoog/ccorneliitaciti28tacigoog_0416.png"; bbox 0 0 2868 4792; ppageno 0'>
   <div class='ocr_carea' id='block_1_1' title="bbox 276 216 1318 304">
    <p class='ocr_par' dir='ltr' id='par_1_1' title="bbox 276 216 1318 304">
     <span class='ocr_line' id='line_1_1' title="bbox 276 216 1318 304; baseline 0.012 -24"><span class='ocrx_word' id='word_1_1' title='bbox 276 216 418 282; x_wconf 83' lang='lat' dir='ltr'>CAPUT</span> <span class='ocrx_word' id='word_1_2' title='bbox 439 217 481 282; x_wconf 85' lang='lat' dir='ltr'><strong>X.</strong></span> <span class='ocrx_word' id='word_1_3' title='bbox 505 217 563 286; x_wconf 90' lang='lat' dir='ltr'><strong>Xl.</strong></span> <span class='ocrx_word' id='word_1_4' title='bbox 601 221 654 298; x_wconf 88' lang='grc' dir='ltr'><strong>(Δ.</strong></span> <span class='ocrx_word' id='word_1_5' title='bbox 672 219 711 286; x_wconf 90' lang='lat' dir='ltr'><strong>U.</strong></span> <span class='ocrx_word' id='word_1_6' title='bbox 730 223 802 290; x_wconf 84' lang='grc'><strong>773.</strong></span> <span class='ocrx_word' id='word_1_7' title='bbox 830 221 868 288; x_wconf 92' lang='lat' dir='ltr'><strong>A.</strong></span> <span class='ocrx_word' id='word_1_8' title='bbox 881 221 916 288; x_wconf 80' lang='lat' dir='ltr'><strong>G.</strong></span> <span class='ocrx_word' id='word_1_9' title='bbox 927 221 994 304; x_wconf 92' lang='grc'><strong>20.)</strong></span> <span class='ocrx_word' id='word_1_10' title='bbox 1172 227 1236 296; x_wconf 62' lang='lat' dir='ltr'><strong><em>m</em></strong></span> <span class='ocrx_word' id='word_1_11' title='bbox 1316 287 1318 292; x_wconf 81' lang='grc'>,</span> 
     </span>
    </p>
   </div>
   <div class='ocr_carea' id='block_1_2' title="bbox 42 379 1271 726">
    <p class='ocr_par' dir='ltr' id='par_1_2' title="bbox 42 379 1271 726">
     <span class='ocr_line' id='line_1_2' title="bbox 44 379 1232 458; baseline 0.008 -21"><span class='ocrx_word' id='word_1_12' title='bbox 44 389 68 437; x_wconf 83' lang='grc'><strong>61</strong></span> <span class='ocrx_word' id='word_1_13' title='bbox 82 379 216 452; x_wconf 83' lang='lat' dir='ltr'><strong>publices,</strong></span> <span class='ocrx_word' id='word_1_14' title='bbox 234 399 300 438; x_wconf 83' lang='lat' dir='ltr'><strong>sues</strong></span> <span class='ocrx_word' id='word_1_15' title='bbox 317 386 467 454; x_wconf 80' lang='lat' dir='ltr'><strong>potestatis</strong></span> <span class='ocrx_word' id='word_1_16' title='bbox 485 387 590 452; x_wconf 82' lang='lat' dir='ltr'><strong>iecere,</strong></span> <span class='ocrx_word' id='word_1_17' title='bbox 610 386 651 440; x_wconf 84' lang='lat' dir='ltr'><strong>ita</strong></span> <span class='ocrx_word' id='word_1_18' title='bbox 668 393 701 439; x_wconf 91' lang='lat' dir='ltr'><strong>nt</strong></span> <span class='ocrx_word' id='word_1_19' title='bbox 719 395 801 442; x_wconf 78' lang='lat' dir='ltr'><strong>extra</strong></span> <span class='ocrx_word' id='word_1_20' title='bbox 818 383 950 444; x_wconf 75' lang='lat' dir='ltr'><strong>ordinem</strong></span> <span class='ocrx_word' id='word_1_21' title='bbox 967 387 1078 446; x_wconf 82' lang='lat' dir='ltr'><strong>velius</strong></span> <span class='ocrx_word' id='word_1_22' title='bbox 1091 387 1232 458; x_wconf 72' lang='lat' dir='ltr'><strong>dicerent,</strong></span> 
     </span>
     <span class='ocr_line' id='line_1_3' title="bbox 44 453 1271 528; baseline 0.006 -20"><span class='ocrx_word' id='word_1_23' title='bbox 44 454 84 508; x_wconf 82' lang='lat' dir='ltr'><strong>vel</strong></span> <span class='ocrx_word' id='word_1_24' title='bbox 136 455 276 508; x_wconf 78' lang='lat' dir='ltr'><strong>rectiones</strong></span> <span class='ocrx_word' id='word_1_25' title='bbox 294 453 447 510; x_wconf 75' lang='lat' dir='ltr'><strong>hsbsmm:</strong></span> <span class='ocrx_word' id='word_1_26' title='bbox 466 456 540 512; x_wconf 84' lang='lat' dir='ltr'><strong>unde</strong></span> <span class='ocrx_word' id='word_1_27' title='bbox 559 457 595 512; x_wconf 91' lang='lat' dir='ltr'><strong>iis</strong></span> <span class='ocrx_word' id='word_1_28' title='bbox 614 474 696 528; x_wconf 84' lang='lat' dir='ltr'><strong>saepo</strong></span> <span class='ocrx_word' id='word_1_29' title='bbox 713 467 743 512; x_wconf 89' lang='lat' dir='ltr'><strong>et</strong></span> <span class='ocrx_word' id='word_1_30' title='bbox 759 458 913 512; x_wconf 85' lang='lat' dir='ltr'><strong>iurisdictio</strong></span> <span class='ocrx_word' id='word_1_31' title='bbox 931 460 1073 516; x_wconf 79' lang='lat' dir='ltr'><strong>tribuitur</strong></span> <span class='ocrx_word' id='word_1_32' title='bbox 1089 469 1120 516; x_wconf 85' lang='lat' dir='ltr'><strong>et</strong></span> <span class='ocrx_word' id='word_1_33' title='bbox 1136 463 1232 528; x_wconf 75' lang='lat' dir='ltr'><strong>segei-</strong></span> <span class='ocrx_word' id='word_1_34' title='bbox 1268 489 1271 496; x_wconf 92' lang='lat'>·</span> 
     </span>
     <span class='ocr_line' id='line_1_4' title="bbox 42 525 1232 606; baseline 0.009 -29"><span class='ocrx_word' id='word_1_35' title='bbox 42 527 81 578; x_wconf 85' lang='lat' dir='ltr'><strong>tio.</strong></span> <span class='ocrx_word' id='word_1_36' title='bbox 139 543 155 578; x_wconf 92' lang='grc'><strong>6</strong></span> <span class='ocrx_word' id='word_1_37' title='bbox 172 533 294 595; x_wconf 87' lang='lat' dir='ltr'><strong>utraque</strong></span> <span class='ocrx_word' id='word_1_38' title='bbox 311 545 339 582; x_wconf 79' lang='lat' dir='ltr'><strong>v.</strong></span> <span class='ocrx_word' id='word_1_39' title='bbox 358 525 428 582; x_wconf 75' lang='lat' dir='ltr'><strong>Ero.</strong></span> <span class='ocrx_word' id='word_1_40' title='bbox 448 527 518 584; x_wconf 81' lang='lat' dir='ltr'><strong>Exc.</strong></span> <span class='ocrx_word' id='word_1_41' title='bbox 538 528 573 580; x_wconf 87' lang='lat' dir='ltr'><strong>ad</strong></span> <span class='ocrx_word' id='word_1_42' title='bbox 590 527 669 603; x_wconf 84' lang='lat' dir='ltr'><strong>Suet.</strong></span> <span class='ocrx_word' id='word_1_43' title='bbox 689 527 768 584; x_wconf 83' lang='lat' dir='ltr'><strong>Caes.</strong></span> <span class='ocrx_word' id='word_1_44' title='bbox 788 533 831 606; x_wconf 73' lang='grc'><strong>43.</strong></span> <span class='ocrx_word' id='word_1_45' title='bbox 856 563 889 574; x_wconf 93' lang='grc'>-</span> <span class='ocrx_word' id='word_1_46' title='bbox 912 531 1002 586; x_wconf 85' lang='lat' dir='ltr'><strong>studia</strong></span> <span class='ocrx_word' id='word_1_47' title='bbox 1017 534 1112 598; x_wconf 79' lang='lat' dir='ltr'><strong>populi</strong></span> <span class='ocrx_word' id='word_1_48' title='bbox 1135 541 1161 586; x_wconf 92' lang='lat' dir='ltr'><strong>ct</strong></span> <span class='ocrx_word' id='word_1_49' title='bbox 1178 533 1232 588; x_wconf 76' lang='lat' dir='ltr'><strong>Pa-</strong></span> 
     </span>
     <span class='ocr_line' id='line_1_5' title="bbox 42 595 1231 726; baseline 0.01 -78"><span class='ocrx_word' id='word_1_50' title='bbox 42 604 98 648; x_wconf 79' lang='lat' dir='ltr'><strong>tren</strong></span> <span class='ocrx_word' id='word_1_51' title='bbox 121 598 153 650; x_wconf 90' lang='lat' dir='ltr'><strong>iu</strong></span> <span class='ocrx_word' id='word_1_52' title='bbox 177 595 390 652; x_wconf 82' lang='lat' dir='ltr'><strong>Germanicum.</strong></span> <span class='ocrx_word' id='word_1_53' title='bbox 427 629 459 642; x_wconf 89' lang='lat'><em>-</em></span> <span class='ocrx_word' id='word_1_54' title='bbox 487 607 582 652; x_wconf 84' lang='lat' dir='ltr'><strong>contro</strong></span> <span class='ocrx_word' id='word_1_55' title='bbox 606 616 643 652; x_wconf 89' lang='lat' dir='ltr'><strong>sc.</strong></span> <span class='ocrx_word' id='word_1_56' title='bbox 671 608 750 654; x_wconf 80' lang='lat' dir='ltr'><strong>rann</strong></span> <span class='ocrx_word' id='word_1_57' title='bbox 777 600 825 656; x_wconf 79' lang='lat' dir='ltr'><strong>vel</strong></span> <span class='ocrx_word' id='word_1_58' title='bbox 844 603 977 726; x_wconf 62' lang='lat' dir='ltr'><strong>,cofiteor</strong></span> <span class='ocrx_word' id='word_1_59' title='bbox 1003 603 1052 658; x_wconf 84' lang='lat' dir='ltr'><strong>rel</strong></span> <span class='ocrx_word' id='word_1_60' title='bbox 1075 604 1231 670; x_wconf 81' lang='lat' dir='ltr'><strong>confidens,</strong></span> 
     </span>
    </p>
   </div>
   <div class='ocr_carea' id='block_1_3' title="bbox 40 663 1273 1520">
    <p class='ocr_par' dir='ltr' id='par_1_3' title="bbox 40 663 1273 1236">
     <span class='ocr_line' id='line_1_6' title="bbox 43 663 1230 740; baseline 0.006 -19"><span class='ocrx_word' id='word_1_61' title='bbox 43 667 115 738; x_wconf 84' lang='lat' dir='ltr'><strong>quale</strong></span> <span class='ocrx_word' id='word_1_62' title='bbox 129 670 251 722; x_wconf 74' lang='lat' dir='ltr'><strong>verbum</strong></span> <span class='ocrx_word' id='word_1_63' title='bbox 269 669 364 724; x_wconf 88' lang='lat' dir='ltr'><strong>intell.</strong></span> <span class='ocrx_word' id='word_1_64' title='bbox 384 687 420 724; x_wconf 81' lang='lat' dir='ltr'><strong>ex</strong></span> <span class='ocrx_word' id='word_1_65' title='bbox 436 687 532 740; x_wconf 85' lang='lat' dir='ltr'><strong>praec.</strong></span> <span class='ocrx_word' id='word_1_66' title='bbox 558 663 679 722; x_wconf 81' lang='lat' dir='ltr'><strong>metiens.</strong></span> <span class='ocrx_word' id='word_1_67' title='bbox 708 670 752 724; x_wconf 81' lang='lat' dir='ltr'><strong>cf.</strong></span> <span class='ocrx_word' id='word_1_68' title='bbox 771 671 833 724; x_wconf 86' lang='lat' dir='ltr'><strong>ind.</strong></span> <span class='ocrx_word' id='word_1_69' title='bbox 852 671 880 724; x_wconf 91' lang='lat'><strong>11</strong></span> <span class='ocrx_word' id='word_1_70' title='bbox 932 691 960 726; x_wconf 81' lang='lat' dir='ltr'><strong>v.</strong></span> <span class='ocrx_word' id='word_1_71' title='bbox 982 671 1098 740; x_wconf 83' lang='lat' dir='ltr'><strong>Ellipeee</strong></span> <span class='ocrx_word' id='word_1_72' title='bbox 1124 693 1168 730; x_wconf 88' lang='lat' dir='ltr'><strong>nr.</strong></span> <span class='ocrx_word' id='word_1_73' title='bbox 1188 679 1230 734; x_wconf 77' lang='lat' dir='ltr'><strong>tt.</strong></span> 
     </span>
     <span class='ocr_line' id='line_1_7' title="bbox 42 741 1231 812; baseline 0.004 -16"><span class='ocrx_word' id='word_1_74' title='bbox 42 768 69 776; x_wconf 97' lang='lat'><em>-</em></span> <span class='ocrx_word' id='word_1_75' title='bbox 89 741 216 796; x_wconf 78' lang='lat' dir='ltr'><strong>Tiberium</strong></span> <span class='ocrx_word' id='word_1_76' title='bbox 234 741 391 808; x_wconf 69' lang='lat' dir='ltr'><strong>spernendis</strong></span> <span class='ocrx_word' id='word_1_77' title='bbox 408 741 553 794; x_wconf 64' lang='lat' dir='ltr'><strong>musonius</strong></span> <span class='ocrx_word' id='word_1_78' title='bbox 570 742 686 794; x_wconf 85' lang='lat' dir='ltr'><strong>volidun</strong></span> <span class='ocrx_word' id='word_1_79' title='bbox 710 759 780 810; x_wconf 88' lang='lat' dir='ltr'><strong>esse,</strong></span> <span class='ocrx_word' id='word_1_80' title='bbox 798 751 831 794; x_wconf 90' lang='lat' dir='ltr'><strong>ut</strong></span> <span class='ocrx_word' id='word_1_81' title='bbox 849 745 876 807; x_wconf 93' lang='grc'><strong>4,</strong></span> <span class='ocrx_word' id='word_1_82' title='bbox 885 747 929 800; x_wconf 88' lang='grc'><strong>37.</strong></span> <span class='ocrx_word' id='word_1_83' title='bbox 950 744 1033 798; x_wconf 81' lang='grc'><strong>6161.</strong></span> <span class='ocrx_word' id='word_1_84' title='bbox 1054 759 1142 812; x_wconf 82' lang='lat' dir='ltr'><strong>preren</strong></span> <span class='ocrx_word' id='word_1_85' title='bbox 1160 763 1231 811; x_wconf 83' lang='lat' dir='ltr'><strong>esre,</strong></span> 
     </span>
     <span class='ocr_line' id='line_1_8' title="bbox 42 811 1232 882; baseline 0.006 -18"><span class='ocrx_word' id='word_1_86' title='bbox 42 827 80 864; x_wconf 85' lang='lat' dir='ltr'><strong>scs</strong></span> <span class='ocrx_word' id='word_1_87' title='bbox 103 827 240 882; x_wconf 88' lang='lat' dir='ltr'><strong>spernere</strong></span> <span class='ocrx_word' id='word_1_88' title='bbox 263 811 399 868; x_wconf 77' lang='lat' dir='ltr'><strong>celeres.</strong></span> <span class='ocrx_word' id='word_1_89' title='bbox 417 828 508 882; x_wconf 88' lang='lat' dir='ltr'><strong>posse.</strong></span> <span class='ocrx_word' id='word_1_90' title='bbox 537 839 570 850; x_wconf 93' lang='lat'>-</span> <span class='ocrx_word' id='word_1_91' title='bbox 588 813 766 866; x_wconf 82' lang='lat' dir='ltr'><strong>conscientiae</strong></span> <span class='ocrx_word' id='word_1_92' title='bbox 784 813 877 866; x_wconf 82' lang='lat' dir='ltr'><strong>notris</strong></span> <span class='ocrx_word' id='word_1_93' title='bbox 894 814 1016 870; x_wconf 78' lang='lat' dir='ltr'><strong>ineenset</strong></span> <span class='ocrx_word' id='word_1_94' title='bbox 1033 831 1101 880; x_wconf 90' lang='lat' dir='ltr'><strong>esee,</strong></span> <span class='ocrx_word' id='word_1_95' title='bbox 1119 825 1153 870; x_wconf 88' lang='lat' dir='ltr'><strong>ut</strong></span> <span class='ocrx_word' id='word_1_96' title='bbox 1170 833 1232 872; x_wconf 84' lang='lat' dir='ltr'><strong>cce·</strong></span> 
     </span>
     <span class='ocr_line' id='line_1_9' title="bbox 40 883 1273 954; baseline 0.005 -19"><span class='ocrx_word' id='word_1_97' title='bbox 40 883 142 936; x_wconf 84' lang='lat' dir='ltr'><strong>scientia</strong></span> <span class='ocrx_word' id='word_1_98' title='bbox 161 883 279 948; x_wconf 76' lang='lat' dir='ltr'><strong>illigare</strong></span> <span class='ocrx_word' id='word_1_99' title='bbox 298 887 340 950; x_wconf 87' lang='grc'><strong>16,</strong></span> <span class='ocrx_word' id='word_1_100' title='bbox 359 886 402 942; x_wconf 96' lang='grc'><strong>61.</strong></span> <span class='ocrx_word' id='word_1_101' title='bbox 437 883 482 936; x_wconf 90' lang='lat' dir='ltr'><strong>Ad</strong></span> <span class='ocrx_word' id='word_1_102' title='bbox 505 900 566 938; x_wconf 75' lang='lat' dir='ltr'><strong>rein</strong></span> <span class='ocrx_word' id='word_1_103' title='bbox 591 885 629 936; x_wconf 87' lang='lat' dir='ltr'><strong>cl.</strong></span> <span class='ocrx_word' id='word_1_104' title='bbox 650 887 677 947; x_wconf 85' lang='grc'><strong>2,</strong></span> <span class='ocrx_word' id='word_1_105' title='bbox 697 887 738 938; x_wconf 93' lang='grc'><strong>77.</strong></span> <span class='ocrx_word' id='word_1_106' title='bbox 758 887 801 942; x_wconf 84' lang='grc'><strong>82.</strong></span> <span class='ocrx_word' id='word_1_107' title='bbox 821 885 961 938; x_wconf 88' lang='lat' dir='ltr'><strong>-iudice</strong></span> <span class='ocrx_word' id='word_1_108' title='bbox 985 887 1020 938; x_wconf 83' lang='lat' dir='ltr'><strong>st</strong></span> <span class='ocrx_word' id='word_1_109' title='bbox 1046 903 1097 940; x_wconf 86' lang='lat' dir='ltr'><strong>uec</strong></span> <span class='ocrx_word' id='word_1_110' title='bbox 1121 889 1233 954; x_wconf 75' lang='lat' dir='ltr'><strong>facilius</strong></span> <span class='ocrx_word' id='word_1_111' title='bbox 1270 924 1273 930; x_wconf 87' lang='lat'><em>-</em></span> 
     </span>
     <span class='ocr_line' id='line_1_10' title="bbox 41 953 1232 1026; baseline 0.009 -23"><span class='ocrx_word' id='word_1_112' title='bbox 41 954 147 1007; x_wconf 82' lang='lat' dir='ltr'><strong>discem&#39;</strong></span> <span class='ocrx_word' id='word_1_113' title='bbox 175 962 229 1007; x_wconf 89' lang='lat' dir='ltr'><strong>cet.</strong></span> <span class='ocrx_word' id='word_1_114' title='bbox 272 953 386 1008; x_wconf 85' lang='lat' dir='ltr'><strong>Similia</strong></span> <span class='ocrx_word' id='word_1_115' title='bbox 412 953 511 1010; x_wconf 80' lang='lat' dir='ltr'><strong>dixere</strong></span> <span class='ocrx_word' id='word_1_116' title='bbox 530 953 722 1010; x_wconf 66' lang='lat' dir='ltr'><strong>adolescentes</strong></span> <span class='ocrx_word' id='word_1_117' title='bbox 740 955 788 1008; x_wconf 89' lang='lat' dir='ltr'><strong>illi</strong></span> <span class='ocrx_word' id='word_1_118' title='bbox 812 973 856 1026; x_wconf 87' lang='lat' dir='ltr'><strong>sp.</strong></span> <span class='ocrx_word' id='word_1_119' title='bbox 877 957 940 1010; x_wconf 86' lang='lat' dir='ltr'><strong>Liv.</strong></span> <span class='ocrx_word' id='word_1_120' title='bbox 959 959 986 1022; x_wconf 92' lang='grc'><strong>2,</strong></span> <span class='ocrx_word' id='word_1_121' title='bbox 1004 960 1030 1014; x_wconf 91' lang='grc'><strong>3.</strong></span> <span class='ocrx_word' id='word_1_122' title='bbox 1050 955 1100 1012; x_wconf 83' lang='grc'><strong>666</strong></span> <span class='ocrx_word' id='word_1_123' title='bbox 1116 960 1232 1014; x_wconf 82' lang='lat' dir='ltr'><strong>veriora</strong></span> 
     </span>
     <span class='ocr_line' id='line_1_11' title="bbox 42 1025 1233 1100; baseline 0.007 -24"><span class='ocrx_word' id='word_1_124' title='bbox 42 1025 146 1079; x_wconf 88' lang='lat' dir='ltr'><strong>Aristcl.</strong></span> <span class='ocrx_word' id='word_1_125' title='bbox 175 1025 260 1082; x_wconf 80' lang='lat' dir='ltr'><strong>Polis.</strong></span> <span class='ocrx_word' id='word_1_126' title='bbox 280 1029 307 1090; x_wconf 93' lang='grc'><strong>3,</strong></span> <span class='ocrx_word' id='word_1_127' title='bbox 327 1030 368 1080; x_wconf 93' lang='grc'><strong>11.</strong></span> <span class='ocrx_word' id='word_1_128' title='bbox 387 1027 522 1095; x_wconf 76' lang='lat' dir='ltr'><strong>,sanctior</strong></span> <span class='ocrx_word' id='word_1_129' title='bbox 545 1026 624 1100; x_wconf 79' lang='lat' dir='ltr'><strong>regis</strong></span> <span class='ocrx_word' id='word_1_130' title='bbox 651 1035 839 1097; x_wconf 73' lang='lat' dir='ltr'><strong>praeceptors</strong></span> <span class='ocrx_word' id='word_1_131' title='bbox 859 1027 939 1083; x_wconf 85' lang='lat' dir='ltr'><strong>Gron.</strong></span> <span class='ocrx_word' id='word_1_132' title='bbox 959 1035 989 1081; x_wconf 91' lang='lat' dir='ltr'><strong>st</strong></span> <span class='ocrx_word' id='word_1_133' title='bbox 1007 1027 1074 1080; x_wconf 75' lang='lat' dir='ltr'><strong>lires.</strong></span> <span class='ocrx_word' id='word_1_134' title='bbox 1095 1057 1125 1066; x_wconf 99' lang='lat'>-</span> <span class='ocrx_word' id='word_1_135' title='bbox 1146 1030 1233 1084; x_wconf 71' lang='lat' dir='ltr'><strong>odiu</strong></span> 
     </span>
     <span class='ocr_line' id='line_1_12' title="bbox 40 1089 1272 1168; baseline 0.005 -20"><span class='ocrx_word' id='word_1_136' title='bbox 40 1105 60 1148; x_wconf 88' lang='lat' dir='ltr'><strong>et</strong></span> <span class='ocrx_word' id='word_1_137' title='bbox 75 1089 201 1150; x_wconf 67' lang='lat' dir='ltr'><strong>insidiens</strong></span> <span class='ocrx_word' id='word_1_138' title='bbox 228 1097 263 1150; x_wconf 85' lang='lat' dir='ltr'><strong>sd</strong></span> <span class='ocrx_word' id='word_1_139' title='bbox 281 1093 447 1168; x_wconf 75' lang='lat' dir='ltr'><strong>synonyma</strong></span> <span class='ocrx_word' id='word_1_140' title='bbox 464 1099 633 1150; x_wconf 74' lang='lat' dir='ltr'><strong>ecferuntur</strong></span> <span class='ocrx_word' id='word_1_141' title='bbox 650 1115 667 1150; x_wconf 85' lang='lat' dir='ltr'><strong>a</strong></span> <span class='ocrx_word' id='word_1_142' title='bbox 684 1095 769 1151; x_wconf 78' lang='lat' dir='ltr'><strong>noth.</strong></span> <span class='ocrx_word' id='word_1_143' title='bbox 789 1115 816 1168; x_wconf 90' lang='lat' dir='ltr'><strong>p.</strong></span> <span class='ocrx_word' id='word_1_144' title='bbox 834 1099 858 1151; x_wconf 90' lang='grc'><strong>7.</strong></span> <span class='ocrx_word' id='word_1_145' title='bbox 879 1114 937 1152; x_wconf 92' lang='lat' dir='ltr'><strong>non</strong></span> <span class='ocrx_word' id='word_1_146' title='bbox 959 1117 975 1150; x_wconf 90' lang='lat' dir='ltr'><strong>a</strong></span> <span class='ocrx_word' id='word_1_147' title='bbox 993 1099 1084 1154; x_wconf 89' lang='lat' dir='ltr'><strong>nobis.</strong></span> <span class='ocrx_word' id='word_1_148' title='bbox 1110 1133 1143 1144; x_wconf 91' lang='lat'><em>-</em></span> <span class='ocrx_word' id='word_1_149' title='bbox 1162 1101 1234 1168; x_wconf 84' lang='lat' dir='ltr'><strong>cpud</strong></span> <span class='ocrx_word' id='word_1_150' title='bbox 1268 1151 1272 1162; x_wconf 77' lang='grc'><strong>,</strong></span> 
     </span>
     <span class='ocr_line' id='line_1_13' title="bbox 40 1167 1104 1236; baseline 0.003 -17"><span class='ocrx_word' id='word_1_151' title='bbox 40 1170 133 1234; x_wconf 82' lang='lat' dir='ltr'><strong>nultos,</strong></span> <span class='ocrx_word' id='word_1_152' title='bbox 153 1169 179 1220; x_wconf 89' lang='lat' dir='ltr'><strong>si</strong></span> <span class='ocrx_word' id='word_1_153' title='bbox 197 1167 284 1220; x_wconf 83' lang='lat' dir='ltr'><strong>multi</strong></span> <span class='ocrx_word' id='word_1_154' title='bbox 302 1169 376 1236; x_wconf 77' lang='lat' dir='ltr'><strong>sint3</strong></span> <span class='ocrx_word' id='word_1_155' title='bbox 394 1169 459 1224; x_wconf 81' lang='lat' dir='ltr'><strong>Erre.</strong></span> <span class='ocrx_word' id='word_1_156' title='bbox 1100 1167 1104 1178; x_wconf 71' lang='grc'><strong>“</strong></span> 
     </span>
    </p>

    <p class='ocr_par' dir='ltr' id='par_1_4' title="bbox 40 1238 1233 1520">
     <span class='ocr_line' id='line_1_14' title="bbox 98 1238 1231 1308; baseline 0 -14"><span class='ocrx_word' id='word_1_157' title='bbox 98 1242 123 1294; x_wconf 91' lang='grc'><strong>3.</strong></span> <span class='ocrx_word' id='word_1_158' title='bbox 143 1239 227 1292; x_wconf 85' lang='lat' dir='ltr'><strong>linud</strong></span> <span class='ocrx_word' id='word_1_159' title='bbox 243 1240 360 1304; x_wconf 72' lang='lat' dir='ltr'><strong>[allebat</strong></span> <span class='ocrx_word' id='word_1_160' title='bbox 382 1239 523 1304; x_wconf 71' lang='lat' dir='ltr'><strong>Tiberium,</strong></span> <span class='ocrx_word' id='word_1_161' title='bbox 542 1257 570 1290; x_wconf 82' lang='lat' dir='ltr'><strong>v.</strong></span> <span class='ocrx_word' id='word_1_162' title='bbox 588 1238 624 1292; x_wconf 83' lang='lat' dir='ltr'><strong>cd</strong></span> <span class='ocrx_word' id='word_1_163' title='bbox 642 1241 685 1304; x_wconf 90' lang='grc'><strong>16,</strong></span> <span class='ocrx_word' id='word_1_164' title='bbox 704 1241 748 1304; x_wconf 88' lang='grc'><strong>66,</strong></span> <span class='ocrx_word' id='word_1_165' title='bbox 769 1244 791 1294; x_wconf 91' lang='grc'><strong>1.</strong></span> <span class='ocrx_word' id='word_1_166' title='bbox 814 1255 955 1308; x_wconf 80' lang='lat' dir='ltr'><strong>-quoqae</strong></span> <span class='ocrx_word' id='word_1_167' title='bbox 973 1241 1030 1307; x_wconf 86' lang='lat' dir='ltr'><strong>ipse</strong></span> <span class='ocrx_word' id='word_1_168' title='bbox 1048 1241 1120 1306; x_wconf 77' lang='lat' dir='ltr'><strong>[ano</strong></span> <span class='ocrx_word' id='word_1_169' title='bbox 1132 1243 1231 1296; x_wconf 87' lang='lat' dir='ltr'><strong>distro-</strong></span> 
     </span>
     <span class='ocr_line' id='line_1_15' title="bbox 40 1308 1229 1380; baseline 0.009 -20"><span class='ocrx_word' id='word_1_170' title='bbox 40 1308 142 1372; x_wconf 86' lang='lat' dir='ltr'><strong>leretar,</strong></span> <span class='ocrx_word' id='word_1_171' title='bbox 161 1327 191 1364; x_wconf 82' lang='lat' dir='ltr'><strong>v.</strong></span> <span class='ocrx_word' id='word_1_172' title='bbox 209 1308 246 1364; x_wconf 82' lang='lat' dir='ltr'><strong>ad</strong></span> <span class='ocrx_word' id='word_1_173' title='bbox 266 1313 289 1376; x_wconf 92' lang='lat' dir='ltr'><strong>l,</strong></span> <span class='ocrx_word' id='word_1_174' title='bbox 307 1314 333 1376; x_wconf 94' lang='grc'><strong>4,</strong></span> <span class='ocrx_word' id='word_1_175' title='bbox 352 1313 378 1365; x_wconf 79' lang='grc'><strong>3.</strong></span> <span class='ocrx_word' id='word_1_176' title='bbox 399 1319 428 1365; x_wconf 82' lang='grc'><strong>61</strong></span> <span class='ocrx_word' id='word_1_177' title='bbox 446 1309 482 1364; x_wconf 82' lang='lat' dir='ltr'><strong>sd</strong></span> <span class='ocrx_word' id='word_1_178' title='bbox 504 1327 568 1366; x_wconf 84' lang='lat' dir='ltr'><strong>rens</strong></span> <span class='ocrx_word' id='word_1_179' title='bbox 585 1312 660 1366; x_wconf 84' lang='lat' dir='ltr'><strong>coni.</strong></span> <span class='ocrx_word' id='word_1_180' title='bbox 686 1327 747 1380; x_wconf 73' lang='lat' dir='ltr'><strong>cup.</strong></span> <span class='ocrx_word' id='word_1_181' title='bbox 764 1313 792 1366; x_wconf 87' lang='grc'><strong>2.</strong></span> <span class='ocrx_word' id='word_1_182' title='bbox 811 1314 839 1366; x_wconf 97' lang='grc'><strong>4.</strong></span> <span class='ocrx_word' id='word_1_183' title='bbox 858 1314 883 1366; x_wconf 84' lang='grc'><strong>8.</strong></span> <span class='ocrx_word' id='word_1_184' title='bbox 909 1319 938 1365; x_wconf 90' lang='grc'><strong>61</strong></span> <span class='ocrx_word' id='word_1_185' title='bbox 956 1310 1034 1370; x_wconf 82' lang='lat' dir='ltr'><strong>Suet.</strong></span> <span class='ocrx_word' id='word_1_186' title='bbox 1053 1311 1116 1370; x_wconf 86' lang='lat' dir='ltr'><strong>Tib.</strong></span> <span class='ocrx_word' id='word_1_187' title='bbox 1135 1317 1176 1370; x_wconf 87' lang='grc'><strong>62.</strong></span> <span class='ocrx_word' id='word_1_188' title='bbox 1199 1345 1229 1356; x_wconf 91' lang='lat'>-</span> 
     </span>
     <span class='ocr_line' id='line_1_16' title="bbox 40 1380 1233 1453; baseline 0.003 -21"><span class='ocrx_word' id='word_1_189' title='bbox 40 1381 113 1432; x_wconf 73' lang='lat' dir='ltr'><strong>niem</strong></span> <span class='ocrx_word' id='word_1_190' title='bbox 138 1380 207 1435; x_wconf 88' lang='lat' dir='ltr'><strong>inde</strong></span> <span class='ocrx_word' id='word_1_191' title='bbox 228 1383 408 1434; x_wconf 72' lang='lat' dir='ltr'><strong>resuscitan</strong></span> <span class='ocrx_word' id='word_1_192' title='bbox 434 1382 565 1436; x_wconf 84' lang='lat' dir='ltr'><strong>Pisonem</strong></span> <span class='ocrx_word' id='word_1_193' title='bbox 594 1389 619 1433; x_wconf 91' lang='lat' dir='ltr'><strong>et</strong></span> <span class='ocrx_word' id='word_1_194' title='bbox 642 1381 704 1433; x_wconf 80' lang='lat' dir='ltr'><strong>Aine</strong></span> <span class='ocrx_word' id='word_1_195' title='bbox 726 1397 818 1448; x_wconf 80' lang='lat' dir='ltr'><strong>preses</strong></span> <span class='ocrx_word' id='word_1_196' title='bbox 846 1384 907 1438; x_wconf 85' lang='lat' dir='ltr'><strong>eius</strong></span> <span class='ocrx_word' id='word_1_197' title='bbox 935 1385 1022 1448; x_wconf 85' lang='lat' dir='ltr'><strong>audit,</strong></span> <span class='ocrx_word' id='word_1_198' title='bbox 1050 1383 1233 1453; x_wconf 68' lang='lat' dir='ltr'><strong>integramque</strong></span> 
     </span>
     <span class='ocr_line' id='line_1_17' title="bbox 40 1451 904 1520; baseline 0.01 -20"><span class='ocrx_word' id='word_1_199' title='bbox 40 1467 133 1504; x_wconf 77' lang='lat' dir='ltr'><strong>ermen</strong></span> <span class='ocrx_word' id='word_1_200' title='bbox 152 1453 190 1504; x_wconf 87' lang='lat' dir='ltr'><strong>ud</strong></span> <span class='ocrx_word' id='word_1_201' title='bbox 206 1460 324 1506; x_wconf 69' lang='lat' dir='ltr'><strong>rennues</strong></span> <span class='ocrx_word' id='word_1_202' title='bbox 341 1453 465 1520; x_wconf 78' lang='lat' dir='ltr'><strong>restittit,</strong></span> <span class='ocrx_word' id='word_1_203' title='bbox 483 1471 511 1506; x_wconf 86' lang='lat' dir='ltr'><strong>v.</strong></span> <span class='ocrx_word' id='word_1_204' title='bbox 531 1451 567 1506; x_wconf 85' lang='lat' dir='ltr'><strong>ed</strong></span> <span class='ocrx_word' id='word_1_205' title='bbox 584 1457 610 1519; x_wconf 89' lang='lat'><strong>1,</strong></span> <span class='ocrx_word' id='word_1_206' title='bbox 629 1455 656 1519; x_wconf 78' lang='lat'><strong>8,</strong></span> <span class='ocrx_word' id='word_1_207' title='bbox 674 1455 700 1510; x_wconf 97' lang='grc'><strong>6.</strong></span> <span class='ocrx_word' id='word_1_208' title='bbox 721 1455 794 1518; x_wconf 82' lang='grc'><strong>614,</strong></span> <span class='ocrx_word' id='word_1_209' title='bbox 813 1457 859 1519; x_wconf 91' lang='grc'><strong>40,</strong></span> <span class='ocrx_word' id='word_1_210' title='bbox 881 1457 904 1510; x_wconf 89' lang='lat' dir='ltr'><strong>l.</strong></span> 
     </span>
    </p>
   </div>
   <div class='ocr_carea' id='block_1_4' title="bbox 486 1627 781 1686">
    <p class='ocr_par' dir='ltr' id='par_1_5' title="bbox 486 1627 781 1686">
     <span class='ocr_line' id='line_1_18' title="bbox 486 1627 781 1686; baseline 0.01 -4"><span class='ocrx_word' id='word_1_211' title='bbox 486 1627 675 1682; x_wconf 78' lang='lat' dir='ltr'><strong>CAPUT</strong></span> <span class='ocrx_word' id='word_1_212' title='bbox 719 1629 781 1686; x_wconf 80' lang='lat' dir='ltr'><strong>Xl.</strong></span> 
     </span>
    </p>
   </div>
   <div class='ocr_carea' id='block_1_5' title="bbox 39 1735 1236 2566">
    <p class='ocr_par' dir='ltr' id='par_1_6' title="bbox 39 1735 1236 2566">
     <span class='ocr_line' id='line_1_19' title="bbox 112 1735 1234 1822; baseline 0.007 -26"><span class='ocrx_word' id='word_1_213' title='bbox 112 1735 221 1817; x_wconf 88' lang='lat' dir='ltr'><strong>Atque</strong></span> <span class='ocrx_word' id='word_1_214' title='bbox 253 1735 387 1797; x_wconf 88' lang='lat' dir='ltr'><strong>interim</strong></span> <span class='ocrx_word' id='word_1_215' title='bbox 415 1735 545 1798; x_wconf 87' lang='lat' dir='ltr'><strong>Drusus</strong></span> <span class='ocrx_word' id='word_1_216' title='bbox 571 1735 702 1798; x_wconf 86' lang='lat' dir='ltr'><strong>rediens</strong></span> <span class='ocrx_word' id='word_1_217' title='bbox 734 1735 882 1818; x_wconf 81' lang='lat' dir='ltr'><strong>Illyrico,</strong></span> <span class='ocrx_word' id='word_1_218' title='bbox 914 1759 1094 1822; x_wconf 81' lang='lat' dir='ltr'><strong>quanquam</strong></span> <span class='ocrx_word' id='word_1_219' title='bbox 1120 1741 1234 1804; x_wconf 86' lang='lat' dir='ltr'><strong>Patres</strong></span> 
     </span>
     <span class='ocr_line' id='line_1_20' title="bbox 40 1819 1234 1903; baseline 0.007 -26"><span class='ocrx_word' id='word_1_220' title='bbox 40 1822 234 1880; x_wconf 78' lang='lat' dir='ltr'><strong>censuissent</strong></span> <span class='ocrx_word' id='word_1_221' title='bbox 269 1819 311 1880; x_wconf 93' lang='lat' dir='ltr'><strong>ob</strong></span> <span class='ocrx_word' id='word_1_222' title='bbox 344 1826 515 1900; x_wconf 89' lang='lat' dir='ltr'><strong>receptum</strong></span> <span class='ocrx_word' id='word_1_223' title='bbox 546 1819 791 1882; x_wconf 78' lang='lat' dir='ltr'><strong>Maroboduum</strong></span> <span class='ocrx_word' id='word_1_224' title='bbox 818 1828 852 1881; x_wconf 92' lang='lat' dir='ltr'><strong>et</strong></span> <span class='ocrx_word' id='word_1_225' title='bbox 881 1842 942 1883; x_wconf 82' lang='lat' dir='ltr'><strong>res</strong></span> <span class='ocrx_word' id='word_1_226' title='bbox 970 1827 1084 1903; x_wconf 90' lang='lat' dir='ltr'><strong>priore</strong></span> <span class='ocrx_word' id='word_1_227' title='bbox 1112 1832 1234 1885; x_wconf 75' lang='lat' dir='ltr'><strong>aestate</strong></span> 
     </span>
     <span class='ocr_line' id='line_1_21' title="bbox 41 1901 1235 2046; baseline 0.004 -85"><span class='ocrx_word' id='word_1_228' title='bbox 41 1911 147 1984; x_wconf 74' lang='lat' dir='ltr'><strong>gestas,</strong></span> <span class='ocrx_word' id='word_1_229' title='bbox 178 1908 217 1962; x_wconf 88' lang='lat' dir='ltr'><strong>nt</strong></span> <span class='ocrx_word' id='word_1_230' title='bbox 245 1919 346 1963; x_wconf 83' lang='lat' dir='ltr'><strong>ovans</strong></span> <span class='ocrx_word' id='word_1_231' title='bbox 374 1902 488 1978; x_wconf 89' lang='lat' dir='ltr'><strong>iniret,</strong></span> <span class='ocrx_word' id='word_1_232' title='bbox 515 1901 644 2046; x_wconf 52' lang='lat' dir='ltr'><strong>qli-clato</strong></span> <span class='ocrx_word' id='word_1_233' title='bbox 671 1903 798 1964; x_wconf 79' lang='lat' dir='ltr'><strong>honore</strong></span> <span class='ocrx_word' id='word_1_234' title='bbox 818 1901 940 1964; x_wconf 83' lang='lat' dir='ltr'>Urbem</span> <span class='ocrx_word' id='word_1_235' title='bbox 968 1907 1116 1969; x_wconf 85' lang='lat' dir='ltr'><strong>intrsvit.</strong></span> <span class='ocrx_word' id='word_1_236' title='bbox 1158 1905 1235 1968; x_wconf 84' lang='lat' dir='ltr'><strong>Post</strong></span> 
     </span>
     <span class='ocr_line' id='line_1_22' title="bbox 41 1983 1236 2064; baseline 0.004 -21"><span class='ocrx_word' id='word_1_237' title='bbox 41 2001 114 2062; x_wconf 82' lang='lat' dir='ltr'><strong>quse</strong></span> <span class='ocrx_word' id='word_1_238' title='bbox 139 2001 201 2044; x_wconf 87' lang='lat' dir='ltr'><strong>reo</strong></span> <span class='ocrx_word' id='word_1_239' title='bbox 224 1983 262 2045; x_wconf 95' lang='lat' dir='ltr'><strong>L.</strong></span> <span class='ocrx_word' id='word_1_240' title='bbox 284 1983 492 2060; x_wconf 80' lang='lat' dir='ltr'><strong>Arruntium,</strong></span> <span class='ocrx_word' id='word_1_241' title='bbox 560 2031 568 2047; x_wconf 91' lang='lat'><strong>.</strong></span> <span class='ocrx_word' id='word_1_242' title='bbox 588 1985 769 2060; x_wconf 87' lang='lat' dir='ltr'><strong>Vinicium,</strong></span> <span class='ocrx_word' id='word_1_243' title='bbox 790 1983 940 2047; x_wconf 84' lang='lat' dir='ltr'><strong>Asinium</strong></span> <span class='ocrx_word' id='word_1_244' title='bbox 953 1985 1096 2064; x_wconf 82' lang='lat' dir='ltr'><strong>Gallum,</strong></span> <span class='ocrx_word' id='word_1_245' title='bbox 1118 1991 1236 2050; x_wconf 83' lang='lat' dir='ltr'><strong>Aeser-</strong></span> 
     </span>
     <span class='ocr_line' id='line_1_23' title="bbox 40 2065 1234 2152; baseline 0.007 -28"><span class='ocrx_word' id='word_1_246' title='bbox 40 2067 144 2127; x_wconf 88' lang='lat' dir='ltr'><strong>ninum</strong></span> <span class='ocrx_word' id='word_1_247' title='bbox 169 2065 375 2146; x_wconf 83' lang='lat' dir='ltr'><strong>Msrcellum,</strong></span> <span class='ocrx_word' id='word_1_248' title='bbox 405 2065 477 2130; x_wconf 79' lang='lat' dir='ltr'><strong>Seu.</strong></span> <span class='ocrx_word' id='word_1_249' title='bbox 501 2067 692 2149; x_wconf 82' lang='lat' dir='ltr'><strong>Pompeium</strong></span> <span class='ocrx_word' id='word_1_250' title='bbox 714 2075 870 2150; x_wconf 86' lang='lat' dir='ltr'><strong>patronos</strong></span> <span class='ocrx_word' id='word_1_251' title='bbox 892 2073 1030 2150; x_wconf 85' lang='lat' dir='ltr'><strong>petenti,</strong></span> <span class='ocrx_word' id='word_1_252' title='bbox 1058 2071 1162 2152; x_wconf 88' lang='lat' dir='ltr'><strong>iisqne</strong></span> <span class='ocrx_word' id='word_1_253' title='bbox 1184 2069 1234 2132; x_wconf 90' lang='lat' dir='ltr'><strong>di·</strong></span> 
     </span>
     <span class='ocr_line' id='line_1_24' title="bbox 40 2147 1235 2252; baseline 0.007 -44"><span class='ocrx_word' id='word_1_254' title='bbox 40 2168 126 2210; x_wconf 81' lang='lat' dir='ltr'><strong>verse</strong></span> <span class='ocrx_word' id='word_1_255' title='bbox 148 2149 390 2227; x_wconf 79' lang='lat' dir='ltr'><strong>excusantibus,</strong></span> <span class='ocrx_word' id='word_1_256' title='bbox 410 2148 457 2213; x_wconf 88' lang='lat' dir='ltr'><strong>M.</strong></span> <span class='ocrx_word' id='word_1_257' title='bbox 472 2149 620 2231; x_wconf 79' lang='lat' dir='ltr'><strong>Lepidus</strong></span> <span class='ocrx_word' id='word_1_258' title='bbox 638 2157 672 2210; x_wconf 89' lang='lat' dir='ltr'><strong>et</strong></span> <span class='ocrx_word' id='word_1_259' title='bbox 689 2151 726 2212; x_wconf 96' lang='lat' dir='ltr'><strong>L.</strong></span> <span class='ocrx_word' id='word_1_260' title='bbox 742 2147 818 2210; x_wconf 87' lang='lat' dir='ltr'><strong>Piso</strong></span> <span class='ocrx_word' id='word_1_261' title='bbox 844 2157 877 2210; x_wconf 89' lang='lat' dir='ltr'><strong>et</strong></span> <span class='ocrx_word' id='word_1_262' title='bbox 897 2151 1105 2214; x_wconf 88' lang='lat' dir='ltr'><strong>Lividincius</strong></span> <span class='ocrx_word' id='word_1_263' title='bbox 1128 2151 1235 2252; x_wconf 71' lang='lat' dir='ltr'><strong>Regu·</strong></span> 
     </span>
     <span class='ocr_line' id='line_1_25' title="bbox 39 2231 1235 2314; baseline 0.005 -24"><span class='ocrx_word' id='word_1_264' title='bbox 39 2231 82 2292; x_wconf 89' lang='lat' dir='ltr'><strong>lus</strong></span> <span class='ocrx_word' id='word_1_265' title='bbox 101 2234 238 2308; x_wconf 81' lang='lat' dir='ltr'><strong>siluere,</strong></span> <span class='ocrx_word' id='word_1_266' title='bbox 259 2240 389 2294; x_wconf 85' lang='lat' dir='ltr'><strong>arrecta</strong></span> <span class='ocrx_word' id='word_1_267' title='bbox 409 2235 499 2293; x_wconf 88' lang='lat' dir='ltr'><strong>omni</strong></span> <span class='ocrx_word' id='word_1_268' title='bbox 512 2234 659 2308; x_wconf 78' lang='lat' dir='ltr'><strong>civitate,</strong></span> <span class='ocrx_word' id='word_1_269' title='bbox 681 2231 891 2314; x_wconf 87' lang='lat' dir='ltr'><strong>qucntalides</strong></span> <span class='ocrx_word' id='word_1_270' title='bbox 909 2235 1021 2295; x_wconf 87' lang='lat' dir='ltr'><strong>amicis</strong></span> <span class='ocrx_word' id='word_1_271' title='bbox 1035 2233 1235 2313; x_wconf 75' lang='lat' dir='ltr'><strong>Germanioi,</strong></span> 
     </span>
     <span class='ocr_line' id='line_1_26' title="bbox 40 2310 1236 2395; baseline 0.004 -21"><span class='ocrx_word' id='word_1_272' title='bbox 40 2333 111 2394; x_wconf 88' lang='lat' dir='ltr'><strong>quae</strong></span> <span class='ocrx_word' id='word_1_273' title='bbox 132 2313 256 2376; x_wconf 84' lang='lat' dir='ltr'><strong>fiducia</strong></span> <span class='ocrx_word' id='word_1_274' title='bbox 277 2333 352 2375; x_wconf 85' lang='lat' dir='ltr'><strong>reo:</strong></span> <span class='ocrx_word' id='word_1_275' title='bbox 383 2315 478 2376; x_wconf 85' lang='lat' dir='ltr'><strong>setin’</strong></span> <span class='ocrx_word' id='word_1_276' title='bbox 499 2314 729 2378; x_wconf 76' lang='lat' dir='ltr'><strong>cohiberetur</strong></span> <span class='ocrx_word' id='word_1_277' title='bbox 750 2310 917 2395; x_wconf 79' lang='lat' dir='ltr'><strong>premeret</strong></span> <span class='ocrx_word' id='word_1_278' title='bbox 937 2323 1051 2378; x_wconf 79' lang='lat' dir='ltr'><strong>sensus</strong></span> <span class='ocrx_word' id='word_1_279' title='bbox 1077 2337 1154 2378; x_wconf 86' lang='lat' dir='ltr'><strong>suos</strong></span> <span class='ocrx_word' id='word_1_280' title='bbox 1176 2315 1236 2379; x_wconf 81' lang='lat' dir='ltr'><strong>Ti·</strong></span> 
     </span>
     <span class='ocr_line' id='line_1_27' title="bbox 40 2395 1236 2482; baseline 0.004 -26"><span class='ocrx_word' id='word_1_281' title='bbox 40 2395 152 2462; x_wconf 89' lang='lat' dir='ltr'><strong>berius.</strong></span> <span class='ocrx_word' id='word_1_282' title='bbox 195 2397 244 2458; x_wconf 94' lang='lat' dir='ltr'><strong>Ac</strong></span> <span class='ocrx_word' id='word_1_283' title='bbox 266 2405 432 2478; x_wconf 87' lang='lat' dir='ltr'><strong>premeret</strong></span> <span class='ocrx_word' id='word_1_284' title='bbox 451 2398 479 2458; x_wconf 90' lang='lat' dir='ltr'><strong>is</strong></span> <span class='ocrx_word' id='word_1_285' title='bbox 501 2395 588 2458; x_wconf 90' lang='lat' dir='ltr'><strong>haud</strong></span> <span class='ocrx_word' id='word_1_286' title='bbox 609 2398 689 2458; x_wconf 86' lang='lat' dir='ltr'><strong>alins</strong></span> <span class='ocrx_word' id='word_1_287' title='bbox 711 2399 883 2473; x_wconf 85' lang='lat' dir='ltr'><strong>intentior,</strong></span> <span class='ocrx_word' id='word_1_288' title='bbox 911 2401 1060 2481; x_wconf 86' lang='lat' dir='ltr'><strong>populus</strong></span> <span class='ocrx_word' id='word_1_289' title='bbox 1075 2399 1148 2482; x_wconf 87' lang='lat' dir='ltr'><strong>plus</strong></span> <span class='ocrx_word' id='word_1_290' title='bbox 1170 2401 1236 2461; x_wconf 85' lang='lat' dir='ltr'><strong>sibi</strong></span> 
     </span>
     <span class='ocr_line' id='line_1_28' title="bbox 39 2479 1156 2566; baseline 0.01 -29"><span class='ocrx_word' id='word_1_291' title='bbox 39 2480 68 2538; x_wconf 90' lang='lat' dir='ltr'><strong>in</strong></span> <span class='ocrx_word' id='word_1_292' title='bbox 82 2481 275 2562; x_wconf 66' lang='lat' dir='ltr'><strong>*Principem</strong></span> <span class='ocrx_word' id='word_1_293' title='bbox 295 2479 441 2542; x_wconf 74' lang='lat' dir='ltr'><strong>occultae</strong></span> <span class='ocrx_word' id='word_1_294' title='bbox 462 2481 552 2544; x_wconf 90' lang='lat' dir='ltr'><strong>vocis</strong></span> <span class='ocrx_word' id='word_1_295' title='bbox 574 2489 632 2540; x_wconf 83' lang='lat' dir='ltr'><strong>sut</strong></span> <span class='ocrx_word' id='word_1_296' title='bbox 652 2481 828 2561; x_wconf 81' lang='lat' dir='ltr'><strong>suspicacis</strong></span> <span class='ocrx_word' id='word_1_297' title='bbox 849 2481 974 2542; x_wconf 88' lang='lat' dir='ltr'><strong>silentii</strong></span> <span class='ocrx_word' id='word_1_298' title='bbox 994 2485 1156 2566; x_wconf 84' lang='lat' dir='ltr'><strong>permisit.</strong></span> 
     </span>
    </p>
   </div>
   <div class='ocr_carea' id='block_1_6' title="bbox 36 2573 1238 2792">
    <p class='ocr_par' dir='ltr' id='par_1_7' title="bbox 36 2573 1238 2792">
     <span class='ocr_line' id='line_1_29' title="bbox 102 2573 1236 2646; baseline 0.004 -13"><span class='ocrx_word' id='word_1_299' title='bbox 102 2585 126 2636; x_wconf 90' lang='lat'><strong>1.</strong></span> <span class='ocrx_word' id='word_1_300' title='bbox 145 2580 179 2632; x_wconf 84' lang='lat' dir='ltr'><strong>ob</strong></span> <span class='ocrx_word' id='word_1_301' title='bbox 198 2585 326 2646; x_wconf 85' lang='lat' dir='ltr'><strong>receptusn</strong></span> <span class='ocrx_word' id='word_1_302' title='bbox 344 2576 538 2634; x_wconf 83' lang='lat' dir='ltr'><strong>Maroboduum</strong></span> <span class='ocrx_word' id='word_1_303' title='bbox 556 2579 587 2633; x_wconf 90' lang='lat' dir='ltr'><strong>in</strong></span> <span class='ocrx_word' id='word_1_304' title='bbox 603 2573 774 2634; x_wconf 76' lang='lat' dir='ltr'><strong>‘custodiam-</strong></span> <span class='ocrx_word' id='word_1_305' title='bbox 803 2577 847 2634; x_wconf 84' lang='lat' dir='ltr'><strong>Cf.</strong></span> <span class='ocrx_word' id='word_1_306' title='bbox 867 2581 894 2646; x_wconf 87' lang='grc'><strong>2,</strong></span> <span class='ocrx_word' id='word_1_307' title='bbox 912 2584 954 2638; x_wconf 90' lang='grc'><strong>62</strong></span> <span class='ocrx_word' id='word_1_308' title='bbox 983 2585 1026 2639; x_wconf 90' lang='grc'><strong>63.</strong></span> <span class='ocrx_word' id='word_1_309' title='bbox 1053 2590 1082 2638; x_wconf 89' lang='grc'><strong>61</strong></span> <span class='ocrx_word' id='word_1_310' title='bbox 1099 2581 1162 2639; x_wconf 88' lang='lat' dir='ltr'><strong>lud.</strong></span> <span class='ocrx_word' id='word_1_311' title='bbox 1182 2583 1236 2638; x_wconf 89' lang='lat'><strong>111.</strong></span> 
     </span>
     <span class='ocr_line' id='line_1_30' title="bbox 38 2649 1238 2720; baseline 0.004 -18"><span class='ocrx_word' id='word_1_312' title='bbox 38 2669 62 2706; x_wconf 85' lang='grc' dir='ltr'><strong>ι.</strong></span> <span class='ocrx_word' id='word_1_313' title='bbox 86 2649 241 2717; x_wconf 81' lang='lat' dir='ltr'><strong>Perticips&#39;u</strong></span> <span class='ocrx_word' id='word_1_314' title='bbox 258 2649 333 2716; x_wconf 70' lang='lat' dir='ltr'><strong>Pers.</strong></span> <span class='ocrx_word' id='word_1_315' title='bbox 351 2667 424 2719; x_wconf 85' lang='lat' dir='ltr'><strong>paee.</strong></span> <span class='ocrx_word' id='word_1_316' title='bbox 448 2667 502 2719; x_wconf 84' lang='lat' dir='ltr'><strong>pro</strong></span> <span class='ocrx_word' id='word_1_317' title='bbox 520 2653 606 2707; x_wconf 82' lang='lat' dir='ltr'><strong>Subst.</strong></span> <span class='ocrx_word' id='word_1_318' title='bbox 626 2655 709 2704; x_wconf 82' lang='lat' dir='ltr'><strong>obstr.</strong></span> <span class='ocrx_word' id='word_1_319' title='bbox 739 2679 772 2689; x_wconf 90' lang='lat'>-</span> <span class='ocrx_word' id='word_1_320' title='bbox 792 2667 935 2720; x_wconf 81' lang='lat' dir='ltr'><strong>quenquam</strong></span> <span class='ocrx_word' id='word_1_321' title='bbox 953 2653 1048 2706; x_wconf 83' lang='lat' dir='ltr'><strong>Patres</strong></span> <span class='ocrx_word' id='word_1_322' title='bbox 1066 2655 1238 2720; x_wconf 77' lang='lat' dir='ltr'><strong>censuissent,</strong></span> 
     </span>
     <span class='ocr_line' id='line_1_31' title="bbox 36 2721 1236 2792; baseline 0.005 -20"><span class='ocrx_word' id='word_1_323' title='bbox 36 2729 61 2774; x_wconf 86' lang='lat' dir='ltr'><strong>ut</strong></span> <span class='ocrx_word' id='word_1_324' title='bbox 78 2739 157 2774; x_wconf 84' lang='lat' dir='ltr'><strong>scens</strong></span> <span class='ocrx_word' id='word_1_325' title='bbox 175 2722 259 2774; x_wconf 88' lang='lat' dir='ltr'><strong>iniret</strong></span> <span class='ocrx_word' id='word_1_326' title='bbox 277 2721 392 2789; x_wconf 81' lang='lat' dir='ltr'><strong>Urbem,</strong></span> <span class='ocrx_word' id='word_1_327' title='bbox 409 2725 526 2790; x_wconf 84' lang='lat' dir='ltr'><strong>prolato,</strong></span> <span class='ocrx_word' id='word_1_328' title='bbox 544 2723 644 2789; x_wconf 84' lang='lat' dir='ltr'><strong>dilato,</strong></span> <span class='ocrx_word' id='word_1_329' title='bbox 662 2721 762 2776; x_wconf 73' lang='lat' dir='ltr'><strong>bonon</strong></span> <span class='ocrx_word' id='word_1_330' title='bbox 780 2725 922 2778; x_wconf 81' lang='lat' dir='ltr'><strong>orationis</strong></span> <span class='ocrx_word' id='word_1_331' title='bbox 939 2725 1035 2780; x_wconf 81' lang='lat' dir='ltr'><strong>Urbem</strong></span> <span class='ocrx_word' id='word_1_332' title='bbox 1054 2726 1095 2779; x_wconf 88' lang='lat' dir='ltr'><strong>ita</strong></span> <span class='ocrx_word' id='word_1_333' title='bbox 1113 2725 1236 2792; x_wconf 74' lang='lat' dir='ltr'><strong>intrusit,</strong></span> 
     </span>
    </p>
   </div>
   <div class='ocr_carea' id='block_1_7' title="bbox 38 2793 722 2864">
    <p class='ocr_par' dir='ltr' id='par_1_8' title="bbox 38 2793 722 2864">
     <span class='ocr_line' id='line_1_32' title="bbox 38 2793 722 2864; baseline 0.007 -17"><span class='ocrx_word' id='word_1_334' title='bbox 38 2811 61 2849; x_wconf 87' lang='lat' dir='ltr'><strong>r.</strong></span> <span class='ocrx_word' id='word_1_335' title='bbox 79 2793 113 2848; x_wconf 88' lang='lat' dir='ltr'><strong>ad</strong></span> <span class='ocrx_word' id='word_1_336' title='bbox 133 2798 159 2860; x_wconf 90' lang='lat'><strong>1,</strong></span> <span class='ocrx_word' id='word_1_337' title='bbox 179 2795 223 2860; x_wconf 85' lang='grc'><strong>72,</strong></span> <span class='ocrx_word' id='word_1_338' title='bbox 244 2797 267 2849; x_wconf 91' lang='grc'><strong>1.</strong></span> <span class='ocrx_word' id='word_1_339' title='bbox 286 2795 314 2859; x_wconf 89' lang='grc'><strong>2,</strong></span> <span class='ocrx_word' id='word_1_340' title='bbox 332 2795 376 2860; x_wconf 84' lang='grc'><strong>64,</strong></span> <span class='ocrx_word' id='word_1_341' title='bbox 396 2799 420 2850; x_wconf 91' lang='grc'><strong>1.</strong></span> <span class='ocrx_word' id='word_1_342' title='bbox 439 2795 515 2864; x_wconf 88' lang='lat' dir='ltr'><strong>inpr.</strong></span> <span class='ocrx_word' id='word_1_343' title='bbox 535 2793 571 2850; x_wconf 84' lang='lat' dir='ltr'><strong>ad</strong></span> <span class='ocrx_word' id='word_1_344' title='bbox 587 2799 615 2859; x_wconf 87' lang='grc'><strong>3,</strong></span> <span class='ocrx_word' id='word_1_345' title='bbox 634 2797 678 2860; x_wconf 85' lang='grc'><strong>10,</strong></span> <span class='ocrx_word' id='word_1_346' title='bbox 696 2798 722 2852; x_wconf 90' lang='grc'><strong>3.</strong></span> 
     </span>
    </p>
   </div>
   <div class='ocr_carea' id='block_1_8' title="bbox 35 2869 1274 4248">
    <p class='ocr_par' dir='ltr' id='par_1_9' title="bbox 35 2869 1274 4248">
     <span class='ocr_line' id='line_1_33' title="bbox 99 2869 1237 2952; baseline 0.001 -14"><span class='ocrx_word' id='word_1_347' title='bbox 99 2886 126 2938; x_wconf 86' lang='grc' dir='ltr'><strong>ι.</strong></span> <span class='ocrx_word' id='word_1_348' title='bbox 145 2882 212 2936; x_wconf 73' lang='lat' dir='ltr'><strong>rus</strong></span> <span class='ocrx_word' id='word_1_349' title='bbox 230 2895 296 2946; x_wconf 71' lang='grc' dir='ltr'>,ιιι</span> <span class='ocrx_word' id='word_1_350' title='bbox 313 2880 370 2938; x_wconf 87' lang='lat' dir='ltr'><strong>ns.</strong></span> <span class='ocrx_word' id='word_1_351' title='bbox 391 2882 453 2937; x_wconf 78' lang='lat' dir='ltr'><strong>scs.</strong></span> <span class='ocrx_word' id='word_1_352' title='bbox 472 2883 535 2938; x_wconf 78' lang='lat' dir='ltr'><strong>ue</strong></span> <span class='ocrx_word' id='word_1_353' title='bbox 554 2883 632 2936; x_wconf 70' lang='lat' dir='ltr'><strong>etos.</strong></span> <span class='ocrx_word' id='word_1_354' title='bbox 652 2893 681 2938; x_wconf 74' lang='lat' dir='ltr'><strong>se</strong></span> <span class='ocrx_word' id='word_1_355' title='bbox 699 2900 756 2940; x_wconf 71' lang='lat' dir='ltr'><strong>rso.</strong></span> <span class='ocrx_word' id='word_1_356' title='bbox 775 2893 809 2938; x_wconf 75' lang='lat' dir='ltr'><strong>ut</strong></span> <span class='ocrx_word' id='word_1_357' title='bbox 827 2890 853 2951; x_wconf 92' lang='lat'><strong>1,</strong></span> <span class='ocrx_word' id='word_1_358' title='bbox 873 2889 916 2941; x_wconf 79' lang='grc' dir='ltr'><strong>ιι.</strong></span> <span class='ocrx_word' id='word_1_359' title='bbox 935 2889 964 2952; x_wconf 87' lang='lat' dir='ltr'><strong>a,</strong></span> <span class='ocrx_word' id='word_1_360' title='bbox 983 2891 1025 2942; x_wconf 83' lang='grc' dir='ltr'>ιι.</span> <span class='ocrx_word' id='word_1_361' title='bbox 1050 2894 1081 2941; x_wconf 76' lang='lat' dir='ltr'><strong>st</strong></span> <span class='ocrx_word' id='word_1_362' title='bbox 1097 2886 1135 2940; x_wconf 71' lang='lat' dir='ltr'><strong>ss.</strong></span> <span class='ocrx_word' id='word_1_363' title='bbox 1162 2869 1237 2940; x_wconf 69' lang='lat' dir='ltr'><strong>ens.</strong></span> 
     </span>
     <span class='ocr_line' id='line_1_34' title="bbox 38 2951 1237 3027; baseline 0.003 -20"><span class='ocrx_word' id='word_1_364' title='bbox 38 2969 106 3020; x_wconf 69' lang='lat' dir='ltr'><strong>qm</strong></span> <span class='ocrx_word' id='word_1_365' title='bbox 133 2953 197 3008; x_wconf 94' lang='grc'><strong>666.</strong></span> <span class='ocrx_word' id='word_1_366' title='bbox 223 2951 286 3006; x_wconf 86' lang='lat' dir='ltr'><strong>Ber.</strong></span> <span class='ocrx_word' id='word_1_367' title='bbox 312 2952 401 3008; x_wconf 80' lang='lat' dir='ltr'><strong>uhsn.</strong></span> <span class='ocrx_word' id='word_1_368' title='bbox 426 2961 456 3007; x_wconf 91' lang='lat' dir='ltr'><strong>et</strong></span> <span class='ocrx_word' id='word_1_369' title='bbox 478 2954 557 3027; x_wconf 87' lang='lat' dir='ltr'><strong>Lips.</strong></span> <span class='ocrx_word' id='word_1_370' title='bbox 582 2955 705 3026; x_wconf 87' lang='lat' dir='ltr'><strong>priores.</strong></span> <span class='ocrx_word' id='word_1_371' title='bbox 744 2987 777 2998; x_wconf 96' lang='lat'><em>-</em></span> <span class='ocrx_word' id='word_1_372' title='bbox 811 2957 842 3011; x_wconf 83' lang='grc'><strong>1,.</strong></span> <span class='ocrx_word' id='word_1_373' title='bbox 862 2957 1017 3010; x_wconf 79' lang='lat' dir='ltr'><strong>Arruntium</strong></span> <span class='ocrx_word' id='word_1_374' title='bbox 1043 2957 1105 3012; x_wconf 92' lang='grc'><strong>666.</strong></span> <span class='ocrx_word' id='word_1_375' title='bbox 1125 2973 1181 3014; x_wconf 89' lang='lat' dir='ltr'><strong>rec.</strong></span> <span class='ocrx_word' id='word_1_376' title='bbox 1202 2975 1237 3011; x_wconf 84' lang='lat' dir='ltr'><strong>ex</strong></span> 
     </span>
     <span class='ocr_line' id='line_1_35' title="bbox 38 3023 1236 3096; baseline 0.001 -18"><span class='ocrx_word' id='word_1_377' title='bbox 38 3025 142 3078; x_wconf 84' lang='lat' dir='ltr'><strong>emend.</strong></span> <span class='ocrx_word' id='word_1_378' title='bbox 161 3025 227 3078; x_wconf 87' lang='lat' dir='ltr'><strong>Nic.</strong></span> <span class='ocrx_word' id='word_1_379' title='bbox 245 3023 331 3078; x_wconf 82' lang='lat' dir='ltr'><strong>Fabri</strong></span> <span class='ocrx_word' id='word_1_380' title='bbox 350 3033 379 3078; x_wconf 88' lang='lat' dir='ltr'><strong>et</strong></span> <span class='ocrx_word' id='word_1_381' title='bbox 396 3025 495 3096; x_wconf 87' lang='lat' dir='ltr'><strong>Lipsii.</strong></span> <span class='ocrx_word' id='word_1_382' title='bbox 516 3029 553 3080; x_wconf 84' lang='lat' dir='ltr'><strong>cl.</strong></span> <span class='ocrx_word' id='word_1_383' title='bbox 578 3026 614 3080; x_wconf 91' lang='lat' dir='ltr'><strong>ad</strong></span> <span class='ocrx_word' id='word_1_384' title='bbox 634 3032 657 3092; x_wconf 92' lang='grc'><strong>1,</strong></span> <span class='ocrx_word' id='word_1_385' title='bbox 678 3029 720 3089; x_wconf 87' lang='grc'><strong>13,</strong></span> <span class='ocrx_word' id='word_1_386' title='bbox 740 3031 766 3082; x_wconf 90' lang='grc'><strong>1.</strong></span> <span class='ocrx_word' id='word_1_387' title='bbox 789 3027 821 3080; x_wconf 86' lang='grc' dir='ltr'><strong>Τ.</strong></span> <span class='ocrx_word' id='word_1_388' title='bbox 840 3029 952 3086; x_wconf 79' lang='grc' dir='ltr'><strong>Αιτιικ1.</strong></span> <span class='ocrx_word' id='word_1_389' title='bbox 977 3027 1039 3083; x_wconf 88' lang='grc'><strong>666.</strong></span> <span class='ocrx_word' id='word_1_390' title='bbox 1056 3035 1113 3080; x_wconf 80' lang='lat' dir='ltr'><strong>vet.</strong></span> <span class='ocrx_word' id='word_1_391' title='bbox 1141 3059 1173 3070; x_wconf 89' lang='lat'>—</span> <span class='ocrx_word' id='word_1_392' title='bbox 1192 3030 1236 3082; x_wconf 90' lang='lat' dir='ltr'><strong>M.</strong></span> 
     </span>
     <span class='ocr_line' id='line_1_36' title="bbox 42 3095 1236 3168; baseline 0.008 -24"><span class='ocrx_word' id='word_1_393' title='bbox 42 3096 170 3149; x_wconf 76' lang='lat' dir='ltr'><strong>Vinicium</strong></span> <span class='ocrx_word' id='word_1_394' title='bbox 196 3095 300 3166; x_wconf 87' lang='lat' dir='ltr'><strong>scripsi</strong></span> <span class='ocrx_word' id='word_1_395' title='bbox 329 3113 345 3150; x_wconf 93' lang='lat' dir='ltr'><strong>e</strong></span> <span class='ocrx_word' id='word_1_396' title='bbox 372 3097 445 3148; x_wconf 89' lang='lat' dir='ltr'><strong>coni.</strong></span> <span class='ocrx_word' id='word_1_397' title='bbox 482 3097 589 3168; x_wconf 76' lang='lat' dir='ltr'><strong>Ryckii</strong></span> <span class='ocrx_word' id='word_1_398' title='bbox 616 3105 645 3150; x_wconf 89' lang='lat' dir='ltr'><strong>et</strong></span> <span class='ocrx_word' id='word_1_399' title='bbox 668 3095 735 3150; x_wconf 90' lang='lat' dir='ltr'><strong>coll.</strong></span> <span class='ocrx_word' id='word_1_400' title='bbox 761 3100 849 3160; x_wconf 89' lang='grc'><strong>6,16.</strong></span> <span class='ocrx_word' id='word_1_401' title='bbox 877 3097 1024 3151; x_wconf 83' lang='lat' dir='ltr'><strong>Fulnics&#39;uns</strong></span> <span class='ocrx_word' id='word_1_402' title='bbox 1041 3097 1098 3154; x_wconf 89' lang='lat' dir='ltr'><strong>MS.</strong></span> <span class='ocrx_word' id='word_1_403' title='bbox 1122 3106 1195 3152; x_wconf 88' lang='lat' dir='ltr'><strong>testa</strong></span> <span class='ocrx_word' id='word_1_404' title='bbox 1213 3099 1236 3154; x_wconf 94' lang='grc'><strong>1.</strong></span> 
     </span>
     <span class='ocr_line' id='line_1_37' title="bbox 39 3165 1274 3240; baseline 0.004 -21"><span class='ocrx_word' id='word_1_405' title='bbox 39 3166 122 3220; x_wconf 85' lang='lat' dir='ltr'><strong>Grcn.</strong></span> <span class='ocrx_word' id='word_1_406' title='bbox 160 3168 238 3220; x_wconf 82' lang='lat' dir='ltr'><strong>Hinc</strong></span> <span class='ocrx_word' id='word_1_407' title='bbox 267 3169 298 3222; x_wconf 86' lang='grc' dir='ltr'><strong>Τ.</strong></span> <span class='ocrx_word' id='word_1_408' title='bbox 321 3167 455 3222; x_wconf 73' lang='lat' dir='ltr'><strong>Vinicium</strong></span> <span class='ocrx_word' id='word_1_409' title='bbox 479 3165 580 3223; x_wconf 86' lang='lat' dir='ltr'><strong>dedere</strong></span> <span class='ocrx_word' id='word_1_410' title='bbox 607 3169 629 3224; x_wconf 93' lang='grc'><strong>1,</strong></span> <span class='ocrx_word' id='word_1_411' title='bbox 649 3168 738 3220; x_wconf 88' lang='lat' dir='ltr'><strong>Gron.</strong></span> <span class='ocrx_word' id='word_1_412' title='bbox 763 3166 834 3220; x_wconf 83' lang='lat' dir='ltr'><strong>Ero.</strong></span> <span class='ocrx_word' id='word_1_413' title='bbox 858 3167 906 3224; x_wconf 87' lang='lat' dir='ltr'><strong>Ob.</strong></span> <span class='ocrx_word' id='word_1_414' title='bbox 936 3167 965 3222; x_wconf 78' lang='grc'><strong>61</strong></span> <span class='ocrx_word' id='word_1_415' title='bbox 983 3169 1043 3226; x_wconf 79' lang='lat' dir='ltr'><strong>elii.</strong></span> <span class='ocrx_word' id='word_1_416' title='bbox 1080 3169 1238 3240; x_wconf 83' lang='lat' dir='ltr'><strong>Utriusque</strong></span> <span class='ocrx_word' id='word_1_417' title='bbox 1273 3179 1274 3186; x_wconf 77' lang='grc'>’</span> 
     </span>
     <span class='ocr_line' id='line_1_38' title="bbox 38 3238 1239 3310; baseline 0.002 -20"><span class='ocrx_word' id='word_1_418' title='bbox 38 3254 138 3292; x_wconf 83' lang='lat' dir='ltr'><strong>nomen</strong></span> <span class='ocrx_word' id='word_1_419' title='bbox 165 3239 233 3292; x_wconf 87' lang='lat' dir='ltr'><strong>inco</strong></span> <span class='ocrx_word' id='word_1_420' title='bbox 255 3239 357 3294; x_wconf 83' lang='lat' dir='ltr'><strong>citum.</strong></span> <span class='ocrx_word' id='word_1_421' title='bbox 399 3239 547 3294; x_wconf 75' lang='lat' dir='ltr'><strong>Fulcinium</strong></span> <span class='ocrx_word' id='word_1_422' title='bbox 573 3238 635 3294; x_wconf 90' lang='grc'><strong>666.</strong></span> <span class='ocrx_word' id='word_1_423' title='bbox 659 3245 717 3292; x_wconf 82' lang='lat' dir='ltr'><strong>ret.</strong></span> <span class='ocrx_word' id='word_1_424' title='bbox 743 3240 793 3310; x_wconf 88' lang='lat' dir='ltr'><strong>qni</strong></span> <span class='ocrx_word' id='word_1_425' title='bbox 817 3239 919 3296; x_wconf 83' lang='lat' dir='ltr'><strong>saltem</strong></span> <span class='ocrx_word' id='word_1_426' title='bbox 943 3255 1001 3293; x_wconf 89' lang='lat' dir='ltr'><strong>non</strong></span> <span class='ocrx_word' id='word_1_427' title='bbox 1024 3241 1083 3292; x_wconf 82' lang='lat' dir='ltr'><strong>luit</strong></span> <span class='ocrx_word' id='word_1_428' title='bbox 1101 3239 1239 3292; x_wconf 74' lang='lat' dir='ltr'><strong>Fulcinius</strong></span> 
     </span>
     <span class='ocr_line' id='line_1_39' title="bbox 41 3305 1239 3388; baseline 0.001 -26"><span class='ocrx_word' id='word_1_429' title='bbox 41 3309 109 3362; x_wconf 74' lang='grc'><strong>1116.</strong></span> <span class='ocrx_word' id='word_1_430' title='bbox 128 3313 203 3375; x_wconf 67' lang='lat' dir='ltr'><strong>mi,</strong></span> <span class='ocrx_word' id='word_1_431' title='bbox 284 3313 373 3375; x_wconf 85' lang='grc'><strong>3,10.</strong></span> <span class='ocrx_word' id='word_1_432' title='bbox 394 3313 434 3366; x_wconf 89' lang='grc'><strong>13.</strong></span> <span class='ocrx_word' id='word_1_433' title='bbox 456 3311 491 3366; x_wconf 87' lang='lat' dir='ltr'><strong>ll.</strong></span> <span class='ocrx_word' id='word_1_434' title='bbox 510 3315 537 3376; x_wconf 93' lang='grc'><strong>4,</strong></span> <span class='ocrx_word' id='word_1_435' title='bbox 555 3313 598 3366; x_wconf 85' lang='grc'><strong>42</strong></span> <span class='ocrx_word' id='word_1_436' title='bbox 634 3311 761 3363; x_wconf 81' lang='lat' dir='ltr'><strong>Muretus</strong></span> <span class='ocrx_word' id='word_1_437' title='bbox 778 3309 905 3365; x_wconf 77' lang='lat' dir='ltr'><strong>affirmet</strong></span> <span class='ocrx_word' id='word_1_438' title='bbox 931 3311 963 3362; x_wconf 92' lang='lat' dir='ltr'><strong>in</strong></span> <span class='ocrx_word' id='word_1_439' title='bbox 981 3309 1037 3364; x_wconf 84' lang='lat' dir='ltr'><strong>MS.</strong></span> <span class='ocrx_word' id='word_1_440' title='bbox 1065 3309 1124 3388; x_wconf 68' lang='lat' dir='ltr'><strong>legi</strong></span> <span class='ocrx_word' id='word_1_441' title='bbox 1143 3305 1239 3364; x_wconf 78' lang='lat' dir='ltr'><strong>ls’esce·</strong></span> 
     </span>
     <span class='ocr_line' id='line_1_40' title="bbox 37 3379 1239 3446; baseline 0.005 -14"><span class='ocrx_word' id='word_1_442' title='bbox 37 3381 103 3432; x_wconf 81' lang='lat' dir='ltr'><strong>eiess</strong></span> <span class='ocrx_word' id='word_1_443' title='bbox 128 3389 161 3435; x_wconf 86' lang='lat' dir='ltr'><strong>et</strong></span> <span class='ocrx_word' id='word_1_444' title='bbox 185 3379 253 3435; x_wconf 81' lang='lat' dir='ltr'><strong>inde</strong></span> <span class='ocrx_word' id='word_1_445' title='bbox 279 3397 354 3437; x_wconf 86' lang='lat' dir='ltr'><strong>corr.</strong></span> <span class='ocrx_word' id='word_1_446' title='bbox 393 3383 422 3436; x_wconf 78' lang='lat' dir='ltr'><strong>T.</strong></span> <span class='ocrx_word' id='word_1_447' title='bbox 443 3383 575 3436; x_wconf 79' lang='lat' dir='ltr'><strong>Arellium</strong></span> <span class='ocrx_word' id='word_1_448' title='bbox 593 3381 818 3446; x_wconf 64' lang='lat' dir='ltr'><strong>Fuscsmlcuius</strong></span> <span class='ocrx_word' id='word_1_449' title='bbox 836 3383 962 3436; x_wconf 85' lang='lat' dir='ltr'><strong>nominis</strong></span> <span class='ocrx_word' id='word_1_450' title='bbox 985 3391 1047 3436; x_wconf 88' lang='lat' dir='ltr'><strong>tum</strong></span> <span class='ocrx_word' id='word_1_451' title='bbox 1066 3383 1139 3436; x_wconf 83' lang='lat' dir='ltr'><strong>cleri</strong></span> <span class='ocrx_word' id='word_1_452' title='bbox 1156 3384 1239 3438; x_wconf 80' lang='lat' dir='ltr'><strong>tuere</strong></span> 
     </span>
     <span class='ocr_line' id='line_1_41' title="bbox 39 3449 1240 3524; baseline 0.004 -20"><span class='ocrx_word' id='word_1_453' title='bbox 39 3449 250 3517; x_wconf 63' lang='lat' dir='ltr'><strong>dcclunetorsn</strong></span> <span class='ocrx_word' id='word_1_454' title='bbox 268 3459 352 3523; x_wconf 79' lang='lat' dir='ltr'><strong>peter</strong></span> <span class='ocrx_word' id='word_1_455' title='bbox 368 3459 398 3506; x_wconf 89' lang='lat' dir='ltr'><strong>et</strong></span> <span class='ocrx_word' id='word_1_456' title='bbox 414 3452 502 3518; x_wconf 79' lang='lat' dir='ltr'><strong>fliius,</strong></span> <span class='ocrx_word' id='word_1_457' title='bbox 530 3469 655 3524; x_wconf 77' lang='lat' dir='ltr'><strong>quorum</strong></span> <span class='ocrx_word' id='word_1_458' title='bbox 665 3451 825 3524; x_wconf 82' lang='lat' dir='ltr'><strong>aliquoties</strong></span> <span class='ocrx_word' id='word_1_459' title='bbox 842 3455 1019 3508; x_wconf 65' lang='lat' dir='ltr'><strong>,mentionem</strong></span> <span class='ocrx_word' id='word_1_460' title='bbox 1043 3456 1115 3512; x_wconf 86' lang='lat' dir='ltr'><strong>iecit</strong></span> <span class='ocrx_word' id='word_1_461' title='bbox 1133 3453 1240 3510; x_wconf 80' lang='lat' dir='ltr'><strong>Seneca</strong></span> 
     </span>
     <span class='ocr_line' id='line_1_42' title="bbox 39 3521 1240 3590; baseline 0.004 -17"><span class='ocrx_word' id='word_1_462' title='bbox 39 3521 67 3574; x_wconf 89' lang='lat' dir='ltr'><strong>iu</strong></span> <span class='ocrx_word' id='word_1_463' title='bbox 93 3523 260 3588; x_wconf 60' lang='lat' dir='ltr'><strong>Centrum),</strong></span> <span class='ocrx_word' id='word_1_464' title='bbox 292 3523 400 3578; x_wconf 69' lang='lat' dir='ltr'><strong>csesn</strong></span> <span class='ocrx_word' id='word_1_465' title='bbox 421 3521 523 3588; x_wconf 77' lang='lat' dir='ltr'><strong>(imino</strong></span> <span class='ocrx_word' id='word_1_466' title='bbox 551 3523 666 3590; x_wconf 85' lang='lat' dir='ltr'><strong>Caium)</strong></span> <span class='ocrx_word' id='word_1_467' title='bbox 685 3523 817 3576; x_wconf 88' lang='lat' dir='ltr'><strong>Asinium</strong></span> <span class='ocrx_word' id='word_1_468' title='bbox 841 3525 967 3582; x_wconf 81' lang='lat' dir='ltr'><strong>Gallum.</strong></span> <span class='ocrx_word' id='word_1_469' title='bbox 1005 3557 1036 3570; x_wconf 90' lang='lat'><strong>-··</strong></span> <span class='ocrx_word' id='word_1_470' title='bbox 1065 3527 1096 3582; x_wconf 81' lang='lat' dir='ltr'><strong>G.</strong></span> <span class='ocrx_word' id='word_1_471' title='bbox 1117 3526 1240 3578; x_wconf 74' lang='lat' dir='ltr'><strong>Asinium</strong></span> 
     </span>
     <span class='ocr_line' id='line_1_43' title="bbox 38 3593 1241 3663; baseline 0.005 -19"><span class='ocrx_word' id='word_1_472' title='bbox 38 3595 150 3660; x_wconf 76' lang='lat' dir='ltr'><strong>Gallum,</strong></span> <span class='ocrx_word' id='word_1_473' title='bbox 168 3613 197 3650; x_wconf 78' lang='lat' dir='ltr'><strong>v.</strong></span> <span class='ocrx_word' id='word_1_474' title='bbox 217 3593 253 3648; x_wconf 81' lang='lat' dir='ltr'><strong>sd</strong></span> <span class='ocrx_word' id='word_1_475' title='bbox 270 3599 296 3661; x_wconf 93' lang='grc'><strong>1,</strong></span> <span class='ocrx_word' id='word_1_476' title='bbox 317 3597 358 3660; x_wconf 90' lang='grc'><strong>12,</strong></span> <span class='ocrx_word' id='word_1_477' title='bbox 375 3597 403 3651; x_wconf 88' lang='grc'><strong>2.</strong></span> <span class='ocrx_word' id='word_1_478' title='bbox 424 3621 456 3632; x_wconf 95' lang='grc'><strong>·-</strong></span> <span class='ocrx_word' id='word_1_479' title='bbox 476 3596 506 3652; x_wconf 82' lang='lat' dir='ltr'><strong>U.</strong></span> <span class='ocrx_word' id='word_1_480' title='bbox 523 3595 662 3648; x_wconf 78' lang='lat' dir='ltr'><strong>Claudiurn</strong></span> <span class='ocrx_word' id='word_1_481' title='bbox 675 3595 848 3648; x_wconf 78' lang='lat' dir='ltr'><strong>Aeserninum</strong></span> <span class='ocrx_word' id='word_1_482' title='bbox 866 3595 1035 3660; x_wconf 81' lang='lat' dir='ltr'><strong>Marcellum,</strong></span> <span class='ocrx_word' id='word_1_483' title='bbox 1054 3596 1105 3663; x_wconf 89' lang='lat' dir='ltr'><strong>(M.</strong></span> <span class='ocrx_word' id='word_1_484' title='bbox 1126 3597 1241 3651; x_wconf 84' lang='lat' dir='ltr'><strong>Claudii</strong></span> 
     </span>
     <span class='ocr_line' id='line_1_44' title="bbox 39 3665 1239 3730; baseline 0.008 -15"><span class='ocrx_word' id='word_1_485' title='bbox 39 3665 167 3720; x_wconf 76' lang='lat' dir='ltr'><strong>Marcelli</strong></span> <span class='ocrx_word' id='word_1_486' title='bbox 177 3665 329 3720; x_wconf 79' lang='lat' dir='ltr'><strong>Aesernini</strong></span> <span class='ocrx_word' id='word_1_487' title='bbox 339 3681 395 3719; x_wconf 89' lang='lat' dir='ltr'><strong>cos.</strong></span> <span class='ocrx_word' id='word_1_488' title='bbox 409 3683 433 3720; x_wconf 89' lang='lat' dir='ltr'><strong>a.</strong></span> <span class='ocrx_word' id='word_1_489' title='bbox 443 3665 477 3721; x_wconf 93' lang='lat' dir='ltr'><strong>U.</strong></span> <span class='ocrx_word' id='word_1_490' title='bbox 490 3671 550 3722; x_wconf 82' lang='grc'><strong>732.</strong></span> <span class='ocrx_word' id='word_1_491' title='bbox 564 3666 680 3730; x_wconf 86' lang='lat' dir='ltr'><strong>illium.)</strong></span> <span class='ocrx_word' id='word_1_492' title='bbox 697 3667 792 3719; x_wconf 86' lang='lat' dir='ltr'><strong>Asinii</strong></span> <span class='ocrx_word' id='word_1_493' title='bbox 802 3667 939 3721; x_wconf 85' lang='lat' dir='ltr'><strong>Pollionis</strong></span> <span class='ocrx_word' id='word_1_494' title='bbox 957 3685 993 3722; x_wconf 88' lang='lat' dir='ltr'><strong>ne</strong></span> <span class='ocrx_word' id='word_1_495' title='bbox 1014 3677 1099 3721; x_wconf 89' lang='lat' dir='ltr'><strong>otem.</strong></span> <span class='ocrx_word' id='word_1_496' title='bbox 1118 3687 1146 3721; x_wconf 83' lang='lat' dir='ltr'><strong>v.</strong></span> <span class='ocrx_word' id='word_1_497' title='bbox 1162 3667 1239 3724; x_wconf 87' lang='lat' dir='ltr'><strong>Suet.</strong></span> 
     </span>
     <span class='ocr_line' id='line_1_45' title="bbox 38 3731 1241 3811; baseline -0.002 -18"><span class='ocrx_word' id='word_1_498' title='bbox 38 3731 93 3793; x_wconf 74' lang='lat' dir='ltr'><strong>Oct</strong></span> <span class='ocrx_word' id='word_1_499' title='bbox 104 3741 150 3793; x_wconf 89' lang='grc'><strong>43.</strong></span> <span class='ocrx_word' id='word_1_500' title='bbox 169 3737 433 3803; x_wconf 79' lang='lat' dir='ltr'><strong>MeleAescrns&#39;nssn,</strong></span> <span class='ocrx_word' id='word_1_501' title='bbox 451 3737 612 3790; x_wconf 78' lang='lat' dir='ltr'><strong>Marcellum</strong></span> <span class='ocrx_word' id='word_1_502' title='bbox 627 3737 689 3791; x_wconf 76' lang='lat' dir='ltr'><strong>edd.</strong></span> <span class='ocrx_word' id='word_1_503' title='bbox 702 3745 760 3791; x_wconf 82' lang='lat' dir='ltr'><strong>ret.</strong></span> <span class='ocrx_word' id='word_1_504' title='bbox 775 3755 866 3808; x_wconf 85' lang='lat' dir='ltr'><strong>neque</strong></span> <span class='ocrx_word' id='word_1_505' title='bbox 878 3739 982 3794; x_wconf 82' lang='lat' dir='ltr'><strong>audien</strong></span> <span class='ocrx_word' id='word_1_506' title='bbox 1004 3757 1035 3792; x_wconf 89' lang='lat' dir='ltr'><strong>us</strong></span> <span class='ocrx_word' id='word_1_507' title='bbox 1045 3741 1169 3811; x_wconf 89' lang='lat' dir='ltr'><strong>Lipsius,</strong></span> <span class='ocrx_word' id='word_1_508' title='bbox 1189 3739 1241 3810; x_wconf 88' lang='lat' dir='ltr'><strong>qui</strong></span> 
     </span>
     <span class='ocr_line' id='line_1_46' title="bbox 37 3805 1240 3884; baseline 0.002 -26"><span class='ocrx_word' id='word_1_509' title='bbox 37 3805 183 3884; x_wconf 67' lang='lat' dir='ltr'><strong>designari</strong></span> <span class='ocrx_word' id='word_1_510' title='bbox 201 3807 332 3864; x_wconf 71' lang='lat' dir='ltr'><strong>censebat</strong></span> <span class='ocrx_word' id='word_1_511' title='bbox 350 3808 462 3875; x_wconf 72' lang='lat' dir='ltr'><strong>uprtsn</strong></span> <span class='ocrx_word' id='word_1_512' title='bbox 479 3808 652 3873; x_wconf 73' lang='lat' dir='ltr'><strong>Marcellum,</strong></span> <span class='ocrx_word' id='word_1_513' title='bbox 677 3809 713 3861; x_wconf 87' lang='lat' dir='ltr'><strong>de</strong></span> <span class='ocrx_word' id='word_1_514' title='bbox 731 3825 788 3878; x_wconf 85' lang='lat' dir='ltr'><strong>quo</strong></span> <span class='ocrx_word' id='word_1_515' title='bbox 805 3827 834 3866; x_wconf 81' lang='lat' dir='ltr'><strong>v.</strong></span> <span class='ocrx_word' id='word_1_516' title='bbox 855 3811 918 3866; x_wconf 90' lang='lat' dir='ltr'><strong>Ind.</strong></span> <span class='ocrx_word' id='word_1_517' title='bbox 938 3811 960 3864; x_wconf 95' lang='lat' dir='ltr'><strong>l.</strong></span> <span class='ocrx_word' id='word_1_518' title='bbox 998 3811 1240 3881; x_wconf 78' lang='lat' dir='ltr'><strong>Utrumqueiasn</strong></span> 
     </span>
     <span class='ocr_line' id='line_1_47' title="bbox 37 3879 1240 3947; baseline 0.004 -16"><span class='ocrx_word' id='word_1_519' title='bbox 37 3880 187 3933; x_wconf 70' lang='lat' dir='ltr'><strong>innotuis</strong></span> <span class='ocrx_word' id='word_1_520' title='bbox 204 3879 337 3938; x_wconf 78' lang='lat' dir='ltr'><strong>Freinsh.</strong></span> <span class='ocrx_word' id='word_1_521' title='bbox 364 3911 397 3924; x_wconf 84' lang='lat'>-</span> <span class='ocrx_word' id='word_1_522' title='bbox 423 3879 486 3934; x_wconf 78' lang='lat' dir='ltr'><strong>See.</strong></span> <span class='ocrx_word' id='word_1_523' title='bbox 507 3879 663 3947; x_wconf 80' lang='lat' dir='ltr'><strong>Pompeium,</strong></span> <span class='ocrx_word' id='word_1_524' title='bbox 687 3881 1135 3946; x_wconf 74' lang='grc' dir='ltr'><strong>61.1,7.3,32.1’616ι.,116ι.</strong></span> <span class='ocrx_word' id='word_1_525' title='bbox 1160 3883 1187 3946; x_wconf 93' lang='grc'><strong>2,</strong></span> <span class='ocrx_word' id='word_1_526' title='bbox 1213 3884 1240 3946; x_wconf 92' lang='grc'><strong>6,</strong></span> 
     </span>
     <span class='ocr_line' id='line_1_48' title="bbox 36 3949 1241 4019; baseline -0.001 -16"><span class='ocrx_word' id='word_1_527' title='bbox 36 3951 58 4003; x_wconf 83' lang='grc'><strong>3.</strong></span> <span class='ocrx_word' id='word_1_528' title='bbox 77 3953 103 4016; x_wconf 89' lang='grc'><strong>4,</strong></span> <span class='ocrx_word' id='word_1_529' title='bbox 123 3954 150 4004; x_wconf 89' lang='grc'><strong>7.</strong></span> <span class='ocrx_word' id='word_1_530' title='bbox 172 3959 229 4008; x_wconf 78' lang='lat' dir='ltr'><strong>ext.</strong></span> <span class='ocrx_word' id='word_1_531' title='bbox 248 3953 273 4007; x_wconf 86' lang='grc'><strong>2.</strong></span> <span class='ocrx_word' id='word_1_532' title='bbox 293 3949 420 4005; x_wconf 68' lang='grc'><strong>610616.</strong></span> <span class='ocrx_word' id='word_1_533' title='bbox 439 3952 628 4016; x_wconf 60' lang='grc'><strong>61266164,</strong></span> <span class='ocrx_word' id='word_1_534' title='bbox 649 3955 673 4006; x_wconf 88' lang='lat' dir='ltr'><strong>l·</strong></span> <span class='ocrx_word' id='word_1_535' title='bbox 693 3954 719 4006; x_wconf 90' lang='grc'><strong>4.</strong></span> <span class='ocrx_word' id='word_1_536' title='bbox 739 3953 784 4016; x_wconf 71' lang='grc'><strong>6.,</strong></span> <span class='ocrx_word' id='word_1_537' title='bbox 804 3951 876 4018; x_wconf 87' lang='lat' dir='ltr'><strong>Lips.</strong></span> <span class='ocrx_word' id='word_1_538' title='bbox 910 3984 940 3994; x_wconf 95' lang='lat'><em>-</em></span> <span class='ocrx_word' id='word_1_539' title='bbox 966 3953 1052 4019; x_wconf 82' lang='lat' dir='ltr'><strong>iisque</strong></span> <span class='ocrx_word' id='word_1_540' title='bbox 1069 3953 1177 4004; x_wconf 82' lang='lat' dir='ltr'><strong>diuerso</strong></span> <span class='ocrx_word' id='word_1_541' title='bbox 1195 3967 1241 4002; x_wconf 80' lang='lat' dir='ltr'><strong>er·</strong></span> 
     </span>
     <span class='ocr_line' id='line_1_49' title="bbox 36 4021 1241 4100; baseline 0.002 -28"><span class='ocrx_word' id='word_1_542' title='bbox 36 4021 200 4086; x_wconf 74' lang='lat' dir='ltr'><strong>ementibus,</strong></span> <span class='ocrx_word' id='word_1_543' title='bbox 218 4041 245 4074; x_wconf 85' lang='grc' dir='ltr'><strong>ι.</strong></span> <span class='ocrx_word' id='word_1_544' title='bbox 265 4021 301 4076; x_wconf 83' lang='lat' dir='ltr'><strong>ad</strong></span> <span class='ocrx_word' id='word_1_545' title='bbox 319 4027 344 4087; x_wconf 88' lang='lat'><strong>1,</strong></span> <span class='ocrx_word' id='word_1_546' title='bbox 363 4025 407 4090; x_wconf 83' lang='grc'><strong>63,</strong></span> <span class='ocrx_word' id='word_1_547' title='bbox 427 4025 451 4078; x_wconf 87' lang='grc'><strong>2.</strong></span> <span class='ocrx_word' id='word_1_548' title='bbox 473 4055 505 4066; x_wconf 90' lang='lat'>-</span> <span class='ocrx_word' id='word_1_549' title='bbox 522 4023 564 4076; x_wconf 92' lang='lat' dir='ltr'><strong>M.</strong></span> <span class='ocrx_word' id='word_1_550' title='bbox 586 4021 717 4086; x_wconf 72' lang='lat' dir='ltr'><strong>Lepiduss</strong></span> <span class='ocrx_word' id='word_1_551' title='bbox 736 4021 794 4074; x_wconf 87' lang='lat' dir='ltr'><strong>nisi</strong></span> <span class='ocrx_word' id='word_1_552' title='bbox 811 4021 868 4100; x_wconf 79' lang='lat' dir='ltr'><strong>leg.</strong></span> <span class='ocrx_word' id='word_1_553' title='bbox 888 4023 940 4076; x_wconf 85' lang='grc' dir='ltr'><strong>Μ’.</strong></span> <span class='ocrx_word' id='word_1_554' title='bbox 952 4023 1083 4090; x_wconf 66' lang='lat' dir='ltr'><strong>Lepidus&gt;</strong></span> <span class='ocrx_word' id='word_1_555' title='bbox 1106 4021 1147 4076; x_wconf 85' lang='lat' dir='ltr'><strong>De</strong></span> <span class='ocrx_word' id='word_1_556' title='bbox 1160 4030 1241 4074; x_wconf 89' lang='lat' dir='ltr'><strong>utro-</strong></span> 
     </span>
     <span class='ocr_line' id='line_1_50' title="bbox 37 4091 1241 4170; baseline 0.001 -25"><span class='ocrx_word' id='word_1_557' title='bbox 37 4108 89 4160; x_wconf 82' lang='lat' dir='ltr'><strong>que</strong></span> <span class='ocrx_word' id='word_1_558' title='bbox 106 4111 135 4148; x_wconf 84' lang='lat' dir='ltr'><strong>v.</strong></span> <span class='ocrx_word' id='word_1_559' title='bbox 156 4091 193 4146; x_wconf 79' lang='lat' dir='ltr'><strong>ad</strong></span> <span class='ocrx_word' id='word_1_560' title='bbox 212 4097 237 4160; x_wconf 91' lang='lat' dir='ltr'><strong>l,</strong></span> <span class='ocrx_word' id='word_1_561' title='bbox 258 4097 299 4159; x_wconf 88' lang='grc'><strong>13,</strong></span> <span class='ocrx_word' id='word_1_562' title='bbox 316 4096 342 4146; x_wconf 90' lang='grc'><strong>2.</strong></span> <span class='ocrx_word' id='word_1_563' title='bbox 380 4094 512 4158; x_wconf 79' lang='lat' dir='ltr'><strong>„Peioris</strong></span> <span class='ocrx_word' id='word_1_564' title='bbox 537 4093 664 4170; x_wconf 75' lang='lat' dir='ltr'><strong>dignitas</strong></span> <span class='ocrx_word' id='word_1_565' title='bbox 688 4099 718 4146; x_wconf 90' lang='lat' dir='ltr'><strong>et</strong></span> <span class='ocrx_word' id='word_1_566' title='bbox 796 4095 870 4146; x_wconf 82' lang='lat' dir='ltr'><strong>vitas</strong></span> <span class='ocrx_word' id='word_1_567' title='bbox 897 4110 955 4147; x_wconf 90' lang='lat' dir='ltr'><strong>non</strong></span> <span class='ocrx_word' id='word_1_568' title='bbox 978 4095 1099 4164; x_wconf 64' lang='lat' dir='ltr'><strong>patitur⁴</strong></span> <span class='ocrx_word' id='word_1_569' title='bbox 1113 4091 1241 4156; x_wconf 86' lang='lat' dir='ltr'><strong>credere,</strong></span> 
     </span>
     <span class='ocr_line' id='line_1_51' title="bbox 35 4163 1242 4248; baseline 0.001 -33"><span class='ocrx_word' id='word_1_570' title='bbox 35 4179 97 4216; x_wconf 89' lang='lat' dir='ltr'><strong>enm</strong></span> <span class='ocrx_word' id='word_1_571' title='bbox 114 4163 146 4216; x_wconf 92' lang='grc' dir='ltr'><strong>1ι.</strong></span> <span class='ocrx_word' id='word_1_572' title='bbox 160 4165 184 4216; x_wconf 93' lang='grc'><strong>1.</strong></span> <span class='ocrx_word' id='word_1_573' title='bbox 203 4164 358 4245; x_wconf 76' lang='lat' dir='ltr'><strong>designari,</strong></span> <span class='ocrx_word' id='word_1_574' title='bbox 377 4165 434 4219; x_wconf 89' lang='lat' dir='ltr'><strong>nisi</strong></span> <span class='ocrx_word' id='word_1_575' title='bbox 451 4166 725 4248; x_wconf 72' lang='lat' dir='ltr'><strong>tortepropinqnns</strong></span> <span class='ocrx_word' id='word_1_576' title='bbox 766 4165 855 4220; x_wconf 85' lang='lat' dir='ltr'><strong>isonis</strong></span> <span class='ocrx_word' id='word_1_577' title='bbox 872 4165 944 4217; x_wconf 87' lang='lat' dir='ltr'><strong>luit:</strong></span> <span class='ocrx_word' id='word_1_578' title='bbox 974 4163 1094 4218; x_wconf 81' lang='lat' dir='ltr'><strong>alterius</strong></span> <span class='ocrx_word' id='word_1_579' title='bbox 1113 4163 1242 4217; x_wconf 85' lang='lat' dir='ltr'><strong>socordia</strong></span> 
     </span>
    </p>
   </div>
   <div class='ocr_carea' id='block_1_9' title="bbox 35 4233 1242 4374">
    <p class='ocr_par' dir='ltr' id='par_1_10' title="bbox 35 4233 1242 4374">
     <span class='ocr_line' id='line_1_52' title="bbox 37 4233 1242 4306; baseline -0.001 -21"><span class='ocrx_word' id='word_1_580' title='bbox 37 4233 84 4285; x_wconf 75' lang='lat' dir='ltr'><strong>vix</strong></span> <span class='ocrx_word' id='word_1_581' title='bbox 103 4236 181 4288; x_wconf 84' lang='lat' dir='ltr'><strong>sinit</strong></span> <span class='ocrx_word' id='word_1_582' title='bbox 198 4237 325 4300; x_wconf 85' lang='lat' dir='ltr'><strong>credere,</strong></span> <span class='ocrx_word' id='word_1_583' title='bbox 343 4253 409 4289; x_wconf 89' lang='lat' dir='ltr'><strong>eum</strong></span> <span class='ocrx_word' id='word_1_584' title='bbox 428 4236 591 4306; x_wconf 75' lang='lat' dir='ltr'><strong>patrocinio</strong></span> <span class='ocrx_word' id='word_1_585' title='bbox 609 4233 791 4306; x_wconf 88' lang='lat' dir='ltr'><strong>suscipiendo</strong></span> <span class='ocrx_word' id='word_1_586' title='bbox 810 4235 945 4298; x_wconf 84' lang='lat' dir='ltr'><strong>idoneum</strong></span> <span class='ocrx_word' id='word_1_587' title='bbox 964 4233 1067 4290; x_wconf 87' lang='lat' dir='ltr'><strong>luisse:</strong></span> <span class='ocrx_word' id='word_1_588' title='bbox 1087 4235 1135 4289; x_wconf 91' lang='lat' dir='ltr'><strong>sed</strong></span> <span class='ocrx_word' id='word_1_589' title='bbox 1148 4241 1242 4305; x_wconf 87' lang='lat' dir='ltr'><strong>potest</strong></span> 
     </span>
     <span class='ocr_line' id='line_1_53' title="bbox 35 4303 1242 4374; baseline 0 -14"><span class='ocrx_word' id='word_1_590' title='bbox 35 4305 120 4360; x_wconf 81' lang='lat' dir='ltr'><strong>etism</strong></span> <span class='ocrx_word' id='word_1_591' title='bbox 137 4305 216 4362; x_wconf 84' lang='lat' dir='ltr'><strong>alins</strong></span> <span class='ocrx_word' id='word_1_592' title='bbox 233 4308 267 4362; x_wconf 81' lang='lat' dir='ltr'><strong>ab</strong></span> <span class='ocrx_word' id='word_1_593' title='bbox 284 4303 330 4362; x_wconf 84' lang='lat' dir='ltr'><strong>bia</strong></span> <span class='ocrx_word' id='word_1_594' title='bbox 349 4309 438 4362; x_wconf 61' lang='grc' dir='ltr'><strong>6666.ιι</strong></span> <span class='ocrx_word' id='word_1_595' title='bbox 455 4307 521 4362; x_wconf 81' lang='lat' dir='ltr'><strong>lire.</strong></span> <span class='ocrx_word' id='word_1_596' title='bbox 542 4337 573 4350; x_wconf 93' lang='lat'>—</span> <span class='ocrx_word' id='word_1_597' title='bbox 594 4305 717 4373; x_wconf 66' lang='lat' dir='ltr'><strong>Ll&#39;s&#39;scs</strong></span> <span class='ocrx_word' id='word_1_598' title='bbox 734 4323 762 4360; x_wconf 81' lang='lat' dir='ltr'><strong>r.</strong></span> <span class='ocrx_word' id='word_1_599' title='bbox 780 4307 911 4374; x_wconf 66' lang='grc'><strong>66234,</strong></span> <span class='ocrx_word' id='word_1_600' title='bbox 930 4312 955 4364; x_wconf 95' lang='grc'><strong>1.</strong></span> <span class='ocrx_word' id='word_1_601' title='bbox 985 4337 1016 4352; x_wconf 88' lang='lat'>-</span> <span class='ocrx_word' id='word_1_602' title='bbox 1037 4305 1242 4360; x_wconf 65' lang='grc' dir='ltr'><strong>111116166Ιί6-</strong></span> 
     </span>
    </p>
   </div>
   <div class='ocr_carea' id='block_1_10' title="bbox 0 0 1438 4792">
    <p class='ocr_par' dir='ltr' id='par_1_11' title="bbox 0 0 1438 4792">
     <span class='ocr_line' id='line_1_54' title="bbox 0 0 1438 4792; baseline 0 0"><span class='ocrx_word' id='word_1_603' title='bbox 0 0 1438 4792; x_wconf 95' lang='lat' dir='ltr'><strong> </strong></span> 
     </span>
    </p>
   </div>
  </div>
 </body>
</html>
