2868 4792
283 218 431 286 carun
451 223 491 288 n.
513 223 572 288 ur.
600 221 652 304 (a.
675 221 715 290 u.
736 225 809 292 rra.
838 189 878 292 a.
900 224 938 292 o.
959 227 1027 309 aa.)
1193 233 1253 302 sn

46 387 165 453 lescunt,
183 388 357 442 minuantur
374 387 531 458 ethiani,
557 389 607 444 rel
625 391 666 445 its
682 392 803 468 lugiunt
821 399 851 447 st
868 391 983 456 abeant,
1007 401 1043 448 ut
1065 395 1118 450 vix
1139 399 1256 456 sentiar.

46 459 86 514 Gi.
103 459 167 518 lud
186 459 223 514 Η.
244 461 339 531 intpp.
358 461 439 536 Vir-g.
459 463 530 518 Aen.
550 463 578 528 3,
597 465 658 520 169.
678 463 771 522 Gron.
790 463 827 518 sd
842 464 907 522 tir.
925 467 972 528 at,
990 467 1033 522 1⁷.
1059 467 1141 534 plena
1162 485 1255 526 assor.

44 533 111 596 diae,
135 531 171 586 de
188 531 407 602 vaniloquentia
426 550 450 590 ο.
469 536 514 590 69.
534 565 567 576 -
585 549 638 586 ros
654 535 771 590 virorem
788 531 894 600 animis,
910 537 959 590 sed
975 538 1188 594 manentem
1205 559 1255 596 ar·

44 606 119 671 repit,
137 605 176 660 cf.
195 621 257 676 cap.
277 607 321 660 49.
341 611 371 658 et
387 603 424 657 ad
442 610 468 670 l,
487 607 531 665 ⁷4,
550 609 575 661 l.
596 631 629 644 ·-
648 621 719 674 apua
736 613 763 659 et
780 606 998 676 irritarrsntsss
1016 627 1044 662 s.
1063 609 1100 664 ad
1116 615 1144 677 3,
1161 615 1209 676 68,
1226 615 1253 672 2.

45 707 76 718 -
94 675 161 742 pand
177 675 288 741 perinde
305 691 399 727 resera
418 691 450 728 ae
468 677 496 730 si
513 675 531 728 1.
550 691 584 732 rs.
603 682 639 738 t,
668 695 725 748 qua
750 694 843 748 poena
869 679 906 734 sd
923 697 986 734 rem
1031 680 1159 736 nblicam
1176 684 1255 742 idem

45 747 119 800 effici
138 747 265 802 arbitror
281 762 316 800 ao
332 746 359 800 si
376 745 514 802 ultimum
533 747 712 818 supplicium
729 749 927 818 indiceretur3
953 753 995 806 W
1051 755 1200 824 ‚perirem
1223 775 1254 813 v.
1330 812 1337 822 ,

45 817 101 876 lud.
120 819 157 876 11.
177 851 210 864 -
229 833 264 872 aa
280 818 308 872 ss'
325 819 390 884 lega
406 819 558 873 maiestatis
576 827 722 884 tereretur,
744 837 773 877 r.
792 821 829 876 ad
847 828 891 890 ll,
909 825 937 888 6,
955 827 981 881 9.

492 962 687 1018 CAPUT
738 965 798 1022 hl.

120 1071 218 1136 Solus
245 1071 374 1156 Lepido
405 1069 577 1134 Rubellius
605 1069 751 1134 Blandus
781 1093 799 1138 a
831 1075 1061 1140 consularibus
1090 1081 1253 1155 assensit3

46 1159 142 1219 ceteri
162 1159 358 1219 sententiam
377 1151 546 1240 Agrippae
567 1158 687 1228 secuti,
710 1153 896 1240 ductusque
926 1159 963 1220 in
984 1179 1153 1224 carcerem
1182 1162 1253 1224 Pri-

46 1259 113 1301 scus
134 1261 173 1302 ac
200 1241 313 1302 atatim
334 1239 549 1302 exanimatus.
594 1237 632 1302 Id
660 1237 818 1302 Tiberina
838 1242 946 1302 salitis
969 1241 1035 1304 sibi
1061 1245 1255 1330 ambagibus

47 1321 127 1406 apud
148 1331 298 1384 sanatum
319 1322 496 1398 incusavit,
518 1341 619 1404 quum
641 1323 818 1384 extolleret
838 1325 995 1406 pietatem
1016 1328 1167 1408 quamvis
1184 1347 1256 1390 mo·

48 1404 127 1466 dicas
151 1407 314 1488 Principis
335 1405 477 1464 iniurias
500 1405 625 1466 acriter
646 1405 891 1484 ulciscentium,
922 1405 1160 1490 deprecaretur
1186 1419 1254 1472 tam

46 1491 229 1572 praecipitis
250 1487 431 1552 verborum
453 1505 586 1568 poenas,
608 1487 762 1550 laudaret
772 1488 937 1572 Lepidum
954 1509 1060 1574 neque
1072 1493 1255 1580 Agrippam

47 1583 203 1657 argueret.
248 1570 358 1658 Igitur
380 1573 505 1632 iactum
522 1577 656 1632 senatus
676 1572 877 1651 consultum,
900 1592 941 1634 ue
963 1572 1096 1636 decreta
1117 1575 1255 1638 Petram

48 1663 116 1716 ante
130 1655 217 1718 diem
240 1653 404 1718 decimum
425 1651 467 1716 ad
486 1656 655 1716 aerarium
668 1651 882 1718 deterrentur
894 1653 993 1738 idque
1007 1659 1095 1721 vitae
1109 1659 1255 1740 spatium

48 1737 199 1802 damnatis
222 1745 475 1823 prorogaretur.
520 1735 584 1798 Sed
611 1757 678 1800 non
706 1741 837 1800 senatui
858 1739 997 1802 libertas
1019 1739 1061 1802 ad
1082 1743 1255 1824 poeniten·

49 1820 117 1884 dum
138 1817 224 1902 erat,
251 1841 359 1903 neque
380 1819 539 1882 Tiberius
560 1822 741 1884 interiectu
762 1823 923 1904 temporis
945 1825 1170 1911 mitigabatur.

108 1945 132 1998 l.
151 1939 294 1996 Rubellius
314 1937 442 2004 Blandus,
461 1956 489 1995 r.
509 1937 547 1992 sd
564 1941 592 2004 3,
610 1939 656 2002 33,
673 1941 699 1996 2.
724 1971 757 1982 -
783 1937 927 2008 ductasque
944 1940 974 1994 s'rs
992 1957 1125 1998 narem
1143 1943 1257 2000 Priscae

45 2026 74 2062 ae
88 2013 176 2068 statiis
194 2011 372 2078 exanimatas,
392 2013 429 2066 cf.
448 2013 477 2076 6,
495 2011 530 2066 39
548 2027 594 2080 pr.
613 2007 719 2064 Romae
736 2011 869 2080 primum
886 2009 962 2066 Anci
979 2013 1084 2068 Marcii
1107 2013 1190 2072 iussu
1207 2033 1256 2072 aa·

42 2082 161 2138 dificatus
180 2091 226 2139 ast
244 2099 339 2136 carcer
355 2083 478 2150 publicus
501 2083 567 2134 foro
591 2080 749 2134 imminens
769 2089 797 2135 et
815 2089 916 2136 auctus
945 2083 1050 2139 deinde
1068 2085 1100 2138 in
1124 2085 1190 2142 loco
1210 2087 1257 2142 in·

41 2155 139 2210 feriore
149 2176 164 2212 a
174 2155 277 2212 Servio
287 2153 386 2208 Tullio
396 2153 666 2222 firmissimaparte‚
687 2169 760 2224 quaa
774 2149 846 2206 hinc
864 2152 1023 2210 dictabam
1042 2157 1116 2210 locas
1128 2157 1255 2224 inferior,

42 2233 97 2279 tum
113 2229 192 2282 robur
215 2226 375 2292 Tullianam,
395 2225 443 2280 rel
462 2225 516 2276 sim
539 2221 559 2280 l.
579 2225 669 2290 robur,
689 2223 768 2296 quia,
793 2222 863 2277 olim
884 2233 973 2294 certa,
1001 2225 1133 2282 roboreis
1158 2231 1257 2300 paria-

42 2297 470 2362 conclamauerant.
496 2241 537 2348 ab
715 2365 721 2377 ι
1002 2363 1004 2368 Ι

42 2371 79 2426 te.
95 2379 121 2424 at
138 2373 166 2424 s'n
185 2385 297 2424 curem
315 2368 404 2422 instar
422 2366 494 2432 saris
513 2373 538 2420 et
557 2367 674 2436 latronis
691 2382 735 2418 arr
753 2367 922 2420 clarissimas
939 2369 1095 2422 includatur
1119 2377 1145 2424 et
1164 2371 1194 2424 irs
1210 2387 1255 2424 ro-

42 2441 95 2494 tore
111 2457 142 2494 aa
160 2441 280 2496 tenebris
298 2439 427 2506 exspiret,
446 2437 542 2492 dende
560 2444 623 2490 arte
636 2453 768 2490 carcerem
783 2439 868 2490 nudas
884 2439 1065 2508 proiicialar;
1084 2441 1180 2498 Festi:
1198 2443 1257 2498 Ra-

42 2511 83 2564 tar
97 2513 124 2565 ie
142 2528 252 2567 earcere
271 2511 297 2564 r‘s
316 2512 400 2576 lacus,
418 2526 468 2578 aaa
483 2509 685 2576 praecipitatur
701 2509 877 2574 maleficarum
894 2525 993 2576 gersus,
1012 2513 1081 2581 qaod
1096 2521 1158 2568 ante
1178 2515 1256 2570 arcis

42 2583 162 2639 robusteis
179 2583 386 2644 includebatarr
406 2579 544 2652 Calpurn.
566 2579 684 2634 declam.
700 2583 731 2636 ’4.
774 2580 860 2634 Video
887 2598 1020 2637 carcerare
1046 2585 1182 2652 publicam
1209 2601 1255 2638 sn·

41 2655 80 2706 sis
96 2655 249 2722 ingentibus
267 2660 402 2718 structam,
422 2653 550 2718 angustis
569 2651 746 2716 foraminibus
765 2657 866 2705 lennem
884 2651 954 2708 lueis
979 2655 1096 2708 ambram
1122 2656 1255 2726 recipien-

42 2730 92 2782 rer.
126 2729 157 2780 irs
173 2727 245 2782 banc
263 2723 379 2778 coniecti
396 2725 477 2776 rebar
498 2722 651 2776 Tullianam
671 2723 850 2792 prospiciant,
876 2731 902 2778 et
929 2727 1032 2793 quoties
1055 2727 1175 2783 iacentes
1197 2729 1255 2794 [er-

41 2798 91 2850 rati
112 2801 197 2866 pastis
221 2797 325 2851 stridor
349 2795 462 2858 excitat,
494 2795 682 2848 exanimantur
711 2801 737 2846 et
766 2793 881 2848 alienam
904 2797 1062 2863 suppliciam
1088 2801 1254 2868 aspectarda

42 2883 103 2921 nors
126 2871 240 2924 discant.
279 2867 324 2923 cf.
352 2867 416 2923 Lir.
444 2869 468 2932 l,
496 2869 541 2923 33.
568 2869 613 2932 39,
637 2867 681 2922 11.
707 2869 754 2930 34,
778 2869 814 2924 ll
839 2873 913 2925 extr
940 2868 1023 2926 Varr.
1043 2869 1075 2926 la.
1102 2869 1136 2928 n.
1155 2875 1183 2938 4,
1207 2873 1255 2932 33.

42 2935 132 2998 Donat.
151 2942 185 2998 de
204 2937 284 2994 Urbe
302 2937 392 3002 Roma
410 2941 437 3003 3,
455 2941 481 2994 o.
510 2938 588 3008 inpr.
616 2933 686 2990 Sall.
712 2936 774 2992 Gat.
795 2937 838 2994 66.
877 2937 975 3010 ibique
999 2940 1079 2996 Gort.
1105 2947 1140 2996 ut
1158 2950 1188 2998 et
1204 2943 1255 2996 vir

44 3008 131 3080 doctas
150 3013 181 3068 in
199 3009 324 3082 Ephem.
344 3008 506 3064 Darmstad.
528 3005 619 3062 schol.
640 3025 664 3062 a.
685 3009 765 3065 1826.
784 3007 821 3064 N.
842 3011 901 3066 llll.
939 3012 997 3064 Hic
1014 3029 1109 3066 carcer
1128 3013 1178 3067 diu
1196 3013 1254 3067 Ro·

44 3099 96 3138 mae
112 3086 213 3138 unicus
232 3083 303 3148 fuit,
322 3081 361 3148 (r.
381 3079 513 3136 Juvenal.
532 3081 559 3145 3,
579 3077 654 3146 311.)
679 3088 779 3150 postea
802 3079 903 3152 plures
928 3083 1081 3146 exstructi,
1108 3099 1124 3137 a
1148 3084 1254 3154 quibus

43 3151 139 3224 lapidei
157 3153 328 3212 dicebantur
346 3153 498 3208 lautumiae.
536 3149 692 3204 Praeerant
710 3151 747 3202 iis
765 3151 919 3206 triumviri
945 3153 1086 3224 capitales
1111 3153 1186 3220 (liv.
1206 3157 1252 3222 39,

43 3225 91 3292 17.)
108 3236 135 3282 et
152 3225 284 3282 custodes
302 3223 425 3279 illorum
444 3230 528 3278 erant
545 3223 676 3294 primum
696 3223 775 3276 servi
792 3221 915 3294 publici,
942 3221 1046 3278 deinde
1071 3225 1176 3279 urbani
1196 3227 1253 3280 mi·

42 3291 107 3351 lites.
143 3299 262 3354 Praeter
288 3311 411 3350 omenes
432 3295 565 3362 publicar,
591 3294 624 3346 in
649 3293 752 3364 quibus
781 3293 971 3348 servabantur
994 3295 1130 3362 malefici,
1160 3296 1253 3352 donec

43 3369 208 3440 supplicium
226 3369 261 3423 de
280 3367 318 3422 iis
337 3373 513 3430 sumeretur,
531 3365 638 3420 Romae
664 3373 748 3420 erant
769 3365 876 3432 privati
903 3365 935 3419 in
961 3367 1088 3444 singulis
1112 3369 1254 3440 patricio-

43 3453 98 3492 rum
114 3441 227 3496 sedibus
246 3447 276 3494 et
299 3439 446 3494 custodias
464 3437 584 3504 liberae,
610 3435 997 3513 Staatsgeiingnisss.
1028 3439 1081 3494 His
1099 3439 1253 3495 tradeban-

42 3514 85 3562 tur
100 3515 142 3566 rei
159 3511 362 3568 honoratiores
386 3513 418 3564 in
441 3517 583 3582 perpetua
599 3507 724 3565 habendi
743 3509 885 3577 custodia,
908 3519 943 3563 ut
969 3511 1050 3566 etin
1067 3513 1250 3583 municipiis.

43 3597 66 3636 t.
90 3583 130 3638 ab
144 3587 171 3652 3,
196 3585 239 3641 29.
265 3581 329 3638 Lir.
354 3585 382 3647 6,
406 3585 442 3640 36
465 3589 539 3638 extr.
563 3579 634 3636 Sall.
664 3581 725 3636 Cat.
749 3583 793 3637 43.
813 3583 858 3637 so.
895 3584 1033 3648 „Carcer,
1059 3585 1141 3654 qnasi
1169 3599 1252 3638 coar-

43 3667 88 3716 cer,
106 3671 209 3712 nomen
226 3654 313 3710 habet
331 3671 347 3708 ι
366 3653 511 3706 coarcere
530 3661 559 3708 et
577 3650 763 3709 continendo.
792 3651 827 3705 ln
847 3669 913 3706 eum
932 3655 1067 3722 coniecti,
1087 3656 1173 3722 clusi,
1192 3671 1251 3709 non

44 3729 129 3780 tamen
146 3729 177 3782 in
195 3725 324 3782 vinealis
343 3743 442 3780 omnes
466 3727 558 3780 fuere.
584 3743 611 3782 s.
632 3723 749 3794 Ulpian.
771 3721 890 3780 ccxvi.
919 3723 953 3781 D.
983 3725 1019 3780 de
1043 3727 1124 3782 verb.
1149 3727 1249 3815 signif.

45 3793 72 3846 ln
88 3815 158 3864 reos,
177 3801 228 3870 qui
247 3798 371 3854 alicuius
389 3795 517 3851 nominis
536 3803 641 3860 essent,
660 3796 692 3848 in
717 3811 843 3862 carcere,
871 3797 982 3860 ineos,
1009 3799 1062 3867 qui
1079 3797 1250 3866 humilioris

44 3863 176 3936 fortunae,
195 3871 291 3943 palam
310 3867 601 3926 animadvertebatur.
630 3867 665 3919 ln
684 3883 799 3922 carcere
818 3883 885 3921 rens
904 3868 1049 3922 cervicem
1069 3871 1164 3924 securi
1182 3867 1250 3922 sub·

45 3935 156 4008 liciebat,
176 3941 309 3998 carnifex
327 3957 410 3995 reum
430 3937 598 3995 decollabat.
635 3937 680 3991 lta
698 3937 727 3992 h.
745 3937 764 3989 l.
785 3945 816 3991 et
831 3941 858 4002 6,
877 3941 921 3996 39.
941 3957 985 4008 ap.
1006 3937 1072 3996 San.
1092 3937 1166 3996 decl.
1181 3941 1208 4006 9,
1220 3941 1247 3995 3.

45 4017 68 4059 et
84 4013 179 4067 multis
198 4013 275 4068 Livii
294 4013 377 4068 locis.
413 4009 521 4064 Habuit
538 4018 634 4064 autem
654 4023 751 4062 carcer
778 4007 923 4063 stlocum
946 4011 1130 4076 inferiorem,
1155 4007 1249 4077 (mter

46 4079 356 4152 ratramm)etatin1n
374 4083 562 4137 vinculorum
581 4083 612 4134 in
629 4079 726 4150 plano,
746 4081 920 4145 ergastulum,
939 4081 1054 4151 opinor,
1080 4081 1176 4136 Nonio
1202 4081 1248 4134 di·

44 4157 139 4278 ἒίιοῗιμ
161 4157 286 4210 Vertrars.
324 4155 440 4222 „Nonii
458 4155 523 4208 loco
540 4152 732 4208 vehementer
748 4149 860 4209 diffido·
894 4152 938 4206 Da
956 4152 1106 4218 ergastulis
1123 4171 1152 4210 v.
1166 4153 1244 4223 Lips.

106 4234 126 4284 t.
143 4231 171 4294 2,
190 4227 251 4286 1⁵.“
278 4228 361 4283 Gran.

104 4317 128 4372 9.
146 4333 220 4387 amm
237 4319 378 4374 extolleret
394 4319 520 4400 pietaten
546 4317 579 4370 in
595 4314 768 4386 Principem.
806 4312 880 4382 „Sic
903 4311 1062 4368 vocabatur
1083 4322 1146 4369 tum
1173 4321 1248 4372 tem·

74 4413 135 4482 Opp.
158 4417 222 4473 Tac.
244 4419 275 4474 T.
286 4417 309 4470 1.
955 4403 959 4412 ’
1024 4402 1065 4467 21

537 2295 547 2348 i
565 2295 700 2365 abipsio
727 2295 786 2348 ism
804 2293 919 2351 laudata
943 2305 1012 2352 eunt
1038 2297 1102 2353 loca
1124 2301 1189 2358 Lir.
1209 2303 1256 2368 33,
1306 2337 1310 2357 ι
