<?xml version="1.0" encoding="UTF-8"?>
<!DOCTYPE html PUBLIC "-//W3C//DTD XHTML 1.0 Transitional//EN"
    "http://www.w3.org/TR/xhtml1/DTD/xhtml1-transitional.dtd">
<html xmlns="http://www.w3.org/1999/xhtml" xml:lang="en" lang="en">
 <head>
  <title>
</title>
<meta http-equiv="Content-Type" content="text/html;charset=utf-8" />
  <meta name='ocr-system' content='tesseract 3.04.00' />
  <meta name='ocr-capabilities' content='ocr_page ocr_carea ocr_par ocr_line ocrx_word'/>
</head>
<body>
  <div class='ocr_page' id='page_1' title='image "./ccorneliitaciti28tacigoog/ccorneliitaciti28tacigoog_0513.png"; bbox 0 0 2890 4790; ppageno 0'>
   <div class='ocr_carea' id='block_1_1' title="bbox 100 3136 618 3212">
    <p class='ocr_par' dir='ltr' id='par_1_1' title="bbox 100 3136 618 3212">
     <span class='ocr_line' id='line_1_1' title="bbox 100 3136 618 3212; baseline 0.008 -16"><span class='ocrx_word' id='word_1_1' title='bbox 100 3145 103 3153; x_wconf 85' lang='lat'>&#39;</span> <span class='ocrx_word' id='word_1_2' title='bbox 200 3137 369 3198; x_wconf 84' lang='lat' dir='ltr'>fructuum</span> <span class='ocrx_word' id='word_1_3' title='bbox 397 3136 618 3212; x_wconf 85' lang='lat' dir='ltr'>societatibus¹</span> 
     </span>
    </p>
   </div>
   <div class='ocr_carea' id='block_1_2' title="bbox 194 139 1099 276">
    <p class='ocr_par' dir='ltr' id='par_1_2' title="bbox 194 139 1099 276">
     <span class='ocr_line' id='line_1_2' title="bbox 194 139 1099 276; baseline -0.007 -6"><span class='ocrx_word' id='word_1_4' title='bbox 194 157 274 270; x_wconf 78' lang='lat' dir='ltr'>stt¹</span> <span class='ocrx_word' id='word_1_5' title='bbox 582 139 827 262; x_wconf 78' lang='lat' dir='ltr'>annaeum</span> <span class='ocrx_word' id='word_1_6' title='bbox 862 191 1030 276; x_wconf 74' lang='lat' dir='ltr'>uta-rt</span> <span class='ocrx_word' id='word_1_7' title='bbox 1094 220 1099 233; x_wconf 91' lang='lat'><strong>·</strong></span> 
     </span>
    </p>
   </div>
   <div class='ocr_carea' id='block_1_3' title="bbox 195 358 1420 1004">
    <p class='ocr_par' dir='ltr' id='par_1_3' title="bbox 195 358 1420 1004">
     <span class='ocr_line' id='line_1_3' title="bbox 195 358 1389 438; baseline -0.003 -22"><span class='ocrx_word' id='word_1_8' title='bbox 195 363 361 438; x_wconf 85' lang='lat' dir='ltr'>praetoriis,</span> <span class='ocrx_word' id='word_1_9' title='bbox 380 363 495 423; x_wconf 75' lang='lat' dir='ltr'>tum‘m</span> <span class='ocrx_word' id='word_1_10' title='bbox 512 361 631 418; x_wconf 82' lang='lat' dir='ltr'>urbanis</span> <span class='ocrx_word' id='word_1_11' title='bbox 649 358 930 424; x_wconf 70' lang='lat' dir='ltr'>cohortibne.“.lira.</span> <span class='ocrx_word' id='word_1_12' title='bbox 949 361 1087 418; x_wconf 63' lang='lat' dir='ltr'>ranno</span> <span class='ocrx_word' id='word_1_13' title='bbox 1222 366 1303 414; x_wconf 84' lang='lat' dir='ltr'>antur</span> <span class='ocrx_word' id='word_1_14' title='bbox 1318 359 1389 415; x_wconf 84' lang='lat' dir='ltr'>Brct.</span> 
     </span>
     <span class='ocr_line' id='line_1_4' title="bbox 196 431 1392 500; baseline -0.007 -8"><span class='ocrx_word' id='word_1_15' title='bbox 196 446 226 492; x_wconf 86' lang='lat' dir='ltr'>et</span> <span class='ocrx_word' id='word_1_16' title='bbox 243 435 358 492; x_wconf 84' lang='lat' dir='ltr'>Waltb.</span> <span class='ocrx_word' id='word_1_17' title='bbox 379 434 423 492; x_wconf 84' lang='lat' dir='ltr'>Gi.</span> <span class='ocrx_word' id='word_1_18' title='bbox 444 435 480 489; x_wconf 89' lang='lat' dir='ltr'>ad</span> <span class='ocrx_word' id='word_1_19' title='bbox 498 435 535 488; x_wconf 84' lang='lat' dir='ltr'>li.</span> <span class='ocrx_word' id='word_1_20' title='bbox 554 437 581 500; x_wconf 78' lang='lat'>2,</span> <span class='ocrx_word' id='word_1_21' title='bbox 600 437 646 500; x_wconf 81' lang='lat' dir='ltr'>te,</span> <span class='ocrx_word' id='word_1_22' title='bbox 664 438 688 490; x_wconf 77' lang='lat' dir='ltr'>i.</span> <span class='ocrx_word' id='word_1_23' title='bbox 713 465 742 478; x_wconf 85' lang='lat'>-</span> <span class='ocrx_word' id='word_1_24' title='bbox 761 433 884 499; x_wconf 75' lang='lat' dir='ltr'>Etruria,</span> <span class='ocrx_word' id='word_1_25' title='bbox 903 451 932 490; x_wconf 82' lang='lat' dir='ltr'>v.</span> <span class='ocrx_word' id='word_1_26' title='bbox 950 431 1088 489; x_wconf 76' lang='lat' dir='ltr'>tna-111.</span> <span class='ocrx_word' id='word_1_27' title='bbox 1108 450 1135 488; x_wconf 84' lang='lat' dir='ltr'>r.</span> <span class='ocrx_word' id='word_1_28' title='bbox 1152 433 1196 486; x_wconf 78' lang='lat' dir='ltr'>At</span> <span class='ocrx_word' id='word_1_29' title='bbox 1208 431 1274 484; x_wconf 83' lang='lat' dir='ltr'>cliui</span> <span class='ocrx_word' id='word_1_30' title='bbox 1288 433 1392 498; x_wconf 74' lang='lat' dir='ltr'>penten</span> 
     </span>
     <span class='ocr_line' id='line_1_5' title="bbox 195 501 1391 576; baseline -0.005 -14"><span class='ocrx_word' id='word_1_31' title='bbox 195 515 237 562; x_wconf 81' lang='lat' dir='ltr'>tea</span> <span class='ocrx_word' id='word_1_32' title='bbox 255 524 290 562; x_wconf 79' lang='lat' dir='ltr'>ea</span> <span class='ocrx_word' id='word_1_33' title='bbox 306 507 406 570; x_wconf 75' lang='lat' dir='ltr'>unitae</span> <span class='ocrx_word' id='word_1_34' title='bbox 420 523 515 575; x_wconf 76' lang='lat' dir='ltr'>praep.</span> <span class='ocrx_word' id='word_1_35' title='bbox 535 506 575 560; x_wconf 79' lang='lat' dir='ltr'>in.</span> <span class='ocrx_word' id='word_1_36' title='bbox 605 531 636 546; x_wconf 45' lang='grc' dir='ltr'>η-</span> <span class='ocrx_word' id='word_1_37' title='bbox 662 505 775 560; x_wconf 71' lang='lat' dir='ltr'>coloniis</span> <span class='ocrx_word' id='word_1_38' title='bbox 802 523 839 568; x_wconf 68' lang='lat' dir='ltr'>ea</span> <span class='ocrx_word' id='word_1_39' title='bbox 856 503 965 562; x_wconf 86' lang='lat' dir='ltr'>emend.</span> <span class='ocrx_word' id='word_1_40' title='bbox 985 505 1066 576; x_wconf 79' lang='lat' dir='ltr'>lips.</span> <span class='ocrx_word' id='word_1_41' title='bbox 1082 503 1198 564; x_wconf 65' lang='lat' dir='ltr'>eoloris</span> <span class='ocrx_word' id='word_1_42' title='bbox 1214 501 1269 560; x_wconf 85' lang='lat' dir='ltr'>MS.</span> <span class='ocrx_word' id='word_1_43' title='bbox 1295 511 1322 557; x_wconf 87' lang='lat' dir='ltr'>et</span> <span class='ocrx_word' id='word_1_44' title='bbox 1338 503 1391 557; x_wconf 84' lang='lat' dir='ltr'>edd.</span> 
     </span>
     <span class='ocr_line' id='line_1_6' title="bbox 195 575 1392 654; baseline -0.007 -20"><span class='ocrx_word' id='word_1_45' title='bbox 195 588 254 636; x_wconf 82' lang='lat' dir='ltr'>ret.</span> <span class='ocrx_word' id='word_1_46' title='bbox 275 578 390 632; x_wconf 82' lang='lat' dir='ltr'>coloniis</span> <span class='ocrx_word' id='word_1_47' title='bbox 408 579 529 646; x_wconf 79' lang='lat' dir='ltr'>antiquie</span> <span class='ocrx_word' id='word_1_48' title='bbox 547 576 672 636; x_wconf 78' lang='lat' dir='ltr'>nialebat</span> <span class='ocrx_word' id='word_1_49' title='bbox 689 579 764 630; x_wconf 85' lang='lat' dir='ltr'>Mur.</span> <span class='ocrx_word' id='word_1_50' title='bbox 791 575 889 642; x_wconf 87' lang='lat' dir='ltr'>„Dum</span> <span class='ocrx_word' id='word_1_51' title='bbox 907 577 1006 654; x_wconf 78' lang='lat' dir='ltr'>viguit</span> <span class='ocrx_word' id='word_1_52' title='bbox 1023 594 1070 630; x_wconf 86' lang='lat' dir='ltr'>res</span> <span class='ocrx_word' id='word_1_53' title='bbox 1088 575 1222 640; x_wconf 80' lang='lat' dir='ltr'>Romana,</span> <span class='ocrx_word' id='word_1_54' title='bbox 1246 591 1303 630; x_wconf 85' lang='lat' dir='ltr'>non</span> <span class='ocrx_word' id='word_1_55' title='bbox 1318 575 1392 628; x_wconf 88' lang='lat' dir='ltr'>modo</span> 
     </span>
     <span class='ocr_line' id='line_1_7' title="bbox 196 643 1392 724; baseline -0.005 -20"><span class='ocrx_word' id='word_1_56' title='bbox 196 651 320 706; x_wconf 79' lang='lat' dir='ltr'>urbanae</span> <span class='ocrx_word' id='word_1_57' title='bbox 338 658 367 702; x_wconf 87' lang='lat' dir='ltr'>et</span> <span class='ocrx_word' id='word_1_58' title='bbox 384 650 546 720; x_wconf 72' lang='lat' dir='ltr'><strong>praetoriae</strong></span> <span class='ocrx_word' id='word_1_59' title='bbox 564 645 706 714; x_wconf 77' lang='lat' dir='ltr'>cohortes,</span> <span class='ocrx_word' id='word_1_60' title='bbox 735 647 785 702; x_wconf 90' lang='lat' dir='ltr'>sed</span> <span class='ocrx_word' id='word_1_61' title='bbox 802 647 931 724; x_wconf 72' lang='lat' dir='ltr'>legiones</span> <span class='ocrx_word' id='word_1_62' title='bbox 950 643 1047 702; x_wconf 87' lang='lat' dir='ltr'>omne&#39;s</span> <span class='ocrx_word' id='word_1_63' title='bbox 1067 647 1178 700; x_wconf 83' lang='lat' dir='ltr'>civibus</span> <span class='ocrx_word' id='word_1_64' title='bbox 1196 645 1392 700; x_wconf 51' lang='lat' dir='ltr'>Romrconsta-</span> 
     </span>
     <span class='ocr_line' id='line_1_8' title="bbox 195 718 1391 807; baseline -0.003 -31"><span class='ocrx_word' id='word_1_65' title='bbox 195 723 272 777; x_wconf 86' lang='lat' dir='ltr'>bant.</span> <span class='ocrx_word' id='word_1_66' title='bbox 310 721 370 786; x_wconf 81' lang='lat' dir='ltr'>Qua</span> <span class='ocrx_word' id='word_1_67' title='bbox 387 721 451 807; x_wconf 67' lang='lat' dir='ltr'>lege</span> <span class='ocrx_word' id='word_1_68' title='bbox 469 719 548 774; x_wconf 84' lang='lat' dir='ltr'>nihil</span> <span class='ocrx_word' id='word_1_69' title='bbox 566 719 625 774; x_wconf 84' lang='lat' dir='ltr'>tait</span> <span class='ocrx_word' id='word_1_70' title='bbox 643 719 679 774; x_wconf 84' lang='lat' dir='ltr'>ad</span> <span class='ocrx_word' id='word_1_71' title='bbox 696 719 821 796; x_wconf 81' lang='lat' dir='ltr'><strong>gloriam</strong></span> <span class='ocrx_word' id='word_1_72' title='bbox 840 719 1029 790; x_wconf 79' lang='lat' dir='ltr'>splendidius,</span> <span class='ocrx_word' id='word_1_73' title='bbox 1055 718 1287 788; x_wconf 83' lang='lat' dir='ltr'>ad-praesidium</span> <span class='ocrx_word' id='word_1_74' title='bbox 1305 718 1391 772; x_wconf 82' lang='lat' dir='ltr'>tutius.</span> 
     </span>
     <span class='ocr_line' id='line_1_9' title="bbox 197 789 1420 864; baseline -0.009 -16"><span class='ocrx_word' id='word_1_75' title='bbox 197 793 254 848; x_wconf 89' lang='lat' dir='ltr'>Sed</span> <span class='ocrx_word' id='word_1_76' title='bbox 278 794 342 848; x_wconf 88' lang='lat' dir='ltr'>iure</span> <span class='ocrx_word' id='word_1_77' title='bbox 368 793 497 846; x_wconf 78' lang='lat' dir='ltr'>civitatis</span> <span class='ocrx_word' id='word_1_78' title='bbox 525 789 657 864; x_wconf 89' lang='lat' dir='ltr'>pluribus</span> <span class='ocrx_word' id='word_1_79' title='bbox 679 792 745 844; x_wconf 83' lang='lat' dir='ltr'>dato</span> <span class='ocrx_word' id='word_1_80' title='bbox 764 807 798 844; x_wconf 86' lang='lat' dir='ltr'>ac</span> <span class='ocrx_word' id='word_1_81' title='bbox 821 791 935 860; x_wconf 83' lang='lat' dir='ltr'>tandem</span> <span class='ocrx_word' id='word_1_82' title='bbox 956 790 991 844; x_wconf 84' lang='lat' dir='ltr'>ab</span> <span class='ocrx_word' id='word_1_83' title='bbox 1010 789 1159 844; x_wconf 81' lang='lat' dir='ltr'>Antonino</span> <span class='ocrx_word' id='word_1_84' title='bbox 1179 789 1320 845; x_wconf 79' lang='lat' dir='ltr'>Caracalla</span> <span class='ocrx_word' id='word_1_85' title='bbox 1337 805 1392 840; x_wconf 89' lang='lat' dir='ltr'>cum</span> <span class='ocrx_word' id='word_1_86' title='bbox 1419 801 1420 818; x_wconf 60' lang='lat'>¹</span> 
     </span>
     <span class='ocr_line' id='line_1_10' title="bbox 197 859 1393 934; baseline -0.006 -16"><span class='ocrx_word' id='word_1_87' title='bbox 197 865 340 929; x_wconf 85' lang='lat' dir='ltr'>omnibus,</span> <span class='ocrx_word' id='word_1_88' title='bbox 366 864 417 933; x_wconf 90' lang='lat' dir='ltr'>qui</span> <span class='ocrx_word' id='word_1_89' title='bbox 444 863 495 918; x_wconf 83' lang='lat' dir='ltr'>eub</span> <span class='ocrx_word' id='word_1_90' title='bbox 519 863 643 934; x_wconf 85' lang='lat' dir='ltr'>imperio</span> <span class='ocrx_word' id='word_1_91' title='bbox 662 861 744 918; x_wconf 84' lang='lat' dir='ltr'>Rom.</span> <span class='ocrx_word' id='word_1_92' title='bbox 770 871 864 926; x_wconf 83' lang='lat' dir='ltr'>erant,</span> <span class='ocrx_word' id='word_1_93' title='bbox 891 863 1112 926; x_wconf 84' lang='lat' dir='ltr'>communicato,</span> <span class='ocrx_word' id='word_1_94' title='bbox 1139 863 1230 932; x_wconf 87' lang='lat' dir='ltr'>periit</span> <span class='ocrx_word' id='word_1_95' title='bbox 1255 859 1393 931; x_wconf 64' lang='lat' dir='ltr'>disciplina</span> 
     </span>
     <span class='ocr_line' id='line_1_11' title="bbox 198 933 920 1004; baseline -0.003 -14"><span class='ocrx_word' id='word_1_96' title='bbox 198 937 340 990; x_wconf 81' lang='lat' dir='ltr'>militarie</span> <span class='ocrx_word' id='word_1_97' title='bbox 360 944 389 1004; x_wconf 84' lang='lat' dir='ltr'>et</span> <span class='ocrx_word' id='word_1_98' title='bbox 407 951 452 990; x_wconf 71' lang='lat' dir='ltr'>rra</span> <span class='ocrx_word' id='word_1_99' title='bbox 470 935 597 988; x_wconf 84' lang='lat' dir='ltr'>Romana</span> <span class='ocrx_word' id='word_1_100' title='bbox 615 933 824 1004; x_wconf 74' lang='lat' dir='ltr'>pessumdeta.“</span> <span class='ocrx_word' id='word_1_101' title='bbox 844 935 920 990; x_wconf 81' lang='lat' dir='ltr'>Brut.</span> 
     </span>
    </p>
   </div>
   <div class='ocr_carea' id='block_1_4' title="bbox 196 1039 1394 1900">
    <p class='ocr_par' dir='ltr' id='par_1_4' title="bbox 196 1039 1394 1900">
     <span class='ocr_line' id='line_1_12' title="bbox 215 1039 1391 1110; baseline -0.004 -11"><span class='ocrx_word' id='word_1_102' title='bbox 215 1052 218 1063; x_wconf 89' lang='grc'><em>“</em></span> <span class='ocrx_word' id='word_1_103' title='bbox 267 1045 295 1100; x_wconf 76' lang='lat'>3.</span> <span class='ocrx_word' id='word_1_104' title='bbox 312 1043 351 1095; x_wconf 75' lang='lat' dir='ltr'>Aa</span> <span class='ocrx_word' id='word_1_105' title='bbox 369 1042 441 1109; x_wconf 81' lang='lat' dir='ltr'>opud</span> <span class='ocrx_word' id='word_1_106' title='bbox 456 1042 554 1094; x_wconf 84' lang='lat' dir='ltr'>idonea</span> <span class='ocrx_word' id='word_1_107' title='bbox 570 1040 767 1110; x_wconf 79' lang='lat' dir='ltr'>provinciarum</span> <span class='ocrx_word' id='word_1_108' title='bbox 783 1039 864 1106; x_wconf 64' lang='lat' dir='ltr'>lotar</span> <span class='ocrx_word' id='word_1_109' title='bbox 882 1041 920 1094; x_wconf 79' lang='lat' dir='ltr'>cf.</span> <span class='ocrx_word' id='word_1_110' title='bbox 941 1039 1002 1094; x_wconf 89' lang='lat' dir='ltr'>ind.</span> <span class='ocrx_word' id='word_1_111' title='bbox 1016 1039 1059 1096; x_wconf 41' lang='lat'>111.</span> <span class='ocrx_word' id='word_1_112' title='bbox 1078 1057 1105 1094; x_wconf 88' lang='lat' dir='ltr'>v.</span> <span class='ocrx_word' id='word_1_113' title='bbox 1126 1039 1210 1106; x_wconf 83' lang='lat' dir='ltr'>Apud</span> <span class='ocrx_word' id='word_1_114' title='bbox 1224 1049 1254 1094; x_wconf 90' lang='lat' dir='ltr'>et</span> <span class='ocrx_word' id='word_1_115' title='bbox 1272 1039 1329 1098; x_wconf 86' lang='lat' dir='ltr'>tnt.</span> <span class='ocrx_word' id='word_1_116' title='bbox 1348 1043 1391 1098; x_wconf 85' lang='grc' dir='ltr'>ΙΙΙ.</span> 
     </span>
     <span class='ocr_line' id='line_1_13' title="bbox 197 1111 1392 1178; baseline -0.003 -9"><span class='ocrx_word' id='word_1_117' title='bbox 197 1133 226 1172; x_wconf 85' lang='lat' dir='ltr'>v.</span> <span class='ocrx_word' id='word_1_118' title='bbox 246 1115 392 1167; x_wconf 75' lang='lat' dir='ltr'>Adiectira</span> <span class='ocrx_word' id='word_1_119' title='bbox 409 1121 494 1166; x_wconf 85' lang='lat' dir='ltr'>neutr.</span> <span class='ocrx_word' id='word_1_120' title='bbox 512 1128 576 1176; x_wconf 72' lang='lat' dir='ltr'>gen.</span> <span class='ocrx_word' id='word_1_121' title='bbox 597 1138 630 1150; x_wconf 89' lang='lat'><em>-</em></span> <span class='ocrx_word' id='word_1_122' title='bbox 649 1113 740 1163; x_wconf 83' lang='lat' dir='ltr'>sociue</span> <span class='ocrx_word' id='word_1_123' title='bbox 758 1111 887 1178; x_wconf 84' lang='lat' dir='ltr'>triremes,</span> <span class='ocrx_word' id='word_1_124' title='bbox 914 1111 1060 1166; x_wconf 86' lang='lat' dir='ltr'>sociorum</span> <span class='ocrx_word' id='word_1_125' title='bbox 1087 1111 1192 1166; x_wconf 77' lang='lat' dir='ltr'>classes</span> <span class='ocrx_word' id='word_1_126' title='bbox 1218 1111 1249 1165; x_wconf 88' lang='lat' dir='ltr'>iu</span> <span class='ocrx_word' id='word_1_127' title='bbox 1269 1111 1392 1176; x_wconf 82' lang='lat' dir='ltr'><strong>Danubio,</strong></span> 
     </span>
     <span class='ocr_line' id='line_1_14' title="bbox 196 1178 1393 1252; baseline -0.003 -12"><span class='ocrx_word' id='word_1_128' title='bbox 196 1185 305 1252; x_wconf 80' lang='lat' dir='ltr'><strong>Rheno,</strong></span> <span class='ocrx_word' id='word_1_129' title='bbox 324 1185 425 1252; x_wconf 86' lang='lat' dir='ltr'>Ponto,</span> <span class='ocrx_word' id='word_1_130' title='bbox 443 1200 525 1251; x_wconf 85' lang='lat' dir='ltr'>neque</span> <span class='ocrx_word' id='word_1_131' title='bbox 543 1185 623 1236; x_wconf 87' lang='lat' dir='ltr'>multo</span> <span class='ocrx_word' id='word_1_132' title='bbox 641 1198 727 1248; x_wconf 81' lang='lat' dir='ltr'>rerer,</span> <span class='ocrx_word' id='word_1_133' title='bbox 746 1183 851 1249; x_wconf 88' lang='lat' dir='ltr'>minus,</span> <span class='ocrx_word' id='word_1_134' title='bbox 870 1183 966 1236; x_wconf 75' lang='lat' dir='ltr'>uirium</span> <span class='ocrx_word' id='word_1_135' title='bbox 983 1178 1013 1234; x_wconf 78' lang='lat' dir='ltr'>ti</span> <span class='ocrx_word' id='word_1_136' title='bbox 1031 1185 1078 1249; x_wconf 84' lang='lat' dir='ltr'>iis,</span> <span class='ocrx_word' id='word_1_137' title='bbox 1105 1201 1143 1236; x_wconf 81' lang='lat' dir='ltr'>ec.</span> <span class='ocrx_word' id='word_1_138' title='bbox 1163 1183 1220 1235; x_wconf 84' lang='lat' dir='ltr'>alis</span> <span class='ocrx_word' id='word_1_139' title='bbox 1244 1189 1270 1236; x_wconf 85' lang='lat' dir='ltr'>et</span> <span class='ocrx_word' id='word_1_140' title='bbox 1293 1187 1393 1238; x_wconf 74' lang='lat' dir='ltr'>auxiliis</span> 
     </span>
     <span class='ocr_line' id='line_1_15' title="bbox 197 1251 1392 1326; baseline -0.001 -16"><span class='ocrx_word' id='word_1_141' title='bbox 197 1256 438 1322; x_wconf 61' lang='lat' dir='ltr'>robertianum.</span> <span class='ocrx_word' id='word_1_142' title='bbox 467 1255 613 1326; x_wconf 84' lang='lat' dir='ltr'>equitibus</span> <span class='ocrx_word' id='word_1_143' title='bbox 640 1251 841 1326; x_wconf 79' lang='lat' dir='ltr'>peditibusque</span> <span class='ocrx_word' id='word_1_144' title='bbox 868 1256 1011 1309; x_wconf 85' lang='lat' dir='ltr'>sociorum</span> <span class='ocrx_word' id='word_1_145' title='bbox 1039 1253 1241 1318; x_wconf 78' lang='lat' dir='ltr'>auxiliaribus,</span> <span class='ocrx_word' id='word_1_146' title='bbox 1271 1255 1310 1321; x_wconf 83' lang='lat' dir='ltr'>(v.</span> <span class='ocrx_word' id='word_1_147' title='bbox 1327 1256 1392 1318; x_wconf 74' lang='lat' dir='ltr'>adi,</span> 
     </span>
     <span class='ocr_line' id='line_1_16' title="bbox 196 1319 1392 1410; baseline -0.001 -30"><span class='ocrx_word' id='word_1_148' title='bbox 196 1332 241 1394; x_wconf 75' lang='lat'>82,</span> <span class='ocrx_word' id='word_1_149' title='bbox 253 1330 295 1396; x_wconf 77' lang='lat'>2)</span> <span class='ocrx_word' id='word_1_150' title='bbox 314 1347 399 1398; x_wconf 88' lang='lat' dir='ltr'>quam</span> <span class='ocrx_word' id='word_1_151' title='bbox 411 1327 441 1380; x_wconf 91' lang='lat' dir='ltr'>in</span> <span class='ocrx_word' id='word_1_152' title='bbox 454 1325 634 1406; x_wconf 81' lang='lat' dir='ltr'>legionibus:</span> <span class='ocrx_word' id='word_1_153' title='bbox 654 1343 689 1378; x_wconf 85' lang='lat' dir='ltr'>ex</span> <span class='ocrx_word' id='word_1_154' title='bbox 707 1339 763 1395; x_wconf 87' lang='lat' dir='ltr'>quo</span> <span class='ocrx_word' id='word_1_155' title='bbox 782 1319 1014 1404; x_wconf 81' lang='lat' dir='ltr'>magnitudinem</span> <span class='ocrx_word' id='word_1_156' title='bbox 1033 1329 1156 1410; x_wconf 79' lang='lat' dir='ltr'>opesque</span> <span class='ocrx_word' id='word_1_157' title='bbox 1174 1325 1273 1380; x_wconf 79' lang='lat' dir='ltr'>rideas</span> <span class='ocrx_word' id='word_1_158' title='bbox 1292 1327 1392 1398; x_wconf 85' lang='lat' dir='ltr'>imperii</span> 
     </span>
     <span class='ocr_line' id='line_1_17' title="bbox 197 1395 1392 1466; baseline -0.004 -12"><span class='ocrx_word' id='word_1_159' title='bbox 197 1401 334 1465; x_wconf 77' lang='lat' dir='ltr'>Romani3</span> <span class='ocrx_word' id='word_1_160' title='bbox 354 1401 430 1466; x_wconf 80' lang='lat' dir='ltr'>Lipr.</span> <span class='ocrx_word' id='word_1_161' title='bbox 450 1431 482 1442; x_wconf 89' lang='lat'><em>-</em></span> <span class='ocrx_word' id='word_1_162' title='bbox 502 1399 550 1450; x_wconf 77' lang='lat' dir='ltr'>red</span> <span class='ocrx_word' id='word_1_163' title='bbox 566 1395 688 1466; x_wconf 72' lang='lat' dir='ltr'>persequi</span> <span class='ocrx_word' id='word_1_164' title='bbox 706 1397 833 1450; x_wconf 82' lang='lat' dir='ltr'>incertum</span> <span class='ocrx_word' id='word_1_165' title='bbox 852 1399 936 1466; x_wconf 76' lang='lat' dir='ltr'>suerit</span> <span class='ocrx_word' id='word_1_166' title='bbox 955 1405 1009 1450; x_wconf 89' lang='lat' dir='ltr'>cet.</span> <span class='ocrx_word' id='word_1_167' title='bbox 1029 1397 1139 1450; x_wconf 80' lang='lat' dir='ltr'>auxilia</span> <span class='ocrx_word' id='word_1_168' title='bbox 1155 1413 1215 1450; x_wconf 89' lang='lat' dir='ltr'>non</span> <span class='ocrx_word' id='word_1_169' title='bbox 1243 1405 1321 1451; x_wconf 88' lang='lat' dir='ltr'>certo</span> <span class='ocrx_word' id='word_1_170' title='bbox 1337 1399 1392 1451; x_wconf 81' lang='lat' dir='ltr'>satis</span> 
     </span>
     <span class='ocr_line' id='line_1_18' title="bbox 198 1467 1392 1546; baseline -0.005 -20"><span class='ocrx_word' id='word_1_171' title='bbox 198 1481 229 1526; x_wconf 90' lang='lat' dir='ltr'>et</span> <span class='ocrx_word' id='word_1_172' title='bbox 246 1479 378 1525; x_wconf 83' lang='lat' dir='ltr'>accurate</span> <span class='ocrx_word' id='word_1_173' title='bbox 396 1471 544 1524; x_wconf 85' lang='lat' dir='ltr'>recenseri</span> <span class='ocrx_word' id='word_1_174' title='bbox 563 1475 694 1540; x_wconf 84' lang='lat' dir='ltr'>possunt,</span> <span class='ocrx_word' id='word_1_175' title='bbox 720 1485 809 1540; x_wconf 88' lang='lat' dir='ltr'>quum</span> <span class='ocrx_word' id='word_1_176' title='bbox 828 1471 957 1546; x_wconf 79' lang='lat' dir='ltr'>legiones</span> <span class='ocrx_word' id='word_1_177' title='bbox 976 1477 1068 1522; x_wconf 87' lang='lat' dir='ltr'>certas</span> <span class='ocrx_word' id='word_1_178' title='bbox 1094 1469 1234 1522; x_wconf 83' lang='lat' dir='ltr'>stationes</span> <span class='ocrx_word' id='word_1_179' title='bbox 1260 1467 1392 1533; x_wconf 87' lang='lat' dir='ltr'>habereut,</span> 
     </span>
     <span class='ocr_line' id='line_1_19' title="bbox 199 1537 1393 1613; baseline -0.006 -16"><span class='ocrx_word' id='word_1_180' title='bbox 199 1543 254 1598; x_wconf 86' lang='lat' dir='ltr'>etsi</span> <span class='ocrx_word' id='word_1_181' title='bbox 274 1559 332 1595; x_wconf 88' lang='lat' dir='ltr'>non</span> <span class='ocrx_word' id='word_1_182' title='bbox 350 1543 436 1613; x_wconf 87' lang='lat' dir='ltr'>plane</span> <span class='ocrx_word' id='word_1_183' title='bbox 456 1539 661 1604; x_wconf 82' lang='lat' dir='ltr'>immutabiles,</span> <span class='ocrx_word' id='word_1_184' title='bbox 681 1537 798 1594; x_wconf 76' lang='lat' dir='ltr'>auxiliis</span> <span class='ocrx_word' id='word_1_185' title='bbox 817 1551 914 1595; x_wconf 88' lang='lat' dir='ltr'>autem</span> <span class='ocrx_word' id='word_1_186' title='bbox 933 1540 1033 1594; x_wconf 88' lang='lat' dir='ltr'>nullus</span> <span class='ocrx_word' id='word_1_187' title='bbox 1059 1543 1153 1592; x_wconf 75' lang='lat' dir='ltr'>aaran</span> <span class='ocrx_word' id='word_1_188' title='bbox 1180 1539 1263 1593; x_wconf 90' lang='lat' dir='ltr'>locus</span> <span class='ocrx_word' id='word_1_189' title='bbox 1288 1540 1393 1594; x_wconf 85' lang='lat' dir='ltr'>attribu-</span> 
     </span>
     <span class='ocr_line' id='line_1_20' title="bbox 197 1609 1392 1684; baseline -0.005 -17"><span class='ocrx_word' id='word_1_190' title='bbox 197 1623 245 1667; x_wconf 91' lang='lat' dir='ltr'>tus</span> <span class='ocrx_word' id='word_1_191' title='bbox 265 1623 353 1680; x_wconf 86' lang='lat' dir='ltr'>csset;</span> <span class='ocrx_word' id='word_1_192' title='bbox 379 1615 444 1670; x_wconf 82' lang='lat' dir='ltr'>Era.</span> <span class='ocrx_word' id='word_1_193' title='bbox 480 1615 564 1680; x_wconf 63' lang='lat' dir='ltr'>puerit</span> <span class='ocrx_word' id='word_1_194' title='bbox 589 1611 652 1664; x_wconf 91' lang='lat' dir='ltr'>edd.</span> <span class='ocrx_word' id='word_1_195' title='bbox 678 1625 734 1663; x_wconf 82' lang='lat' dir='ltr'>rec.</span> <span class='ocrx_word' id='word_1_196' title='bbox 760 1631 795 1667; x_wconf 82' lang='lat' dir='ltr'>ex</span> <span class='ocrx_word' id='word_1_197' title='bbox 823 1611 932 1666; x_wconf 90' lang='lat' dir='ltr'>emend.</span> <span class='ocrx_word' id='word_1_198' title='bbox 953 1611 1032 1684; x_wconf 80' lang='lat' dir='ltr'>lips.</span> <span class='ocrx_word' id='word_1_199' title='bbox 1057 1611 1112 1674; x_wconf 72' lang='lat' dir='ltr'>salt</span> <span class='ocrx_word' id='word_1_200' title='bbox 1134 1609 1192 1665; x_wconf 83' lang='lat' dir='ltr'>MS.</span> <span class='ocrx_word' id='word_1_201' title='bbox 1218 1621 1248 1666; x_wconf 87' lang='lat' dir='ltr'>ct</span> <span class='ocrx_word' id='word_1_202' title='bbox 1271 1612 1329 1666; x_wconf 76' lang='lat' dir='ltr'>edd¹</span> <span class='ocrx_word' id='word_1_203' title='bbox 1347 1619 1392 1664; x_wconf 84' lang='lat' dir='ltr'>vet.</span> 
     </span>
     <span class='ocr_line' id='line_1_21' title="bbox 196 1679 1394 1754; baseline -0.003 -16"><span class='ocrx_word' id='word_1_204' title='bbox 196 1686 321 1754; x_wconf 78' lang='lat' dir='ltr'>persequi</span> <span class='ocrx_word' id='word_1_205' title='bbox 339 1685 466 1736; x_wconf 85' lang='lat' dir='ltr'>incertum</span> <span class='ocrx_word' id='word_1_206' title='bbox 485 1685 576 1748; x_wconf 75' lang='lat' dir='ltr'>fuerit,</span> <span class='ocrx_word' id='word_1_207' title='bbox 595 1691 630 1734; x_wconf 93' lang='lat' dir='ltr'>ut</span> <span class='ocrx_word' id='word_1_208' title='bbox 649 1682 691 1744; x_wconf 80' lang='lat'>1⁵,</span> <span class='ocrx_word' id='word_1_209' title='bbox 708 1683 754 1736; x_wconf 78' lang='lat' dir='ltr'>tl.</span> <span class='ocrx_word' id='word_1_210' title='bbox 788 1684 905 1736; x_wconf 86' lang='lat' dir='ltr'>domuum</span> <span class='ocrx_word' id='word_1_211' title='bbox 927 1695 1056 1734; x_wconf 75' lang='lat' dir='ltr'>numerum</span> <span class='ocrx_word' id='word_1_212' title='bbox 1082 1679 1154 1733; x_wconf 80' lang='lat' dir='ltr'>inire</span> <span class='ocrx_word' id='word_1_213' title='bbox 1172 1683 1248 1736; x_wconf 78' lang='lat' dir='ltr'>baud</span> <span class='ocrx_word' id='word_1_214' title='bbox 1269 1689 1394 1751; x_wconf 67' lang='lat' dir='ltr'>promptum</span> 
     </span>
     <span class='ocr_line' id='line_1_22' title="bbox 198 1751 1393 1828; baseline -0.003 -20"><span class='ocrx_word' id='word_1_215' title='bbox 198 1757 290 1822; x_wconf 68' lang='lat' dir='ltr'>fuerit.</span> <span class='ocrx_word' id='word_1_216' title='bbox 328 1753 359 1808; x_wconf 84' lang='lat' dir='ltr'>st</span> <span class='ocrx_word' id='word_1_217' title='bbox 378 1764 473 1810; x_wconf 88' lang='lat' dir='ltr'>tamen</span> <span class='ocrx_word' id='word_1_218' title='bbox 492 1756 546 1821; x_wconf 74' lang='lat' dir='ltr'>fuit</span> <span class='ocrx_word' id='word_1_219' title='bbox 563 1751 774 1808; x_wconf 78' lang='lat' dir='ltr'>defendendum</span> <span class='ocrx_word' id='word_1_220' title='bbox 794 1755 961 1828; x_wconf 80' lang='lat' dir='ltr'>sumpseris,</span> <span class='ocrx_word' id='word_1_221' title='bbox 987 1761 1135 1808; x_wconf 86' lang='lat' dir='ltr'>auctorem</span> <span class='ocrx_word' id='word_1_222' title='bbox 1159 1754 1239 1822; x_wconf 81' lang='lat' dir='ltr'>dices</span> <span class='ocrx_word' id='word_1_223' title='bbox 1262 1770 1319 1808; x_wconf 88' lang='lat' dir='ltr'>nen</span> <span class='ocrx_word' id='word_1_224' title='bbox 1339 1770 1393 1806; x_wconf 88' lang='lat' dir='ltr'>cou-</span> 
     </span>
     <span class='ocr_line' id='line_1_23' title="bbox 198 1823 1393 1900; baseline 0 -20"><span class='ocrx_word' id='word_1_225' title='bbox 198 1828 287 1881; x_wconf 88' lang='lat' dir='ltr'>iicere</span> <span class='ocrx_word' id='word_1_226' title='bbox 305 1825 448 1880; x_wconf 80' lang='lat' dir='ltr'>incer-mm</span> <span class='ocrx_word' id='word_1_227' title='bbox 469 1830 543 1891; x_wconf 85' lang='lat' dir='ltr'>fore,</span> <span class='ocrx_word' id='word_1_228' title='bbox 567 1825 617 1879; x_wconf 89' lang='lat' dir='ltr'>sed</span> <span class='ocrx_word' id='word_1_229' title='bbox 639 1823 736 1895; x_wconf 89' lang='lat' dir='ltr'>potius</span> <span class='ocrx_word' id='word_1_230' title='bbox 763 1843 936 1892; x_wconf 82' lang='lat' dir='ltr'>asseverare,</span> <span class='ocrx_word' id='word_1_231' title='bbox 964 1826 1110 1880; x_wconf 87' lang='lat' dir='ltr'>incertum</span> <span class='ocrx_word' id='word_1_232' title='bbox 1126 1825 1236 1894; x_wconf 84' lang='lat' dir='ltr'>-iuisse,</span> <span class='ocrx_word' id='word_1_233' title='bbox 1262 1845 1346 1900; x_wconf 75' lang='lat' dir='ltr'>qurum</span> <span class='ocrx_word' id='word_1_234' title='bbox 1366 1843 1393 1880; x_wconf 78' lang='lat' dir='ltr'>ex</span> 
     </span>
    </p>
   </div>
   <div class='ocr_carea' id='block_1_5' title="bbox 199 1894 1393 2026">
    <p class='ocr_par' dir='ltr' id='par_1_5' title="bbox 199 1894 1393 2026">
     <span class='ocr_line' id='line_1_24' title="bbox 199 1894 1393 2024; baseline 0.001 -75"><span class='ocrx_word' id='word_1_235' title='bbox 199 1898 538 2024; x_wconf 58' lang='lat' dir='ltr'>actqqdmppimeutisque</span> <span class='ocrx_word' id='word_1_236' title='bbox 561 1895 688 1982; x_wconf 86' lang='lat' dir='ltr'>publicis</span> <span class='ocrx_word' id='word_1_237' title='bbox 711 1894 783 1976; x_wconf 84' lang='lat' dir='ltr'>haec</span> <span class='ocrx_word' id='word_1_238' title='bbox 809 1895 1019 1958; x_wconf 81' lang='lat' dir='ltr'>scrutaretur.“</span> <span class='ocrx_word' id='word_1_239' title='bbox 1047 1895 1152 1953; x_wconf 80' lang='lat' dir='ltr'>Waitlt.</span> <span class='ocrx_word' id='word_1_240' title='bbox 1190 1931 1225 1942; x_wconf 90' lang='lat'><em>-</em></span> <span class='ocrx_word' id='word_1_241' title='bbox 1253 1900 1393 1964; x_wconf 75' lang='lat' dir='ltr'>gliscerent,</span> 
     </span>
     <span class='ocr_line' id='line_1_25' title="bbox 199 1987 682 2026; baseline 0 -28"><span class='ocrx_word' id='word_1_242' title='bbox 199 1987 226 2026; x_wconf 41' lang='lat' dir='ltr'>v·</span> <span class='ocrx_word' id='word_1_243' title='bbox 300 2007 308 2021; x_wconf 48' lang='lat'><strong>·</strong></span> <span class='ocrx_word' id='word_1_244' title='bbox 357 2013 364 2026; x_wconf 44' lang='lat'><strong>·</strong></span> <span class='ocrx_word' id='word_1_245' title='bbox 678 1992 682 1998; x_wconf 93' lang='lat'>.</span> 
     </span>
    </p>
   </div>
   <div class='ocr_carea' id='block_1_6' title="bbox 494 2067 992 2186">
    <p class='ocr_par' dir='ltr' id='par_1_6' title="bbox 494 2067 992 2186">
     <span class='ocr_line' id='line_1_26' title="bbox 494 2067 992 2186; baseline -0.004 -15"><span class='ocrx_word' id='word_1_246' title='bbox 494 2067 505 2118; x_wconf 59' lang='lat'>³</span> <span class='ocrx_word' id='word_1_247' title='bbox 606 2111 992 2186; x_wconf 41' lang='lat' dir='ltr'>,caruerun-</span> 
     </span>
    </p>
   </div>
   <div class='ocr_carea' id='block_1_7' title="bbox 199 2219 1420 3053">
    <p class='ocr_par' dir='ltr' id='par_1_7' title="bbox 199 2219 1420 3053">
     <span class='ocr_line' id='line_1_27' title="bbox 200 2219 1394 2306; baseline -0.005 -22"><span class='ocrx_word' id='word_1_248' title='bbox 200 2265 202 2273; x_wconf 63' lang='lat'><em>=</em></span> <span class='ocrx_word' id='word_1_249' title='bbox 281 2219 475 2306; x_wconf 80' lang='lat' dir='ltr'>Congruens</span> <span class='ocrx_word' id='word_1_250' title='bbox 488 2219 701 2301; x_wconf 86' lang='lat' dir='ltr'>crediderim,</span> <span class='ocrx_word' id='word_1_251' title='bbox 723 2243 897 2286; x_wconf 87' lang='lat' dir='ltr'>recensere</span> <span class='ocrx_word' id='word_1_252' title='bbox 909 2231 1035 2285; x_wconf 79' lang='lat' dir='ltr'>ceteras</span> <span class='ocrx_word' id='word_1_253' title='bbox 1051 2241 1180 2306; x_wconf 88' lang='lat' dir='ltr'>quoque</span> <span class='ocrx_word' id='word_1_254' title='bbox 1194 2223 1248 2286; x_wconf 89' lang='lat' dir='ltr'>rei</span> <span class='ocrx_word' id='word_1_255' title='bbox 1262 2221 1394 2306; x_wconf 86' lang='lat' dir='ltr'>publicae</span> 
     </span>
     <span class='ocr_line' id='line_1_28' title="bbox 199 2303 1393 2390; baseline -0.006 -23"><span class='ocrx_word' id='word_1_256' title='bbox 199 2313 324 2390; x_wconf 84' lang='lat' dir='ltr'>partes,</span> <span class='ocrx_word' id='word_1_257' title='bbox 346 2307 464 2388; x_wconf 87' lang='lat' dir='ltr'>quibus</span> <span class='ocrx_word' id='word_1_258' title='bbox 487 2305 592 2368; x_wconf 85' lang='lat' dir='ltr'>modis</span> <span class='ocrx_word' id='word_1_259' title='bbox 614 2305 654 2367; x_wconf 86' lang='lat' dir='ltr'>ad</span> <span class='ocrx_word' id='word_1_260' title='bbox 677 2326 748 2368; x_wconf 87' lang='lat' dir='ltr'>eam</span> <span class='ocrx_word' id='word_1_261' title='bbox 771 2305 858 2368; x_wconf 89' lang='lat' dir='ltr'>diem</span> <span class='ocrx_word' id='word_1_262' title='bbox 880 2305 1013 2369; x_wconf 88' lang='lat' dir='ltr'>habitae</span> <span class='ocrx_word' id='word_1_263' title='bbox 1025 2307 1102 2382; x_wconf 82' lang='lat' dir='ltr'>siut,</span> <span class='ocrx_word' id='word_1_264' title='bbox 1125 2305 1258 2387; x_wconf 89' lang='lat' dir='ltr'>quando</span> <span class='ocrx_word' id='word_1_265' title='bbox 1274 2303 1393 2366; x_wconf 88' lang='lat' dir='ltr'>Tiberio</span> 
     </span>
     <span class='ocr_line' id='line_1_29' title="bbox 200 2385 1394 2470; baseline -0.005 -20"><span class='ocrx_word' id='word_1_266' title='bbox 200 2391 319 2464; x_wconf 87' lang='lat' dir='ltr'>mutati</span> <span class='ocrx_word' id='word_1_267' title='bbox 340 2391 375 2449; x_wconf 90' lang='lat' dir='ltr'>in</span> <span class='ocrx_word' id='word_1_268' title='bbox 396 2387 543 2450; x_wconf 89' lang='lat' dir='ltr'>deterius</span> <span class='ocrx_word' id='word_1_269' title='bbox 567 2389 770 2470; x_wconf 88' lang='lat' dir='ltr'>principatus</span> <span class='ocrx_word' id='word_1_270' title='bbox 792 2391 927 2452; x_wconf 89' lang='lat' dir='ltr'>initium</span> <span class='ocrx_word' id='word_1_271' title='bbox 953 2389 1013 2452; x_wconf 91' lang='lat' dir='ltr'>ille</span> <span class='ocrx_word' id='word_1_272' title='bbox 1041 2409 1147 2451; x_wconf 84' lang='lat' dir='ltr'>annua</span> <span class='ocrx_word' id='word_1_273' title='bbox 1173 2389 1299 2452; x_wconf 85' lang='lat' dir='ltr'>attulit.</span> <span class='ocrx_word' id='word_1_274' title='bbox 1337 2385 1394 2446; x_wconf 88' lang='lat' dir='ltr'>Ian</span> 
     </span>
     <span class='ocr_line' id='line_1_30' title="bbox 199 2469 1394 2559; baseline -0.005 -27"><span class='ocrx_word' id='word_1_275' title='bbox 199 2473 346 2554; x_wconf 82' lang='lat' dir='ltr'>primurn</span> <span class='ocrx_word' id='word_1_276' title='bbox 377 2473 510 2553; x_wconf 85' lang='lat' dir='ltr'>publica</span> <span class='ocrx_word' id='word_1_277' title='bbox 538 2474 672 2559; x_wconf 83' lang='lat' dir='ltr'>negotia</span> <span class='ocrx_word' id='word_1_278' title='bbox 700 2481 733 2541; x_wconf 89' lang='lat' dir='ltr'>et</span> <span class='ocrx_word' id='word_1_279' title='bbox 762 2475 972 2554; x_wconf 87' lang='lat' dir='ltr'>privaturum</span> <span class='ocrx_word' id='word_1_280' title='bbox 1008 2475 1151 2536; x_wconf 86' lang='lat' dir='ltr'>maxima</span> <span class='ocrx_word' id='word_1_281' title='bbox 1183 2470 1272 2552; x_wconf 90' lang='lat' dir='ltr'>apud</span> <span class='ocrx_word' id='word_1_282' title='bbox 1299 2469 1394 2530; x_wconf 74' lang='lat' dir='ltr'>Patres</span> 
     </span>
     <span class='ocr_line' id='line_1_31' title="bbox 200 2553 1394 2638; baseline -0.008 -19"><span class='ocrx_word' id='word_1_283' title='bbox 200 2555 430 2619; x_wconf 81' lang='lat' dir='ltr'>tractabantur</span> <span class='ocrx_word' id='word_1_284' title='bbox 451 2553 656 2637; x_wconf 86' lang='lat' dir='ltr'>dabaturque</span> <span class='ocrx_word' id='word_1_285' title='bbox 673 2557 875 2638; x_wconf 82' lang='lat' dir='ltr'>prirnoribus</span> <span class='ocrx_word' id='word_1_286' title='bbox 889 2553 1065 2634; x_wconf 83' lang='lat' dir='ltr'>disserere,</span> <span class='ocrx_word' id='word_1_287' title='bbox 1087 2557 1169 2617; x_wconf 88' lang='lat' dir='ltr'>etin</span> <span class='ocrx_word' id='word_1_288' title='bbox 1187 2553 1394 2618; x_wconf 85' lang='lat' dir='ltr'>adulationem</span> 
     </span>
     <span class='ocr_line' id='line_1_32' title="bbox 200 2629 1394 2720; baseline -0.005 -22"><span class='ocrx_word' id='word_1_289' title='bbox 200 2637 308 2718; x_wconf 76' lang='lat' dir='ltr'>lapsos</span> <span class='ocrx_word' id='word_1_290' title='bbox 331 2637 506 2718; x_wconf 71' lang='lat' dir='ltr'>collibebat</span> <span class='ocrx_word' id='word_1_291' title='bbox 527 2635 617 2719; x_wconf 76' lang='lat' dir='ltr'>ipse;¹</span> <span class='ocrx_word' id='word_1_292' title='bbox 649 2637 888 2720; x_wconf 85' lang='lat' dir='ltr'>mandabatque</span> <span class='ocrx_word' id='word_1_293' title='bbox 915 2629 1057 2700; x_wconf 78' lang='lat' dir='ltr'>bonores</span> <span class='ocrx_word' id='word_1_294' title='bbox 1080 2638 1289 2714; x_wconf 85' lang='lat' dir='ltr'>nobilitatem</span> <span class='ocrx_word' id='word_1_295' title='bbox 1309 2636 1394 2698; x_wconf 81' lang='lat' dir='ltr'>maio</span> 
     </span>
     <span class='ocr_line' id='line_1_33' title="bbox 200 2715 1420 2803; baseline -0.002 -23"><span class='ocrx_word' id='word_1_296' title='bbox 200 2715 545 2790; x_wconf 67' lang='lat' dir='ltr'>rum-claritudinem</span> <span class='ocrx_word' id='word_1_297' title='bbox 566 2722 718 2798; x_wconf 86' lang='lat' dir='ltr'>militiae,</span> <span class='ocrx_word' id='word_1_298' title='bbox 750 2722 899 2784; x_wconf 82' lang='lat' dir='ltr'>illustres</span> <span class='ocrx_word' id='word_1_299' title='bbox 928 2720 1018 2783; x_wconf 88' lang='lat' dir='ltr'>domi</span> <span class='ocrx_word' id='word_1_300' title='bbox 1039 2732 1128 2783; x_wconf 83' lang='lat' dir='ltr'>artes</span> <span class='ocrx_word' id='word_1_301' title='bbox 1151 2717 1337 2803; x_wconf 80' lang='lat' dir='ltr'>spectando,</span> <span class='ocrx_word' id='word_1_302' title='bbox 1365 2721 1395 2774; x_wconf 89' lang='lat' dir='ltr'>nl</span> <span class='ocrx_word' id='word_1_303' title='bbox 1419 2775 1420 2778; x_wconf 74' lang='grc'>,</span> 
     </span>
     <span class='ocr_line' id='line_1_34' title="bbox 200 2803 1395 2885; baseline -0.002 -23"><span class='ocrx_word' id='word_1_304' title='bbox 200 2803 280 2862; x_wconf 86' lang='lat' dir='ltr'>satis</span> <span class='ocrx_word' id='word_1_305' title='bbox 302 2811 480 2880; x_wconf 78' lang='lat' dir='ltr'>consumet,</span> <span class='ocrx_word' id='word_1_306' title='bbox 512 2823 580 2864; x_wconf 89' lang='lat' dir='ltr'>non</span> <span class='ocrx_word' id='word_1_307' title='bbox 601 2805 682 2864; x_wconf 82' lang='lat' dir='ltr'>alios</span> <span class='ocrx_word' id='word_1_308' title='bbox 703 2807 851 2885; x_wconf 86' lang='lat' dir='ltr'>potiores</span> <span class='ocrx_word' id='word_1_309' title='bbox 873 2805 985 2867; x_wconf 84' lang='lat' dir='ltr'>fuisse.</span> <span class='ocrx_word' id='word_1_310' title='bbox 1028 2803 1096 2867; x_wconf 89' lang='lat' dir='ltr'>Sua</span> <span class='ocrx_word' id='word_1_311' title='bbox 1117 2803 1320 2878; x_wconf 84' lang='lat' dir='ltr'>consulibus,</span> <span class='ocrx_word' id='word_1_312' title='bbox 1347 2817 1395 2860; x_wconf 83' lang='lat' dir='ltr'>sua</span> 
     </span>
     <span class='ocr_line' id='line_1_35' title="bbox 200 2883 1395 2972; baseline -0.005 -27"><span class='ocrx_word' id='word_1_313' title='bbox 200 2887 411 2967; x_wconf 88' lang='lat' dir='ltr'>praetoribus</span> <span class='ocrx_word' id='word_1_314' title='bbox 440 2887 573 2967; x_wconf 87' lang='lat' dir='ltr'>species.</span> <span class='ocrx_word' id='word_1_315' title='bbox 625 2885 799 2948; x_wconf 88' lang='lat' dir='ltr'>Minurum</span> <span class='ocrx_word' id='word_1_316' title='bbox 828 2905 956 2970; x_wconf 88' lang='lat' dir='ltr'>quoque</span> <span class='ocrx_word' id='word_1_317' title='bbox 982 2889 1240 2972; x_wconf 80' lang='lat' dir='ltr'>magistratuum</span> <span class='ocrx_word' id='word_1_318' title='bbox 1270 2883 1395 2948; x_wconf 85' lang='lat' dir='ltr'>exercita</span> 
     </span>
     <span class='ocr_line' id='line_1_36' title="bbox 200 2966 1420 3053; baseline 0 -23"><span class='ocrx_word' id='word_1_319' title='bbox 200 2977 355 3049; x_wconf 86' lang='lat' dir='ltr'>potestas,</span> <span class='ocrx_word' id='word_1_320' title='bbox 377 2969 547 3052; x_wconf 81' lang='lat' dir='ltr'>legesque,</span> <span class='ocrx_word' id='word_1_321' title='bbox 580 2969 609 3030; x_wconf 83' lang='lat' dir='ltr'>si</span> <span class='ocrx_word' id='word_1_322' title='bbox 629 2971 808 3033; x_wconf 84' lang='lat' dir='ltr'>maiestatis</span> <span class='ocrx_word' id='word_1_323' title='bbox 831 2973 978 3053; x_wconf 87' lang='lat' dir='ltr'>quaestio</span> <span class='ocrx_word' id='word_1_324' title='bbox 1008 2973 1225 3047; x_wconf 80' lang='lat' dir='ltr'>eximeretur,</span> <span class='ocrx_word' id='word_1_325' title='bbox 1259 2968 1341 3029; x_wconf 89' lang='lat' dir='ltr'>bono</span> <span class='ocrx_word' id='word_1_326' title='bbox 1368 2966 1420 3030; x_wconf 45' lang='lat' dir='ltr'>iu¹</span> 
     </span>
    </p>
   </div>
   <div class='ocr_carea' id='block_1_8' title="bbox 200 3052 1395 3197">
    <p class='ocr_par' dir='ltr' id='par_1_8' title="bbox 200 3052 1395 3197">
     <span class='ocr_line' id='line_1_37' title="bbox 200 3052 1395 3197; baseline -0.006 -85"><span class='ocrx_word' id='word_1_327' title='bbox 200 3071 273 3114; x_wconf 88' lang='lat' dir='ltr'>usu.</span> <span class='ocrx_word' id='word_1_328' title='bbox 315 3052 552 3114; x_wconf 72' lang='lat' dir='ltr'>aisiamenta</span> <span class='ocrx_word' id='word_1_329' title='bbox 580 3063 614 3115; x_wconf 85' lang='lat' dir='ltr'>et</span> <span class='ocrx_word' id='word_1_330' title='bbox 639 3055 799 3197; x_wconf 73' lang='lat' dir='ltr'>pecuniae</span> <span class='ocrx_word' id='word_1_331' title='bbox 824 3054 1023 3139; x_wconf 78' lang='lat' dir='ltr'>vectigales,</span> <span class='ocrx_word' id='word_1_332' title='bbox 1058 3061 1169 3114; x_wconf 88' lang='lat' dir='ltr'>cetera</span> <span class='ocrx_word' id='word_1_333' title='bbox 1200 3052 1395 3134; x_wconf 86' lang='lat' dir='ltr'>publicorum</span> 
     </span>
    </p>
   </div>
   <div class='ocr_carea' id='block_1_9' title="bbox 200 3131 1420 3882">
    <p class='ocr_par' dir='ltr' id='par_1_9' title="bbox 200 3131 1420 3882">
     <span class='ocr_line' id='line_1_38' title="bbox 650 3131 1394 3221; baseline -0.007 -25"><span class='ocrx_word' id='word_1_334' title='bbox 650 3131 793 3217; x_wconf 44' lang='lat' dir='ltr'>‚quitum</span> <span class='ocrx_word' id='word_1_335' title='bbox 819 3135 1043 3208; x_wconf 84' lang='lat' dir='ltr'>Romanorum</span> <span class='ocrx_word' id='word_1_336' title='bbox 1070 3135 1294 3221; x_wconf 81' lang='lat' dir='ltr'>agitabantur.</span> <span class='ocrx_word' id='word_1_337' title='bbox 1345 3131 1394 3192; x_wconf 80' lang='lat' dir='ltr'>tes</span> 
     </span>
     <span class='ocr_line' id='line_1_39' title="bbox 201 3215 1395 3306; baseline -0.005 -28"><span class='ocrx_word' id='word_1_338' title='bbox 201 3239 275 3280; x_wconf 84' lang='lat' dir='ltr'>suas</span> <span class='ocrx_word' id='word_1_339' title='bbox 299 3215 419 3282; x_wconf 80' lang='lat' dir='ltr'>Caesar</span> <span class='ocrx_word' id='word_1_340' title='bbox 445 3220 683 3299; x_wconf 81' lang='lat' dir='ltr'>spectatissimo</span> <span class='ocrx_word' id='word_1_341' title='bbox 711 3222 845 3301; x_wconf 90' lang='lat' dir='ltr'>cuique,</span> <span class='ocrx_word' id='word_1_342' title='bbox 878 3219 1085 3300; x_wconf 89' lang='lat' dir='ltr'>quibusdam.</span> <span class='ocrx_word' id='word_1_343' title='bbox 1104 3221 1228 3306; x_wconf 79' lang='lat' dir='ltr'>ignotis</span> <span class='ocrx_word' id='word_1_344' title='bbox 1259 3237 1297 3280; x_wconf 78' lang='lat' dir='ltr'>ex</span> <span class='ocrx_word' id='word_1_345' title='bbox 1325 3218 1395 3276; x_wconf 84' lang='lat' dir='ltr'>laun</span> 
     </span>
     <span class='ocr_line' id='line_1_40' title="bbox 201 3295 1394 3384; baseline -0.003 -24"><span class='ocrx_word' id='word_1_346' title='bbox 201 3299 388 3378; x_wconf 86' lang='lat' dir='ltr'>mandabat,</span> <span class='ocrx_word' id='word_1_347' title='bbox 413 3303 584 3384; x_wconf 77' lang='lat' dir='ltr'>semelque</span> <span class='ocrx_word' id='word_1_348' title='bbox 615 3305 786 3383; x_wconf 83' lang='lat' dir='ltr'>assumpti.</span> <span class='ocrx_word' id='word_1_349' title='bbox 809 3303 1009 3365; x_wconf 88' lang='lat' dir='ltr'>tenebantur</span> <span class='ocrx_word' id='word_1_350' title='bbox 1041 3309 1184 3384; x_wconf 77' lang='lat' dir='ltr'>prorsus&#39;</span> <span class='ocrx_word' id='word_1_351' title='bbox 1207 3303 1281 3362; x_wconf 86' lang='lat' dir='ltr'>siue</span> <span class='ocrx_word' id='word_1_352' title='bbox 1302 3295 1394 3368; x_wconf 82' lang='lat' dir='ltr'>modu,</span> 
     </span>
     <span class='ocr_line' id='line_1_41' title="bbox 201 3381 1394 3466; baseline -0.008 -22"><span class='ocrx_word' id='word_1_353' title='bbox 201 3400 301 3466; x_wconf 89' lang='lat' dir='ltr'>quum</span> <span class='ocrx_word' id='word_1_354' title='bbox 316 3385 467 3464; x_wconf 88' lang='lat' dir='ltr'>plerique</span> <span class='ocrx_word' id='word_1_355' title='bbox 481 3385 597 3446; x_wconf 85' lang='lat' dir='ltr'>iisdem</span> <span class='ocrx_word' id='word_1_356' title='bbox 613 3405 653 3446; x_wconf 90' lang='lat' dir='ltr'>ne</span> <span class='ocrx_word' id='word_1_357' title='bbox 677 3387 753 3446; x_wconf 84' lang='lat' dir='ltr'>otiis</span> <span class='ocrx_word' id='word_1_358' title='bbox 768 3387 1020 3448; x_wconf 80' lang='lat' dir='ltr'>insenescerent.</span> <span class='ocrx_word' id='word_1_359' title='bbox 1064 3385 1178 3446; x_wconf 89' lang='lat' dir='ltr'>Plebes</span> <span class='ocrx_word' id='word_1_360' title='bbox 1195 3387 1268 3445; x_wconf 88' lang='lat' dir='ltr'>acri</span> <span class='ocrx_word' id='word_1_361' title='bbox 1282 3381 1394 3464; x_wconf 86' lang='lat' dir='ltr'>quiden</span> 
     </span>
     <span class='ocr_line' id='line_1_42' title="bbox 200 3403 1394 3552; baseline -0.003 -26"><span class='ocrx_word' id='word_1_362' title='bbox 200 3483 330 3526; x_wconf 88' lang='lat' dir='ltr'>annona</span> <span class='ocrx_word' id='word_1_363' title='bbox 358 3467 577 3545; x_wconf 71' lang='lat' dir='ltr'>fatirabatur,</span> <span class='ocrx_word' id='word_1_364' title='bbox 611 3403 676 3529; x_wconf 78' lang='lat' dir='ltr'>sed</span> <span class='ocrx_word' id='word_1_365' title='bbox 696 3469 785 3532; x_wconf 90' lang='lat' dir='ltr'>nulla</span> <span class='ocrx_word' id='word_1_366' title='bbox 813 3471 849 3528; x_wconf 91' lang='lat' dir='ltr'>in</span> <span class='ocrx_word' id='word_1_367' title='bbox 869 3487 916 3529; x_wconf 82' lang='lat' dir='ltr'>eo</span> <span class='ocrx_word' id='word_1_368' title='bbox 946 3469 1042 3552; x_wconf 88' lang='lat' dir='ltr'>culpa</span> <span class='ocrx_word' id='word_1_369' title='bbox 1065 3487 1104 3528; x_wconf 84' lang='lat' dir='ltr'>ex</span> <span class='ocrx_word' id='word_1_370' title='bbox 1129 3469 1301 3549; x_wconf 88' lang='lat' dir='ltr'>Principe:</span> <span class='ocrx_word' id='word_1_371' title='bbox 1332 3463 1394 3545; x_wconf 85' lang='lat' dir='ltr'>quin</span> 
     </span>
     <span class='ocr_line' id='line_1_43' title="bbox 200 3515 1395 3633; baseline -0.004 -25"><span class='ocrx_word' id='word_1_372' title='bbox 200 3515 437 3610; x_wconf 75' lang='lat' dir='ltr'>infecunditati</span> <span class='ocrx_word' id='word_1_373' title='bbox 460 3557 628 3610; x_wconf 88' lang='lat' dir='ltr'>terrarum</span> <span class='ocrx_word' id='word_1_374' title='bbox 656 3554 719 3612; x_wconf 84' lang='lat' dir='ltr'>aut.</span> <span class='ocrx_word' id='word_1_375' title='bbox 741 3553 867 3633; x_wconf 83' lang='lat' dir='ltr'>asperis</span> <span class='ocrx_word' id='word_1_376' title='bbox 894 3553 994 3613; x_wconf 87' lang='lat' dir='ltr'>maris</span> <span class='ocrx_word' id='word_1_377' title='bbox 1017 3551 1147 3612; x_wconf 80' lang='lat' dir='ltr'>obviam</span> <span class='ocrx_word' id='word_1_378' title='bbox 1170 3551 1222 3627; x_wconf 88' lang='lat' dir='ltr'>iit,</span> <span class='ocrx_word' id='word_1_379' title='bbox 1256 3555 1395 3631; x_wconf 84' lang='lat' dir='ltr'>quantum</span> 
     </span>
     <span class='ocr_line' id='line_1_44' title="bbox 200 3629 1420 3719; baseline -0.002 -27"><span class='ocrx_word' id='word_1_380' title='bbox 200 3629 369 3712; x_wconf 87' lang='lat' dir='ltr'>impendio</span> <span class='ocrx_word' id='word_1_381' title='bbox 392 3631 624 3719; x_wconf 74' lang='lat' dir='ltr'>diligentiaque</span> <span class='ocrx_word' id='word_1_382' title='bbox 647 3641 789 3717; x_wconf 84' lang='lat' dir='ltr'>poterat,</span> <span class='ocrx_word' id='word_1_383' title='bbox 812 3643 853 3696; x_wconf 89' lang='lat' dir='ltr'>et.</span> <span class='ocrx_word' id='word_1_384' title='bbox 867 3654 907 3696; x_wconf 90' lang='lat' dir='ltr'>ne</span> <span class='ocrx_word' id='word_1_385' title='bbox 929 3635 1122 3716; x_wconf 76' lang='lat' dir='ltr'>prouinciae</span> <span class='ocrx_word' id='word_1_386' title='bbox 1142 3635 1238 3696; x_wconf 86' lang='lat' dir='ltr'>novis</span> <span class='ocrx_word' id='word_1_387' title='bbox 1256 3629 1394 3694; x_wconf 86' lang='lat' dir='ltr'>oneribus</span> <span class='ocrx_word' id='word_1_388' title='bbox 1419 3661 1420 3690; x_wconf 80' lang='lat'>1</span> 
     </span>
     <span class='ocr_line' id='line_1_45' title="bbox 201 3715 1396 3810; baseline -0.006 -34"><span class='ocrx_word' id='word_1_389' title='bbox 201 3715 420 3776; x_wconf 88' lang='lat' dir='ltr'>turbarentur</span> <span class='ocrx_word' id='word_1_390' title='bbox 440 3724 541 3797; x_wconf 89' lang='lat' dir='ltr'>utque</span> <span class='ocrx_word' id='word_1_391' title='bbox 563 3723 678 3786; x_wconf 81' lang='lat' dir='ltr'>vetera</span> <span class='ocrx_word' id='word_1_392' title='bbox 699 3719 779 3782; x_wconf 88' lang='lat' dir='ltr'>siue.</span> <span class='ocrx_word' id='word_1_393' title='bbox 791 3719 934 3810; x_wconf 65' lang='lat' dir='ltr'>avaritia</span> <span class='ocrx_word' id='word_1_394' title='bbox 954 3726 1012 3780; x_wconf 85' lang='lat' dir='ltr'>aut</span> <span class='ocrx_word' id='word_1_395' title='bbox 1029 3715 1226 3780; x_wconf 84' lang='lat' dir='ltr'>crudelitate</span> <span class='ocrx_word' id='word_1_396' title='bbox 1240 3715 1396 3800; x_wconf 81' lang='lat' dir='ltr'>magistra-</span> 
     </span>
     <span class='ocr_line' id='line_1_46' title="bbox 200 3797 1420 3882; baseline -0.005 -24"><span class='ocrx_word' id='word_1_397' title='bbox 200 3806 297 3858; x_wconf 89' lang='lat' dir='ltr'>tuum</span> <span class='ocrx_word' id='word_1_398' title='bbox 318 3797 511 3875; x_wconf 87' lang='lat' dir='ltr'>tolerarent,</span> <span class='ocrx_word' id='word_1_399' title='bbox 541 3799 749 3882; x_wconf 88' lang='lat' dir='ltr'>providebat.</span> <span class='ocrx_word' id='word_1_400' title='bbox 794 3800 982 3882; x_wconf 81' lang='lat' dir='ltr'>Corporum</span> <span class='ocrx_word' id='word_1_401' title='bbox 1004 3801 1157 3878; x_wconf 79' lang='lat' dir='ltr'>uerbera,</span> <span class='ocrx_word' id='word_1_402' title='bbox 1188 3797 1420 3882; x_wconf 49' lang='lat' dir='ltr'>ademptiones¹</span> 
     </span>
    </p>
   </div>
   <div class='ocr_carea' id='block_1_10' title="bbox 200 3880 540 3944">
    <p class='ocr_par' dir='ltr' id='par_1_10' title="bbox 200 3880 540 3944">
     <span class='ocr_line' id='line_1_47' title="bbox 200 3880 540 3944; baseline 0.009 -4"><span class='ocrx_word' id='word_1_403' title='bbox 200 3880 363 3942; x_wconf 88' lang='lat' dir='ltr'>bonorum</span> <span class='ocrx_word' id='word_1_404' title='bbox 392 3881 540 3944; x_wconf 89' lang='lat' dir='ltr'>aberant.</span> 
     </span>
    </p>
   </div>
   <div class='ocr_carea' id='block_1_11' title="bbox 180 3997 1420 4355">
    <p class='ocr_par' dir='ltr' id='par_1_11' title="bbox 200 3997 1420 4212">
     <span class='ocr_line' id='line_1_48' title="bbox 273 3997 1420 4070; baseline -0.007 -16"><span class='ocrx_word' id='word_1_405' title='bbox 273 4003 296 4054; x_wconf 92' lang='lat' dir='ltr'>l.</span> <span class='ocrx_word' id='word_1_406' title='bbox 316 4013 453 4054; x_wconf 80' lang='lat' dir='ltr'>recensere</span> <span class='ocrx_word' id='word_1_407' title='bbox 472 4007 576 4066; x_wconf 81' lang='lat' dir='ltr'>ceterae</span> <span class='ocrx_word' id='word_1_408' title='bbox 592 4017 690 4070; x_wconf 85' lang='lat' dir='ltr'>quoque</span> <span class='ocrx_word' id='word_1_409' title='bbox 699 4000 767 4068; x_wconf 83' lang='lat' dir='ltr'>reip.</span> <span class='ocrx_word' id='word_1_410' title='bbox 781 4008 886 4068; x_wconf 75' lang='lat' dir='ltr'>parter,</span> <span class='ocrx_word' id='word_1_411' title='bbox 906 4000 998 4068; x_wconf 83' lang='lat' dir='ltr'>quibua</span> <span class='ocrx_word' id='word_1_412' title='bbox 1006 4001 1091 4054; x_wconf 82' lang='lat' dir='ltr'>nodie</span> <span class='ocrx_word' id='word_1_413' title='bbox 1110 4033 1142 4044; x_wconf 88' lang='lat'>-</span> <span class='ocrx_word' id='word_1_414' title='bbox 1161 3999 1272 4052; x_wconf 80' lang='lat' dir='ltr'>labitur</span> <span class='ocrx_word' id='word_1_415' title='bbox 1289 3997 1339 4048; x_wconf 81' lang='lat' dir='ltr'>rint</span> <span class='ocrx_word' id='word_1_416' title='bbox 1353 4004 1395 4062; x_wconf 81' lang='lat' dir='ltr'>prt</span> <span class='ocrx_word' id='word_1_417' title='bbox 1419 4013 1420 4040; x_wconf 54' lang='lat' dir='ltr'>t</span> 
     </span>
     <span class='ocr_line' id='line_1_49' title="bbox 200 4063 1420 4192; baseline -0.001 -71"><span class='ocrx_word' id='word_1_418' title='bbox 200 4071 281 4192; x_wconf 58' lang='grc' dir='ltr'>νιιῑξ.</span> <span class='ocrx_word' id='word_1_419' title='bbox 295 4087 447 4136; x_wconf 74' lang='lat' dir='ltr'>recensere,</span> <span class='ocrx_word' id='word_1_420' title='bbox 466 4072 559 4141; x_wconf 81' lang='lat' dir='ltr'>quibus</span> <span class='ocrx_word' id='word_1_421' title='bbox 575 4075 774 4135; x_wconf 68' lang='lat' dir='ltr'>uredieceterue</span> <span class='ocrx_word' id='word_1_422' title='bbox 793 4081 848 4130; x_wconf 88' lang='lat' dir='ltr'>cet.</span> <span class='ocrx_word' id='word_1_423' title='bbox 869 4091 940 4142; x_wconf 86' lang='lat' dir='ltr'>quae</span> <span class='ocrx_word' id='word_1_424' title='bbox 956 4075 1030 4126; x_wconf 86' lang='lat' dir='ltr'>ratio</span> <span class='ocrx_word' id='word_1_425' title='bbox 1044 4073 1322 4140; x_wconf 64' lang='lat' dir='ltr'>Graecisirequeum</span> <span class='ocrx_word' id='word_1_426' title='bbox 1339 4063 1394 4121; x_wconf 65' lang='lat' dir='ltr'>Etr·</span> <span class='ocrx_word' id='word_1_427' title='bbox 1419 4077 1420 4080; x_wconf 77' lang='grc'>’</span> 
     </span>
     <span class='ocr_line' id='line_1_50' title="bbox 201 4131 1420 4212; baseline 0.002 -22"><span class='ocrx_word' id='word_1_428' title='bbox 201 4173 231 4184; x_wconf 83' lang='grc'><strong>-</strong></span> <span class='ocrx_word' id='word_1_429' title='bbox 263 4142 354 4194; x_wconf 81' lang='lat' dir='ltr'>abilae</span> <span class='ocrx_word' id='word_1_430' title='bbox 371 4141 436 4208; x_wconf 84' lang='lat' dir='ltr'>aiut,</span> <span class='ocrx_word' id='word_1_431' title='bbox 456 4162 485 4196; x_wconf 80' lang='lat' dir='ltr'>u.</span> <span class='ocrx_word' id='word_1_432' title='bbox 506 4141 650 4208; x_wconf 80' lang='lat' dir='ltr'>ad1,1‚1.</span> <span class='ocrx_word' id='word_1_433' title='bbox 671 4176 702 4196; x_wconf 51' lang='grc' dir='ltr'>τ-</span> <span class='ocrx_word' id='word_1_434' title='bbox 722 4145 834 4210; x_wconf 78' lang='lat' dir='ltr'>quando,</span> <span class='ocrx_word' id='word_1_435' title='bbox 856 4163 882 4200; x_wconf 85' lang='lat' dir='ltr'>v.</span> <span class='ocrx_word' id='word_1_436' title='bbox 903 4144 938 4200; x_wconf 81' lang='lat' dir='ltr'>ad</span> <span class='ocrx_word' id='word_1_437' title='bbox 951 4149 975 4208; x_wconf 86' lang='lat' dir='ltr'>l,</span> <span class='ocrx_word' id='word_1_438' title='bbox 992 4148 1037 4209; x_wconf 83' lang='lat'>57,</span> <span class='ocrx_word' id='word_1_439' title='bbox 1057 4149 1083 4198; x_wconf 89' lang='lat'>1.</span> <span class='ocrx_word' id='word_1_440' title='bbox 1104 4131 1147 4198; x_wconf 72' lang='lat' dir='ltr'>ili.</span> <span class='ocrx_word' id='word_1_441' title='bbox 1166 4141 1229 4212; x_wconf 83' lang='lat' dir='ltr'>lad.</span> <span class='ocrx_word' id='word_1_442' title='bbox 1239 4141 1293 4196; x_wconf 92' lang='lat'>111.</span> <span class='ocrx_word' id='word_1_443' title='bbox 1304 4157 1328 4192; x_wconf 81' lang='lat' dir='ltr'>v.</span> <span class='ocrx_word' id='word_1_444' title='bbox 1340 4136 1392 4186; x_wconf 73' lang='lat' dir='ltr'>Cot·</span> <span class='ocrx_word' id='word_1_445' title='bbox 1419 4143 1420 4150; x_wconf 78' lang='grc'>’</span> 
     </span>
    </p>

    <p class='ocr_par' dir='ltr' id='par_1_12' title="bbox 180 4201 1396 4355">
     <span class='ocr_line' id='line_1_51' title="bbox 180 4201 1396 4284; baseline 0.009 -25"><span class='ocrx_word' id='word_1_446' title='bbox 180 4267 183 4272; x_wconf 51' lang='grc'>,</span> <span class='ocrx_word' id='word_1_447' title='bbox 200 4213 312 4264; x_wconf 77' lang='lat' dir='ltr'>structio</span> <span class='ocrx_word' id='word_1_448' title='bbox 327 4213 580 4268; x_wconf 51' lang='lat' dir='ltr'>‘uerierunt‘uriutn</span> <span class='ocrx_word' id='word_1_449' title='bbox 595 4223 624 4267; x_wconf 89' lang='lat' dir='ltr'>ct</span> <span class='ocrx_word' id='word_1_450' title='bbox 637 4214 920 4282; x_wconf 67' lang='lat' dir='ltr'>RarnshormGram.</span> <span class='ocrx_word' id='word_1_451' title='bbox 934 4233 961 4284; x_wconf 87' lang='lat' dir='ltr'>p.</span> <span class='ocrx_word' id='word_1_452' title='bbox 974 4217 1034 4271; x_wconf 76' lang='lat'><strong>698·</strong></span> <span class='ocrx_word' id='word_1_453' title='bbox 1055 4235 1087 4251; x_wconf 38' lang='grc' dir='ltr'>-ὀ</span> <span class='ocrx_word' id='word_1_454' title='bbox 1106 4215 1162 4266; x_wconf 83' lang='lat' dir='ltr'>lura</span> <span class='ocrx_word' id='word_1_455' title='bbox 1173 4214 1284 4280; x_wconf 68' lang='lat' dir='ltr'>prinum</span> <span class='ocrx_word' id='word_1_456' title='bbox 1295 4241 1322 4250; x_wconf 79' lang='lat'><em>-</em></span> <span class='ocrx_word' id='word_1_457' title='bbox 1337 4201 1396 4270; x_wconf 66' lang='lat' dir='ltr'>apul</span> 
     </span>
     <span class='ocr_line' id='line_1_52' title="bbox 201 4281 1393 4355; baseline 0.001 -23"><span class='ocrx_word' id='word_1_458' title='bbox 201 4281 297 4334; x_wconf 81' lang='lat' dir='ltr'>Pulrre</span> <span class='ocrx_word' id='word_1_459' title='bbox 307 4283 632 4354; x_wconf 79' lang='lat' dir='ltr'>tractabuntur,quoruiu</span> <span class='ocrx_word' id='word_1_460' title='bbox 647 4285 879 4354; x_wconf 67' lang='lat' dir='ltr'>deliberationes,</span> <span class='ocrx_word' id='word_1_461' title='bbox 887 4287 1000 4340; x_wconf 87' lang='lat' dir='ltr'>decreta</span> <span class='ocrx_word' id='word_1_462' title='bbox 1020 4293 1048 4338; x_wconf 84' lang='lat' dir='ltr'>et</span> <span class='ocrx_word' id='word_1_463' title='bbox 1064 4286 1197 4343; x_wconf 85' lang='lat' dir='ltr'>consulta</span> <span class='ocrx_word' id='word_1_464' title='bbox 1206 4281 1358 4355; x_wconf 78' lang='lat' dir='ltr'>pendebant</span> <span class='ocrx_word' id='word_1_465' title='bbox 1369 4291 1393 4325; x_wconf 68' lang='lat' dir='ltr'>tt</span> 
     </span>
    </p>
   </div>
   <div class='ocr_carea' id='block_1_12' title="bbox 0 0 1455 4790">
    <p class='ocr_par' dir='ltr' id='par_1_13' title="bbox 0 0 1455 4790">
     <span class='ocr_line' id='line_1_53' title="bbox 0 0 1455 4790; baseline 0 0"><span class='ocrx_word' id='word_1_466' title='bbox 0 0 1455 4790; x_wconf 95' lang='lat' dir='ltr'> </span> 
     </span>
    </p>
   </div>
  </div>
 </body>
</html>
