2904 4798
225 227 368 292 CAPUT
389 225 515 294 XXXI.
527 225 670 292 XXXII.
701 227 756 307 (Δ.
770 225 809 296 U.
821 227 892 296 788.
915 230 953 292 Δ.
971 227 1007 293 C.
1022 229 1089 308 35.)
1201 231 1265 298 525

53 397 176 476 moliri,
201 415 294 458 arma
314 397 433 480 procul
462 395 595 460 habere.
638 396 770 459 Interea
797 397 939 482 cognitis
965 395 1094 460 insidiis
1121 395 1264 460 Artaba·

52 499 112 542 nus
132 477 262 542 tardari
281 487 384 560 meta,
405 479 503 542 mado
525 477 680 562 cupidine
699 478 870 544 vindictae
890 479 1117 542 inardescere:
1139 487 1173 542 et
1187 481 1265 541 bar-

50 563 138 626 baris
160 565 327 626 cunctatio
349 563 494 642 servilis,
516 563 627 628 statim
650 563 782 646 exsequi
804 563 934 648 regium
958 561 1104 626 videtur.
1147 561 1265 624 Valuit

51 654 158 708 tamen
179 647 319 724 utilitas,
347 653 386 708 ut
406 645 537 708 Abdum
568 649 676 728 specie
706 647 871 708 amicitiae
897 657 1049 709 vocatum
1084 643 1126 708 ad
1151 645 1265 729 epulas

49 731 139 790 lento
160 748 288 792 veneno
316 729 475 816 illigaret,
496 728 658 790 Sinnacen
681 727 945 792 dissimulatione
965 749 1004 792 ec
1026 728 1132 806 donis,
1164 727 1266 790 simul

49 831 110 894 per
152 814 285 898 negotia
322 821 523 875 moraretur.
585 811 627 874 Et
662 811 820 874 Phraates
860 811 946 894 apud
985 811 1135 894 Syriam,
1184 810 1265 874 dum

49 898 172 958 omisso
193 895 285 958 culta
305 895 465 974 Romano,
494 895 548 956 cui
575 913 637 978 pcr
665 901 716 956 tot
742 915 845 957 annos
873 897 1076 972 insueverat,
1110 896 1265 956 institute

49 978 249 1040 Parthorum
281 978 431 1055 insumit,
466 979 582 1062 patriis
614 978 762 1040 moribus
791 979 900 1060 impar
931 977 1049 1040 morbo
1071 979 1264 1061 absumptus

49 1069 107 1126 est.
155 1059 220 1123 Sed
251 1081 318 1123 non
346 1060 505 1123 Tiberius
534 1062 648 1123 omisit
674 1062 815 1144 incepta.
857 1059 1050 1136 Tiridaten,
1093 1062 1264 1148 sanguinis

48 1141 207 1224 eiusdem,
229 1145 395 1207 aemulum
415 1144 597 1222 Artabano,
618 1142 917 1226 reciperandaeque
931 1143 1108 1206 Armeniae
1130 1143 1265 1205 Iberum

47 1225 272 1288 Mithridaten
294 1227 360 1290 deli
384 1229 412 1288 it
438 1228 659 1308 conciliatque
680 1229 779 1288 fratri
799 1225 1024 1299 Pharasmani,
1053 1229 1111 1309 qui
1138 1226 1265 1312 gentile

46 1312 226 1394 imperium
247 1249 435 1386 obtinchat3
459 1319 492 1373 at
512 1311 652 1386 cunctis,
703 1330 764 1372 uae
785 1309 873 1392 apud
899 1309 1071 1372 Orientem
1100 1310 1265 1408 paraban-

46 1401 118 1468 tur,
138 1393 178 1458 L.
200 1391 378 1456 Vitellium
398 1396 567 1476 praefecit.
610 1391 657 1454 Eo
679 1331 720 1454 10
748 1393 881 1455 homine
904 1392 998 1455 haud
1026 1414 1099 1455 sum
1127 1412 1264 1479 ignarus

46 1479 219 1539 sinistram
239 1478 275 1538 in
295 1475 386 1540 Urbe
413 1479 544 1556 famam,
572 1477 731 1558 pleraque
758 1473 854 1538 foeda
882 1479 1081 1538 memorari:
1115 1486 1264 1556 ceterum

46 1558 202 1659 regendis
223 1561 406 1642 provinciis
426 1561 536 1642 prisca
557 1561 684 1622 virtute
706 1559 782 1704 epit.
825 1556 919 1622 Unde
942 1579 1112 1648 regressus
1142 1565 1176 1620 et
1197 1561 1265 1620 for-

46 1641 173 1704 midine
202 1639 237 1704 C.
267 1639 428 1724 Caesaris,
460 1643 687 1704 familiaritate
739 1639 848 1703 'laudii
887 1649 987 1724 turpe
1021 1643 1057 1704 in
1087 1643 1264 1704 servitium

44 1733 194 1788 mutatus
225 1725 394 1808 exemplar
420 1725 509 1808 apud
538 1733 688 1808 posteros
708 1723 889 1788 adulatorii
910 1723 1081 1789 dedecoris
1103 1723 1266 1800 habetur3

45 1815 284 1892 cesseruntque
304 1810 413 1890 prima
439 1809 617 1890 postremis
645 1815 679 1870 et
700 1807 786 1872 hona
806 1809 962 1874 iuventae
989 1816 1141 1872 senectus
1171 1809 1264 1895 dagi-

44 1895 135 1954 tiosa
155 1891 360 1982 obliteravit.

120 2015 145 2066 1.
167 2012 252 2065 Ornat
269 2009 405 2065 Phraaten
423 2010 597 2078 accingitque
612 2016 757 2077 paternam,
782 2011 898 2086 regium
942 2010 1023 2075 atris,
1052 2010 1091 2062 ad
1112 2009 1265 2075 fastigiare,

44 2101 72 2134 v.
93 2077 751 2148 111,1,1.3,3,1.0101.8110111549.
779 2108 811 2118 -
835 2081 960 2134 consilia
985 2087 1010 2132 et
1034 2089 1105 2142 astu,
1133 2081 1264 2134 consiliis

42 2151 166 2218 11111111,
184 2151 265 2207 Roth.
309 2191 315 2204 .
333 2154 377 2208 16.
398 2151 442 2207 Cf.
462 2151 525 2206 lnd.
548 2152 603 2204 111.
624 2171 651 2208 v.
671 2153 873 2220 llendiadpoin.
894 2159 972 2204 aratu
991 2151 1048 2206 MS.
1067 2169 1121 2222 pro
1140 2157 1210 2204 asta.
1230 2183 1263 2196 -

41 2224 204 2278 Artabanus
228 2241 275 2278 mo
297 2241 313 2277 o
340 2223 450 2276 tardari
471 2229 549 2288 meto,
576 2223 650 2275 mado
670 2231 723 2277 cet.
743 2242 771 2278 v.
790 2223 824 2276 ad
842 2227 869 2286 4,
888 2226 932 2290 53,
952 2226 977 2280 2.
1009 2251 1041 2261 ·-
1069 2229 1095 2276 et
1121 2223 1264 2294 (insuper)

42 2295 174 2350 barbaris
190 2295 325 2349 cunctatio
344 2295 456 2348 servilis
475 2327 506 2336 -
526 2293 633 2348 videtur
650 2303 706 2350 cet.
727 2293 934 2359 „Prudentiam
954 2295 1091 2370 ignorant
1108 2293 1222 2348 barbari
1235 2301 1264 2350 et

41 2368 145 2438 primo
164 2383 277 2438 unoque
296 2367 409 2437 impetu
426 2369 572 2420 feruntur.
610 2365 681 2420 lnda
699 2365 926 2431 cunctationem,
944 2375 978 2418 ut
996 2365 1066 2435 quid
1084 2365 1219 2418 timidum
1231 2381 1264 2420 ac

41 2437 166 2506 servile,
185 2447 385 2509 aspernantur,
404 2437 619 2502 fortitudinem,
642 2445 676 2490 ut
700 2435 771 2507 quid
795 2435 891 2490 nobile
915 2455 947 2490 ac
971 2455 1003 2490 re
1027 2437 1098 2502 ium,
1123 2454 1264 2490 veneran-

42 2509 129 2568 tur.“
153 2509 233 2564 Brot·
257 2541 289 2554 ·-
317 2516 346 2562 at
363 2509 467 2562 Abdara
486 2541 518 2552 -
538 2510 609 2560 lenta
632 2525 731 2560 veneno
757 2507 894 2572 illigaret,
924 2508 1002 2578 impe
1024 2509 1089 2572 'ret,
1121 2508 1263 2572 irretiret,

39 2581 96 2648 (ut
114 2600 131 2634 a
156 2619 163 2634 .
182 2582 265 2658 virg.
285 2579 356 2635 Aen.
377 2583 423 2647 1⁰,
443 2579 516 2646 794.)
534 2579 585 2634 vel
603 2587 636 2632 ut
654 2580 749 2632 morbo
768 2577 921 2646 implicari.
943 2607 974 2616 —
993 2581 1066 2648 apud
1082 2579 1199 2647 Syriam,
1223 2581 1262 2632 cl.

38 2655 109 2708 lnd.
131 2599 169 2709 ll.
188 2671 217 2708 r.
238 2653 328 2719 Apud.
351 2684 382 2695 -
400 2653 527 2704 instituta
544 2649 705 2705 Parthorum
722 2649 839 2716 insanit,
859 2651 897 2704 cf.
917 2649 996 2716 111,
1016 2653 1042 2714 i,
1061 2653 1086 2706 2.
1107 2657 1135 2706 et
1149 2652 1176 2714 3,
1196 2651 1262 2714 5,1.

36 2725 155 2780 insumit
186 2722 245 2777 MS.
281 2724 342 2778 edd.
368 2724 430 2776 Ber.
454 2722 544 2778 Rhen.
578 2721 644 2778 Ald.
670 2721 725 2775 lac.
750 2721 844 2775 Gran:
865 2719 937 2778 Ern.
963 2729 992 2776 et
1016 2739 1075 2775 rec.
1102 2721 1180 2774 sunit
1198 2719 1261 2774 edd.

38 2798 76 2850 Li
103 2817 133 2850 s..
146 2795 228 2880 prob.
248 2793 360 2866 Wopk.
380 2795 448 2863 quia
466 2793 508 2848 sic
526 2813 571 2866 ap.
590 2795 654 2846 Liv.
672 2797 701 2858 3,
720 2795 763 2849 68.
783 2801 812 2847 et
831 2791 896 2848 San.
922 2793 957 2846 de
984 2793 1029 2846 ire
1046 2795 1074 2858 3,
1093 2796 1120 2848 8.
1145 2793 1262 2858 resumit,

36 2816 108 2923 edd.
130 2865 209 2920 Proh.
235 2875 263 2920 et
289 2865 374 2919 aliae.
402 2865 490 2918 induit
514 2865 589 2921 coni.
614 2863 706 2919 Borh.
732 2873 761 2918 et
787 2863 858 2916 llill.
882 2865 990 2918 Verum
1012 2864 1141 2918 insumere
1165 2871 1263 2917 exacte

37 2939 204 3010 respondet
215 2937 302 2992 verbo
322 2936 373 2990 Gr.
391 2933 563 3006 ἐνδέχεσθαι,
589 2938 621 2988 in
639 2953 669 2990 se
688 2937 842 3005 suscipere,
862 2935 938 3006 inpr.
958 2937 1069 3011 gravia,
1088 2935 1262 3006 periculosa,

35 3011 167 3074 atrocia,
195 3009 272 3079 quod
295 3009 413 3085 egregie
430 3007 459 3060 h.
473 3006 493 3060 l.
521 3009 674 3072 convenit,
703 3008 812 3076 quippe
841 3006 975 3059 institute
1002 3005 1175 3060 Parthorum
1204 3021 1262 3058 non

35 3087 182 3152 poterant
200 3097 257 3132 non
276 3081 378 3156 gravia
397 3088 426 3133 et
443 3078 562 3132 molesta
581 3096 641 3132 esse
659 3077 783 3142 homini,
803 3075 850 3144 qui
867 3077 1037 3132 caltoiliarn.
1056 3093 1105 3146 per
1122 3083 1161 3128 tat
1179 3092 1262 3128 annae

34 3155 208 3216 insueverat,
237 3169 310 3221 quae
336 3151 423 3205 verba
447 3166 506 3204 non
530 3152 640 3204 frustra
663 3147 781 3214 adsunt3
810 3147 916 3202 Walth·
946 3147 989 3204 cf.
1011 3151 1054 3212 14,
1079 3151 1122 3204 44.
1151 3151 1193 3214 lt,
1218 3149 1261 3204 23.

33 3224 119 3278 Stat.
139 3221 228 3278 theb.
248 3223 276 3287 5,
295 3224 356 3278 llo.
376 3225 420 3286 12,
438 3223 499 3278 643.

116 3323 143 3376 3.
168 3320 258 3372 amisit
275 3319 384 3386 incepta
402 3319 465 3372 edd.
485 3320 564 3390 bips.
584 3327 614 3371 et
631 3335 690 3374 rac.
710 3318 834 3387 incoepta
852 3319 915 3374 011.
935 3327 992 3374 vet.
1011 3328 1045 3372 ut
1063 3337 1087 3372 c.
1107 3322 1150 3376 13.
1176 3327 1205 3373 et
1223 3320 1260 3373 el.

33 3427 72 3438 -
102 3391 245 3446 Tiridaten
263 3390 408 3454 carminis
426 3391 540 3442 eiusdem
559 3391 671 3444 ceteri.
691 3391 771 3456 112,
791 3395 817 3457 1,
838 3395 862 3446 1.
888 3399 918 3445 et
940 3394 967 3456 3,
986 3393 1030 3456 51,
1049 3394 1075 3446 1.
1103 3423 1135 3434 -
1160 3391 1263 3458 recipe·

30 3465 198 3530 randaeqee
214 3462 358 3514 Armeniae
375 3461 481 3514 lberam
500 3461 684 3514 Mithridaten
702 3461 803 3526 deligit
827 3463 1006 3530 conmliatqae
1034 3464 1119 3528 fratri
1144 3461 1264 3516 Pharae-

31 3535 189 3590 manicat.
209 3535 246 3588 cf.
267 3531 323 3585 Dio
341 3533 387 3598 58,
406 3535 450 3588 26.
470 3540 499 3586 et
517 3533 578 3585 lud.
599 3533 621 3589 l.
641 3549 671 3584 v.
694 3531 874 3586 Mithridates
891 3534 985 3587 lherar
1013 3541 1042 3588 et
1059 3534 1262 3590 Pharasmanes.

32 3605 298 3673 recuperandaeqae
317 3602 380 3656 edd.
400 3611 457 3657 vet.
476 3621 504 3656 v.
524 3603 558 3657 ad
578 3609 603 3670 1,
623 3605 668 3668 74,
686 3607 711 3658 3.
750 3603 879 3658 Hiberam
896 3603 928 3657 h.
946 3605 968 3658 l.
998 3613 1028 3659 et
1047 3623 1070 3658 c.
1090 3610 1132 3662 33
1153 3604 1208 3662 MS.
1235 3613 1263 3659 et

31 3679 108 3735 edd.
130 3685 188 3732 ret.
225 3675 260 3728 ln
278 3675 417 3728 Historiis
436 3675 511 3728 alter
529 3675 591 3729 cod.
611 3674 692 3728 Plar.
713 3673 761 3727 ubi
803 3676 965 3743 alliderer,
984 3677 1036 3731 alii
1054 3693 1125 3731 vero
1150 3684 1179 3729 et
1198 3677 1260 3730 edd.

30 3760 101 3807 vet.
124 3749 295 3869 plerumqpe
314 3746 485 3870 thm'del
497 3747 635 3870 &aare
652 3693 868 3872 ”nhffifm
885 3749 1030 3834 vetustior
1047 3750 1202 3832 scriptura,
1229 3753 1262 3832 ut

28 3819 1261 3962 litttff‘t't‘tnttt‚stffltrttmtttttt‘fftttttfftu

25 3964 119 4035 apud
136 3961 268 4017 <triantem
292 3963 469 4027 parabantur,
495 3961 526 4017 L.
550 3961 686 4016 Vitelliam
706 3962 852 4029 praefecit,
883 3965 924 4014 cf.
951 3961 987 4014 11
1010 3963 1099 4018 018.
1124 3978 1152 4013 a.
1174 3966 1198 4016 1.
1228 3985 1262 4000 ·-

23 4039 172 4108 pleraque
189 4033 280 4099 forda,
306 4050 334 4087 v.
354 4031 390 4084 ad
407 4035 434 4098 3,
453 4034 498 4098 38,
517 4036 542 4088 4.
573 4065 605 4076 -
624 4033 759 4100 exemplar
775 4033 848 4100 apud
862 4039 986 4100 posterae
1008 4031 1159 4085 adulatorii
1182 4033 1261 4095 inge·

25 4111 79 4163 nii
102 4105 227 4172 hahetur,
246 4141 265 4170 „
273 4106 312 4157 01.
331 4102 411 4158 Suet.
431 4103 490 4156 Vit.
510 4105 536 4160 2
555 4103 611 4158 Dio
628 4107 674 4168 53,
691 4107 736 4160 37.
757 4111 787 4157 et
805 4102 871 4158 San.
891 4109 951 4156 nat.
971 4121 1019 4174 qu.
1040 4103 1089 4155 lv.
1115 4104 1147 4156 in
1166 4103 1259 4156 Praei.

24 4181 89 4236 ubi
113 4177 215 4242 tradit,
234 4177 360 4232 Planum
378 4173 509 4240 artificem
527 4181 589 4228 ante
610 4175 726 4230 vetlem
743 4173 846 4239 (11111111
868 4173 1009 4239 Vetteim)
1035 4174 1171 4227 natinari
1190 4175 1261 4226 ada·

24 4249 169 4307 tationis
187 4249 282 4313 feisse.
318 4245 362 4298 De
381 4245 480 4298 Planci
498 4245 669 4302 adulatoriis
694 4245 823 4303 moribus
849 4263 878 4302 v.
891 4245 1019 4318 Appian-
1045 4245 1076 4299 B.
1097 4245 1127 4302 (3.
1147 4248 1173 4310 5,
1192 4243 1260 4300 51.“
1291 4248 1294 4256 ’

23 4324 124 4390 Lipe.
145 4351 175 4362 -
194 4320 293 4388 princ,
312 4334 385 4388 quae
400 4319 499 4384 prisca
516 4317 616 4372 virtute
633 4325 737 4385 egerat.
