2828 4794
191 239 250 302 tto
309 272 314 278 ·
597 233 841 300 ANNALIUM
861 233 943 298 ΗΒ.
968 233 993 296 1.

187 401 235 452 seni
251 397 281 462 ἐξ
296 393 404 460 ἀδόξων
421 397 529 462 ἔνδοξοι
547 401 595 452 sol
611 396 756 472 yrslpsssos.
779 399 857 470 lips.
870 431 902 444 -
937 403 1111 468 pestrenssns
1128 367 1240 450 adverb.
1258 402 1289 448 ut
1307 399 1345 460 tt,
1358 397 1380 452 l.

188 473 240 528 Gr.
260 465 386 528 inrasae.
423 472 517 550 Vulgo
536 473 576 524 ed
590 480 773 540 postrenum,
793 481 828 526 ut
846 475 890 538 te,
909 473 952 528 ii.
972 471 1008 522 ll.
1027 471 1119 536 1,ssss-
1138 467 1176 520 sl.

257 579 284 636 2
321 577 453 632 Statuam
472 579 617 632 'Marcelli
647 580 738 634 altius
758 608 789 617 -
827 579 961 644 inditate,
996 577 1171 646 impositam.
1211 575 1381 642 „Quodnunc

188 649 308 702 crimini
331 649 427 717 datur,
451 649 481 704 id
497 668 563 704 rece
585 651 647 704 t'um
668 653 757 705 fuisse
775 667 824 704 suo
849 667 920 704 aero
936 649 1010 701 Plin.
1022 651 1066 714 35,
1087 650 1113 708 3.
1140 645 1246 700 iudicat
1266 645 1309 698 bis
1328 664 1381 698 rer·

187 721 247 773 bis:
266 717 360 774 Surda
377 723 536 792 figurarum
575 723 725 776 incrimine
742 721 838 790 capita
856 725 1065 792 pervertantur.
1091 719 1138 772 Cf.
1160 725 1188 771 et
1206 717 1281 772 Suet.
1301 717 1379 792 Calig.

186 789 253 847 22.“
280 789 357 862 lips.
378 793 424 847 cf.
445 793 523 848 Suet.
543 791 608 846 Tib.
628 797 672 852 58.
693 827 726 836 -
763 793 802 846 acl
819 794 892 864 quod
911 791 1022 844 exarsit
1047 789 1115 844 adeo
1134 787 1274 852 Tiberius,
1292 796 1320 840 ut
1337 797 1381 841 cet

185 863 269 925 „Cur
286 867 404 918 tamen?
441 864 513 930 Quia
536 865 666 918 solebant
690 873 703 918 t
727 866 812 918 ranni
838 883 870 918 ea
895 863 1059 940 ignominia
1081 861 1170 928 allici,
1195 861 1381 928 videbaturque

186 933 301 988 occulte
319 937 401 1008 qnasi
420 935 508 988 talem
526 935 682 992 Marcellus
736 953 848 990 mnasse
865 931 1061 1011 Augustum.“
1084 931 1161 1002 lips.
1190 932 1306 984 Videtur
1321 947 1381 984 asse·

186 1003 276 1060 reuda
303 1013 463 1060 statuarum
491 1007 553 1060 inte
576 1009 694 1062 ritatem
720 1007 903 1078 prospexisse
929 1005 1086 1059 memoriae
1114 1021 1179 1058 suae
1205 1003 1381 1071 bonorumque

185 1075 371 1148 Principum
390 1075 521 1131 Freinsl.
604 1094 651 1131 mo
675 1077 899 1148 arnputatumll
962 1077 1000 1130 sti
1025 1083 1111 1148 caput
1134 1083 1163 1128 et
1181 1073 1272 1128 indita
1287 1071 1381 1124 Tiberii

185 1145 298 1224 effigies
317 1165 421 1202 arom
444 1149 545 1202 domus
571 1149 724 1202 videbatur
741 1095 1027 1214 revelaresulllaltl.
1063 1145 1191 1215 „Aliqua
1215 1145 1299 1198 etiam
1320 1141 1381 1196 ratio

184 1217 313 1274 bsbends
332 1221 406 1284 eins,
425 1221 502 1290 quod
519 1221 635 1290 lipsius
654 1221 689 1274 ad
707 1220 736 1284 3,
754 1221 800 1282 66,
818 1221 844 1276 l.
865 1219 973 1282 docuit,
1001 1219 1077 1288 ipsas
1101 1218 1269 1288 Principum
1293 1221 1381 1266 statuas

185 1297 367 1344 consecratas
385 1291 441 1344 diis
458 1292 559 1347 fuisse.
597 1289 653 1344 Sed
671 1309 725 1344 cur
746 1291 808 1346 sola
825 1298 874 1345 sut
901 1291 1056 1362 praecipua
1074 1291 1105 1342 in
1123 1285 1181 1342 boc
1199 1285 1311 1364 negotio
1334 1299 1380 1336 cm·

183 1361 308 1428 putatio,
328 1379 418 1432 quum
436 1379 490 1433 per
507 1361 660 1444 plumbum
678 1369 727 1415 sut
742 1361 890 1440 glutinum
909 1361 1111 1440 affigerentur,
1139 1360 1216 1414 unde
1234 1359 1322 1412 varios
1338 1371 1381 1424 per

184 1431 284 1485 modos
302 1441 437 1502 poterant
455 1439 550 1502 capeto
570 1433 666 1486 demi?
702 1449 759 1504 quo
784 1433 872 1488 verbo
897 1431 975 1488 Suet.
996 1431 1058 1486 Gal.
1078 1433 1121 1488 33.
1145 1431 1237 1508 magis
1259 1428 1380 1482 concinne

185 1520 248 1556 rem
268 1503 433 1574 exprisnere
452 1503 601 1558 videtur.“
622 1504 707 1557 Gran,
722 1537 755 1548 -
787 1511 872 1574 rupta
890 1503 1100 1572 taciturnitate,
1118 1509 1152 1556 ut
1170 1516 1294 1570 nsnspere
1310 1497 1380 1549 silen-

184 1573 265 1625 tium.
287 1605 318 1616 —-
356 1590 386 1626 se
412 1575 538 1627 laturum
564 1576 734 1628 sententiam
754 1575 862 1644 palens,
887 1592 945 1630 uon
970 1573 1205 1640 dissimulantem
1229 1573 1295 1626 Era.
1327 1569 1380 1620 Non

184 1645 276 1698 itione
301 1644 332 1696 in
355 1653 469 1716 partes3
504 1645 613 1698 Waltis.
639 1680 671 1689 -
720 1645 857 1713 iuratum,
882 1665 909 1700 v.
935 1646 971 1700 ad
988 1649 1015 1712 4,
1034 1649 1078 1711 21,
1097 1649 1123 1702 3.
1145 1673 1178 1681 -
1220 1661 1271 1714 qua
1295 1638 1381 1694 ceteris

183 1715 280 1770 eodan
307 1715 462 1770 necessitas
486 1719 579 1784 fieret:
612 1719 691 1784 „Vix
715 1719 820 1790 opinor
843 1717 916 1772 baec
941 1719 1019 1771 inter
1044 1717 1133 1770 verbs
1160 1715 1271 1770 Tiberii
1287 1713 1379 1787 juisse.

183 1787 280 1840 Nimis
297 1784 354 1840 hoc
372 1787 527 1858 superbum
545 1797 595 1841 aut
614 1807 741 1842 eaerum.
779 1787 836 1843 sea
860 1789 1103 1860 interpretatione
1121 1804 1171 1840 sua
1191 1795 1220 1842 et
1237 1803 1300 1840 vera
1316 1781 1380 1836 addit

183 1858 297 1914 Noster.
335 1857 424 1923 (Hinc
441 1861 531 1924 fieret,
552 1876 609 1914 non
628 1862 695 1928 fiat3
718 1857 842 1927 utalia.)
859 1859 900 1912 Et
917 1861 1067 1930 sequentia
1084 1857 1198 1912 Pisonis
1216 1857 1337 1934 argutius
1352 1851 1381 1903 ed

118 1979 126 1992 ,
204 1929 284 1982 riora
307 1929 514 1982 referuntur.“
538 1929 617 2000 Lips.
659 1932 726 1984 Non
757 1931 873 2004 quidem
897 1931 1052 1984 accercitur
1084 1927 1213 1982 eiusdem
1242 1925 1380 1981 sententiae

89 2015 93 2022 ·
206 1999 332 2067 ¹cendne,
351 1999 427 2072 quod
444 2003 522 2055 foret
539 2003 738 2072 tyrannicum,
757 2012 786 2057 et
804 2001 945 2074 quomodo
962 2011 1059 2056 umen
1079 1999 1199 2054 videtur
1221 1995 1381 2054 intellexisse

183 2069 312 2141 Lipsius,
341 2071 391 2124 ied
418 2079 452 2123 ut
471 2073 568 2126 eadem
586 2073 741 2128 necessitas
785 2072 1015 2134 ariter-,iurandi
1034 2072 1140 2126 ceteris
1160 2071 1255 2136 fleret,
1279 2068 1307 2122 id
1327 2081 1380 2118 cre

171 2141 301 2214 ‘publica
320 2159 391 2208 esse,
410 2151 499 2212 prout
516 2143 671 2198 Ferrarius
690 2146 722 2198 in
739 2092 850 2200 Electis
869 2149 895 2212 1,
915 2147 958 2198 lo.
979 2139 1161 2214 explanavit3
1183 2143 1211 2198 J.
1230 2141 1310 2195 Gran.
1329 2135 1380 2202 „De

183 2220 246 2267 arte
268 2207 381 2267 'riberii
408 2213 440 2266 in
465 2215 592 2342 reg⁹enda
619 2216 772 2270 sententiis
797 2213 856 2269 suis
884 2221 984 2268 senatu
1008 2233 1037 2267 v.
1057 2212 1133 2268 Diss.
1160 2215 1194 2267 in
1212 2215 1290 2266 Mem.
1307 2207 1379 2262 teat.

183 2283 340 2412 {jagaal}
365 2285 411 2340 4⁷.
435 2300 465 2356 p.
491 2289 543 2362 l³
571 2285 639 2358 sq.“
674 2287 762 2354 Wolf.
783 2319 816 2330 -
853 2303 916 2358 qua,
947 2283 1051 2356 inquit,
1063 2285 1139 2338 ''loco
1163 2283 1306 2339 censetis!
1343 2277 1380 2332 Gi.

210 2375 221 2407 s
293 2389 304 2418 ,
343 2392 351 2406 .

252 2461 281 2517 3.
311 2468 468 2532 quantaque
500 2461 648 2518 incautior
674 2468 839 2534 effer-verat.-
869 2465 939 2532 „ita
966 2464 1023 2520 MS.
1047 2464 1104 2518 Vul
1126 2473 1207 2518 atum
1232 2461 1379 2530 efferbuerat

184 2537 227 2585 est
244 2547 261 2584 a
279 2531 344 2585 Ber.
370 2534 452 2586 cuius
479 2543 555 2588 aetas
578 2537 610 2588 in
634 2537 740 2590 talibus
764 2536 932 2592 haerebat.“
956 2537 1042 2604 Wolf.
1080 2483 1241 2606 „inspirer
1266 2532 1379 2585 Tacitum

183 2603 335 2672 scripsisse
355 2603 527 2675 nandoque,
547 2607 566 2657 i.
588 2623 612 2662 e.
632 2615 662 2660 et
679 2609 823 2692 quomm-
843 2627 872 2660 v.
892 2608 972 2675 adl,
991 2611 1074 2670 im.
1111 2609 1156 2660 lta
1178 2623 1275 2660 sensns
1292 2603 1379 2673 plenus

183 2679 213 2726 et
231 2673 324 2726 oratio
342 2675 478 2727 mollior:
506 2675 553 2728 bis
571 2677 606 2730 de
623 2695 716 2732 causrs
734 2687 821 2749 etque
845 2680 965 2749 insuper
987 2681 1055 2766 quis
1079 2675 1328 2738 animadvertebat,
1356 2685 1380 2750 ⁵5²

182 2757 242 2795 non
260 2742 332 2796 bene
350 2743 548 2829 dissimulasse
567 2747 650 2814 iram,
670 2749 721 2804 sed
739 2751 882 2802 manutius
902 2749 1061 2816 afferesne,
1081 2750 1228 2822 poenituit
1246 2765 1306 2802 euru
1322 2746 1379 2822 iactr

162 2814 1186 2962 ⁴attentaritPietati‘{sistartia'instituti
1199 2827 1377 2945 tilieti:

128 2984 131 2994 ι
181 2957 256 3008 Mur.
286 2965 314 3009 et
337 2956 419 3013 Acid.
457 2959 536 3012 ldem
562 2979 631 3014 vero
659 2979 758 3016 sensus
787 2966 895 3017 veteris
923 2965 1100 3036 scripturae:
1138 2970 1295 3032 anomocus
1316 2957 1334 3008 t'·
1351 2971 1379 3015 tu

181 3035 272 3091 tento,
298 3035 333 3080 ut
353 3029 558 3096 poenitentiam
584 3035 782 3087 commotioris
806 3035 897 3106 animi
922 3036 1105 3106 approbaret,
1130 3035 1225 3112 magis
1240 3030 1346 3102 patiens
1361 3043 1378 3074 s·

179 3097 338 3168 patientius
357 3100 442 3184 trelit3
465 3103 551 3156 Gran.
589 3105 758 3176 „Equidem
776 3105 853 3158 nihil
871 3107 975 3159 melius
998 3107 1059 3160 viti
1083 3107 1210 3159 lectione
1235 3104 1320 3186 vulgo
1342 3113 1380 3148 rt·

179 3175 273 3239 cepta.
310 3169 491 3226 Paenitentia
509 3183 553 3227 est
571 3173 665 3228 Ablat.
683 3193 738 3246 pro
756 3178 924 3248 participio,
950 3178 1066 3245 potiens
1082 3191 1138 3248 pro
1155 3177 1221 3233 adv.
1237 3175 1379 3244 patienter:

129 3275 134 3292 .
179 3250 363 3324 pare-post
387 3241 444 3296 hoc
472 3245 619 3320 virgulam
647 3247 747 3302 abieci.
786 3247 882 3302 Sensit
906 3249 1079 3318 tempestive
1103 3245 1249 3313 Tiberius,
1283 3237 1380 3312 aliquid

178 3325 369 3380 imperiosum
398 3323 428 3366 et
451 3316 607 3398 superbum
635 3318 689 3369 sibi
719 3319 874 3372 excidisse:
906 3319 1000 3396 igitur
1017 3319 1088 3372 colli
1112 3321 1135 3372 it
1163 3337 1194 3374 ss
1212 3326 1242 3372 et
1259 3318 1379 3394 revocati

177 3395 237 3466 uon
258 3389 358 3466 tamen
385 3393 419 3436 ut
446 3387 655 3454 poenitentiam
680 3389 829 3460 approbet,
862 3391 910 3442 sed
935 3390 1002 3462 quis
1029 3339 1168 3444 callidum
1197 3385 1391 3443 commotioner

176 3467 267 3504 snum
286 3455 562 3534 cstonpoenitebatf‘
585 3458 673 3526 Wolf.-
708 3461 828 3525 „lmmo
852 3461 1028 3530 poenitentia
1053 3463 1169 3529 patiens
1193 3459 1311 3532 ponitur
1335 3463 1390 3532 pro}

176 3526 258 3574 tanto
272 3525 451 3590 poenitentia
467 3527 637 3596 patientior,
662 3537 691 3584 et
708 3531 753 3584 nil
778 3548 849 3602 opus
868 3541 911 3586 est
929 3533 1186 3587 emendationibus.
1206 3551 1232 3585 v.
1252 3529 1286 3583 ad
1304 3531 1328 3592 1,
1343 3523 1390 3584 bb*

175 3591 233 3646 1.“
266 3593 378 3646 suasu
417 3597 496 3650 seem
521 3599 553 3650 ss
579 3600 724 3654 serenus
748 3601 819 3657 usse
845 3603 937 3657 eust:
966 3605 1122 3670 ‚mitam
1142 3600 1320 3658 scrumosus
1336 3595 1389 3658 (inx

176 3661 534 3742 Altg.Schulssis.1e³tt.
561 3669 648 3724 Abtb.
673 3675 716 3726 ll.
743 3691 771 3729 n.
792 3673 853 3741 16.)
884 3677 1081 3729 coniecturam
1107 3674 1240 3728 Ernestii
1270 3647 1389 3742 quondel

175 3749 228 3802 que
256 3741 286 3788 et
310 3733 366 3790 boc
392 3753 447 3808 pro
474 3741 607 3809 wasiani
630 3742 752 3809 dienen,
774 3745 821 3798 'sd
843 3747 957 3813 patiens
987 3761 1058 3800 vero
1084 3745 1179 3814 magis
1201 3739 1388 3829 supplendumt

173 3813 266 3928 putat.
298 3805 355 3860 Sed
379 3827 406 3862 v.
434 3809 469 3862 ad
496 3816 522 3877 Ι,
546 3817 592 3880 67,
612 3819 637 3868 1.
657 3815 704 3878 (et
721 3814 783 3869 lud.
804 3817 856 3872 111.
876 3836 905 3870 v.
926 3817 1157 3886 Comparationis
1174 3815 1265 3878 usus.)
1300 3812 1387 3878 Quum

99 3924 103 3940 ,
197 3873 235 3932 .l.
252 3893 292 3958 ns
308 3879 408 3960 credas
422 3899 438 3962 ιιΙ
450 3878 552 3936 Tacito
568 3885 637 3950 dici,
649 3901 721 3954 quae
733 3888 799 3940 vult
809 3889 859 3940 vir
876 3889 993 3954 damnes
1014 3890 1103 3941 imma
1119 3887 1231 3953 scribit,
1243 3883 1357 3941 'l'iberiu

172 3953 349 4013 poentientia
372 3956 529 4018 patrantem
551 3956 654 4009 tulisse
681 3965 739 4010 oet.
777 3973 810 4012 eo
836 3961 940 4038 magis,
969 3959 1046 4030 quod
1062 3959 1209 4013 incautius
1234 3953 1375 4024 effervere!

174 4017 254 4070 ldem
271 4019 406 4074 Kritsius
424 4023 572 4101 vulgatam
591 4027 767 4098 scripturam
781 4029 896 4099 dmnnat
914 4031 950 4084 ob
963 4031 1097 4100 copulem
1115 4047 1175 4100 que,
1195 4045 1280 4100 quam
1298 4019 1370 4077 nesci

173 4089 244 4157 quid
262 4091 319 4143 sibi
337 4093 419 4147 velit.
456 4093 495 4146 At
514 4098 667 4173 coniungit
684 4097 737 4152 ills
752 4101 889 4154 wenbuls
904 4109 1049 4170 persecatus
1066 4110 1096 4156 et
1110 4101 1236 4170 patiens,
1255 4089 1370 4172 quemad

173 4159 291 4214 modurn
311 4164 450 4246 coniungi
470 4165 565 4219 solent
583 4169 640 4222 duo
659 4168 790 4242 epitheta
807 4172 842 4224 ad
860 4172 944 4225 idem'
956 4173 1122 4227 Subiectum
1142 4165 1335 4258 spectantia.“

134 4291 138 4301 ι
171 4229 207 4281 tle
221 4246 354 4298 masse
371 4237 536 4311 repetundis
553 4239 593 4290 ad
611 4239 818 4308 reciperatores
835 4242 908 4296 itusn
925 4250 984 4296 ests
1003 4241 1091 4308 „soil
1110 4261 1143 4297 re
1162 4261 1220 4297 ssm
1235 4249 1297 4294 scta
1314 4252 1365 4307 spu

170 4298 319 4356 l’stses-et
336 4321 389 4358 reo
407 4304 555 4388 damnato3
569 4311 617 4363 cui
636 4320 699 4366 tum
718 4313 838 4380 iudices,
863 4329 934 4386 quos
952 4315 1090 4386 petierat,
1110 4313 1168 4370 deti
1185 4333 1202 4368 a
1221 4319 1318 4367 senatu
1338 4323 1356 4358 v

1380 4375 1383 4483 l

1380 4541 1382 4615 t

1374 4655 1381 4763 r
