2890 4790
160 219 222 286 tte
553 215 799 284 ANNALIUM
821 216 905 282 LlB.
928 213 988 280 1v.

161 383 360 440 considerabat
378 355 588 462 cogitabatqde,
607 383 680 458 quid
697 383 817 456 publice
833 383 1030 455 privatimque
1049 381 1129 434 nasci
1147 379 1240 433 aconi
1281 379 1307 432 'o
1324 377 1373 432 tali

160 465 266 528 posset,
285 455 410 523 videbat,
429 457 482 510 tali
501 457 708 511 coniunctione
731 463 846 508 tantum
873 453 971 508 attolli
989 453 1134 520 homines,
1160 459 1195 504 ut
1212 453 1241 506 fa
1282 467 1375 522 epos·

161 537 226 582 sent
244 529 364 599 spiritus
390 545 505 582 sumere
524 537 553 584 et
572 529 687 582 sibimet
705 527 762 597 ipsi
781 525 900 582 molesti
918 541 989 592 esse,
1017 527 1043 580 si
1067 527 1126 579 iam
1149 541 1205 596 per
1223 542 1252 578 se
1270 523 1374 578 nobiles

160 608 191 654 et
207 597 345 653 honorati
364 609 468 653 essent.
507 599 609 670 ltaque
623 599 773 676 cogitavit,
793 615 889 652 annon
907 597 1012 652 melius
1025 605 1054 651 et
1071 597 1165 650 tutius
1183 599 1271 662 foret,
1290 595 1375 664 Esqui-

160 679 220 725 tem
238 687 378 756 generum
398 662 537 748 deligere,
565 674 616 742 qui
642 687 746 742 expers
771 671 816 724 rei
840 670 975 742 publicae
993 668 1097 740 procul
1122 669 1156 722 ab
1173 666 1332 722 bonoribus
1350 674 1376 718 et

160 743 287 816 negotiis
305 741 432 812 publicis
451 743 571 818 egisset:
599 759 667 796 nam
690 749 787 796 umen
811 743 951 796 iuniorem
974 739 1081 794 ceteris
1105 741 1161 793 ista
1179 739 1377 794 coniunctione

160 817 274 868 foreat
302 813 380 866 nihil
404 821 504 868 contra
523 831 553 868 se
572 812 778 870 moliturum.“
804 813 875 870 Ern.
895 845 929 856 —
966 811 999 866 0.
1018 811 1186 865 Proculeius
1209 811 1305 881 Eques
1326 809 1376 862 llo-

160 901 272 950 manus,
291 886 340 938 vir
358 887 493 962 egregius
508 893 536 939 et
555 885 704 952 candidus,
721 891 863 956 patronus
877 883 1031 938 hominum
1041 883 1204 950 doctorum,
1219 890 1376 1006 ‘perpetuus

160 956 284 1034 Augusti
303 971 399 1010 eomes
418 957 607 1028 omniumque
632 957 823 1012 consiliorum
846 957 907 1012 eius
926 956 1082 1027 particeps,
1107 957 1202 1008 frater
1246 953 1377 1017 erentiae,

160 1045 233 1098 quae
257 1029 429 1080 Maecenatis
456 1043 532 1081 uxor
554 1029 625 1094 tuit,
658 1027 689 1084 L.
716 1028 826 1082 Licinii
849 1029 990 1080 Van-onis
1015 1029 1177 1093 Muraenae,
1206 1027 1260 1098 qui
1285 1032 1376 1079 centn

160 1101 323 1174 Augustum
343 1097 520 1167 coniuravit,
553 1108 583 1154 et
601 1101 639 1152 ll.
664 1097 801 1153 Terentii
824 1099 963 1152 Varronis
988 1099 1151 1165 Muraenae,
1182 1101 1235 1184 qui
1254 1099 1286 1150 in
1304 1115 1328 1150 a.
1345 1095 1375 1148 U.

161 1175 221 1226 731.
252 1170 355 1222 consul
381 1178 505 1238 creatus,
538 1172 589 1226 scd
612 1169 701 1242 paulo
724 1178 791 1224 ante
819 1177 954 1224 mortuus
981 1177 1034 1226 est.
1071 1170 1146 1224 Cum
1169 1169 1217 1226 lus
1240 1169 1376 1224 fratribus

161 1241 240 1294 bello
259 1241 343 1294 civili
362 1240 495 1312 spoliatis
508 1243 725 1366 patrimonium
743 1259 860 1296 suumn
921 1242 943 1296 's
960 1241 1092 1314 partibus
1111 1241 1222 1296 divisit.
1241 1260 1272 1297 v.
1293 1243 1376 1362 intqq.

160 1313 231 1366 llor-
252 1311 297 1364 od.
316 1315 343 1377 l,
362 1315 389 1376 2,
409 1315 489 1369 5-3.
532 1313 620 1370 abric.
642 1321 673 1367 et
689 1311 815 1368 Reimar.
842 1313 879 1366 ad
923 1313 982 1370 ion.
1002 1315 1047 1380 54,
1066 1317 1092 1370 3.
1111 1314 1212 1368 Burm.
1239 1321 1270 1368 et
1287 1312 1341 1384 Spa
1372 1349 1377 1360 .

161 1383 197 1438 ad
215 1381 337 1450 Quintil.
358 1385 386 1450 6,
405 1387 431 1440 3.
462 1383 552 1439 Hard.
577 1384 613 1438 sd
631 1383 706 1442 Plin.
727 1387 753 1450 ⁷,
772 1387 815 1442 45.
841 1387 963 1440 Messon.
986 1383 1041 1438 vit.
1061 1385 1133 1440 Hor.
1151 1402 1181 1456 p·
1200 1387 1265 1442 334.
1286 1417 1317 1428 -
1351 1381 1377 1434 in

160 1453 335 1508 sermonibus
352 1452 459 1520 ¹lubuit,
480 1457 512 1510 in
530 1455 687 1510 consilium
706 1455 848 1522 adhibuit,
876 1455 1012 1528 quosdam
1035 1455 1148 1526 insigni
1171 1463 1240 1510 tran
1259 1455 1378 1510 uillitate

160 1527 246 1592 uitae,
267 1528 305 1581 cf.
326 1525 392 1580 lnd.
411 1527 465 1580 111.
484 1545 513 1582 r.
539 1527 669 1580 Ablatius'
693 1527 848 1598 qualitatis
868 1529 1024 1597 pendentes
1047 1545 1082 1582 es
1109 1527 1203 1582 intell.
1286 1525 1377 1594 ticipt'o

160 1597 239 1651 uerbi
256 1599 397 1650 substant.
423 1629 451 1640 -
488 1599 578 1652 nullis
595 1598 641 1652 res'
657 1599 736 1668 publ.
756 1599 884 1668 negotiis
898 1599 1068 1670 permistos,
1091 1617 1121 1653 r.
1141 1597 1178 1654 ad
1195 1603 1224 1667 3,
1243 1603 1288 1664 38,
1309 1605 1332 1656 1.
1350 1623 1377 1634 ··

161 1667 238 1736 „Sed
254 1669 283 1721 si
300 1668 487 1735 dubitatione,
512 1669 732 1738 deliberatione,
757 1669 888 1740 Augusti
904 1687 1055 1737 nwonnur,
1074 1677 1180 1742 quanto
1197 1671 1327 1726 validius
1343 1673 1378 1723 est

162 1771 195 1782 —
214 1739 373 1806 collocavit,
406 1749 514 1810 quanto
538 1759 567 1794 m
607 1743 614 1756 '
648 1742 762 1796 moveri
781 1741 915 1796 debemus
939 1743 1002 1798 aius
1021 1743 1186 1808 decisiones
1205 1761 1285 1810 nam,
1310 1737 1378 1812 qutd

162 1809 310 1878 audivisti,
335 1811 367 1863 in
393 1811 561 1866 collocanda
607 1813 648 1866 lia
674 1811 814 1866 nonnihil
831 1817 921 1870 etiam
940 1814 976 1870 de
993 1812 1150 1886 Equitibus
1167 1814 1253 1872 Rom.
1272 1807 1378 1866 consul·

161 1881 245 1948 tavit,
265 1881 319 1946 (ita
338 1897 400 1952 cap.
419 1883 476 1950 33.)
497 1901 560 1938 earn
578 1899 649 1938 vero
667 1901 727 1938 non
743 1883 859 1954 Equiti,
884 1885 1100 1962 sedAg‘rippae
1118 1885 1242 1940 etmihi
1262 1883 1377 1938 colloca·

160 1952 216 2018 rit,
236 1970 269 2008 er
290 1969 306 2008 o
325 1951 412 2030 longe
430 1953 512 2008 aliud
528 1955 665 2027 probavit
682 1955 872 2030 decrevitque
897 1967 927 2012 et
952 1957 1015 2030 ipsc
1034 1965 1119 2030 pacto
1138 1963 1294 2012 exsecutus
1313 1949 1378 2007 est.“

159 2021 239 2092 Lips.
325 2024 419 2078 bitere
436 2028 525 2080 etiam
544 2025 604 2081 (lic.
623 2043 653 2098 p.
672 2027 755 2084 Rosc.
774 2025 838 2086 Am.
852 2031 898 2087 ³1.
917 2028 954 2084 de
972 2027 1023 2082 off.
1042 2033 1068 2094 1,
1086 2031 1112 2085 3.
1134 2035 1163 2082 et
1180 2035 1284 2082 noster
1300 2027 1328 2092 4,
1340 2023 1377 2080 5⁷·

161 2093 238 2148 dixit
256 2111 311 2166 pro
331 2096 523 2165 considerare,
542 2097 722 2166 deliberare,
739 2099 810 2154 Ern.
831 2099 876 2158 Cf.
896 2109 926 2155 et
943 2104 971 2167 b,
990 2103 1026 2158 to
1043 2117 1090 2182 pr.
1111 2101 1209 2166 1t,t⁰.
1229 2101 1276 2162 13,
1295 2097 1337 2152 5⁰·
1350 2123 1377 2134 ·-

160 2165 309 2220 collocavit
326 2167 419 2222 liliam
439 2186 535 2236 suam;
553 2187 627 2242 quae
646 2170 759 2242 ellipsis
778 2179 822 2226 est
839 2173 921 2228 dura.
934 2203 967 2214 -
1005 2171 1106 2241 quibus
1124 2169 1215 2224 adbuc
1233 2165 1378 2224 necessitu-

160 2237 278 2291 dinibus
295 2238 318 2291 i.
338 2245 366 2292 te
383 2255 419 2292 m.
437 2256 548 2310 parere,
575 2249 675 2296 ments
699 2243 816 2329 agitem.
837 2277 871 2288 -
908 2244 977 2298 dato
1001 2249 1125 2311 ternpore
1143 2249 1322 2315 opportuno,
1352 2241 1379 2288 ut

161 2308 230 2362 dato
249 2309 297 2363 die
316 2313 359 2376 13,
377 2313 422 2368 40.
443 2321 472 2366 et
490 2314 555 2370 sim.
576 2345 609 2356 -
645 2315 691 2368 uel
713 2331 746 2369 sn
764 2321 864 2368 senatu
887 2315 933 2369 uel
953 2315 985 2369 in
1008 2315 1141 2368 concione
1158 2311 1276 2386 populi,
1306 2317 1339 2362 ut
1354 2310 1378 2370 4,

160 2382 204 2436 st.
224 2395 255 2434 se
268 2381 317 2456 'vel
333 2383 442 2449 statim,
462 2383 538 2449 (erat
555 2392 654 2440 autem
672 2385 836 2454 insensatu)
863 2386 908 2440 uel
925 2386 957 2440 in
975 2385 1108 2440 concione
1135 2383 1219 2452 (nam
1239 2383 1283 2437 ita
1301 2377 1377 2434 scrib.

159 2467 215 2522 pro
235 2453 410 2522 cognitione)
425 2462 638 2524 purgaturum
656 2454 788 2514 Freinsb.
818 2457 874 2513 Sed
890 2475 985 2530 neque
1002 2457 1129 2529 populus
1148 2465 1212 2510 tum
1231 2447 1377 2508 convocet?

160 2529 191 2578 et
217 2525 308 2592 coire,
336 2541 430 2596 neque
459 2526 626 2598 Imperator
649 2529 818 2583 concionari
843 2529 964 2596 solebat,
998 2537 1029 2583 et
1056 2525 1151 2582 intell
1166 2526 1273 2652 ¹potius
1290 2518 1377 2598 cond?

159 2595 321 2647 amicorum
346 2598 378 2649 in
403 2597 561 2651 consilium
579 2597 615 2654 de
632 2597 688 2654 bac
705 2617 739 2654 re
757 2599 972 2669 adhibitorum
991 2599 1049 2654 nisi
1069 2607 1099 2653 et
1115 2597 1146 2656 h.
1181 2597 1267 2672 Aeg.
1287 2605 1378 2660 cogol-

160 2664 246 2732 ts'one,
265 2674 299 2718 ut
318 2669 343 2734 4,
363 2669 408 2723 43.
429 2667 474 2725 cf.
493 2669 529 2722 ad
547 2669 583 2722 Η.
605 2673 633 2737 l,
654 2673 699 2738 73,
717 2675 744 2728 7.

604 2811 799 2868 CAPUT
846 2813 934 2876 XLI.

241 2899 387 2962 Rursum
409 2898 561 2982 Seianus,
591 2923 659 2968 non
679 2907 745 2968 iam
773 2904 815 2968 de
843 2907 1071 2984 matrimonio,
1103 2899 1163 2966 scd
1189 2899 1294 2962 altius
1320 2911 1378 2956 me·
1421 2905 1422 2916 ¹

160 2992 270 3061 tuens,
291 2985 393 3046 tacita
413 2987 654 3069 suspicionum,
675 2989 771 3074 vulgi
793 3008 977 3063 rumorem,
998 2991 1211 3075 ingruentem
1223 2975 1377 3044 invidiam

161 3065 374 3149 deprecatur.
418 3067 529 3132 Aona
550 3067 702 3134 assiduos
723 3073 760 3134 in
781 3069 918 3134 domum
948 3081 1064 3136 coetuu
1090 3064 1237 3132 arcendo
1266 3063 1376 3125 infrin-

160 3157 257 3294 qeret
283 3151 466 3231 potentiam
488 3159 547 3214 ant
568 3153 770 3236 receptando
791 3155 983 3218 facultatem
1004 3149 1264 3217 criminantibus
1291 3162 1377 3241 prat·

183 3239 268 3306 eret,
289 3231 356 3294 huc
377 3235 483 3314 flexit,
508 3243 549 3297 ut
569 3235 748 3300 Tiberium
768 3237 811 3300 ad
831 3241 937 3302 vitam
965 3238 1085 3322 procul
1106 3236 1211 3298 lloma
1238 3244 1376 3294 amoenus

162 3315 246 3376 locis
268 3314 453 3378 docendam
480 3319 679 3401 impelleret.
723 3319 835 3384 Multa
862 3323 983 3406 quippe
1012 3318 1231 3404 providebat:
1264 3331 1324 3378 sua
1347 3311 1375 3366 iu

161 3417 264 3459 manu
290 3367 399 3461 aditus
428 3399 671 3484 literarumque
699 3423 819 3491 magna
843 3425 883 3466 ex
912 3412 1011 3488 parte
1039 3424 1074 3466 se
1105 3401 1274 3464 arbitrum
1300 3397 1375 3464 fore

162 3499 263 3562 quum
288 3501 351 3563 per
378 3483 508 3564 milites,
530 3495 774 3550 commearant:
814 3507 891 3550 mox
921 3486 1098 3550 Caesarem
1125 3485 1287 3567 uergente
1319 3475 1375 3570 itm

162 3570 295 3626 senecta
316 3573 511 3648 secretoque
532 3569 599 3630 loci
620 3571 789 3632 mollitum
810 3573 924 3634 munia
945 3570 1081 3653 imperii
1102 3565 1233 3628 facilius
1251 3571 1375 3622 tramu-

161 3665 291 3710 surum:
335 3655 369 3708 et
400 3650 509 3712 minui
526 3651 610 3724 ,eibi
650 3651 812 3716 iuvidiam
844 3653 997 3736 adempta
1037 3650 1242 3713 salutantum
1274 3641 1375 3713 turbe,

162 3729 366 3812 sublatisque
399 3731 555 3794 inanibus
594 3753 676 3796 vera
706 3738 856 3818 potentia
889 3757 931 3800 aa
955 3753 1023 3798 ere.
1076 3733 1092 3794 1
1116 3733 1187 3794 itur
1223 3724 1375 3810 paulatim

162 3814 298 3900 negotia
317 3811 425 3892 urbis,
446 3815 564 3962 populi
585 3835 754 3892 accursus,
776 3819 1027 3882 multitudinem
1102 3816 1254 3878 centium
1275 3809 1375 3870 incre-

161 3903 231 3977 pat,
247 3897 407 3959 extollens
428 3898 483 3960 lau
511 3899 582 3962 ’bus
595 3903 740 3984 quietam
760 3911 794 3964 et
806 3901 1033 3980 solitudinem,
1055 3900 1128 3982 qais
1146 3896 1260 3960 abesse
1276 3885 1375 3952 taedia

162 3985 197 4040 et
225 3981 423 4044 offensiones
453 4001 492 4044 ac
517 3985 698 4068 praecipua
730 4005 847 4048 rerum
873 3988 1016 4048 maxime
1044 3981 1179 4070 agitari.

234 4099 260 4153 l.
288 4097 420 4164 Barnun,
448 4099 741 4168 v.a‹11‚so,t.-
778 4101 903 4158 Seianus
920 4119 976 4158 non
999 4101 1058 4155 iarn
1076 4101 1112 4154 de
1128 4092 1310 4152 matrimonio
1326 4097 1373 4138 mt-

162 4171 253 4232 tuens,
282 4185 320 4220 ne
343 4169 527 4226 matrimonii
558 4173 643 4228 istius
667 4191 733 4246 spes
755 4174 843 4228 irrita
868 4183 953 4242 esset,
988 4173 1040 4228 ssd
1066 4171 1157 4226 altius
1180 4175 1312 4228 melmun
1343 4172 1373 4208 ¹²⁰

161 4237 272 4288 maiora
295 4239 478 4296 incommoda
503 4251 705 4313 sequerentur,
736 4245 827 4298 tacita
853 4245 1046 4316 suspicionum
1070 4275 1102 4286 -
1129 4239 1303 4308 depreeatur,
1332 4225 1373 4282 '⁰¹

161 4313 308 4374 l’l'fflfflts
335 4325 373 4363 Μ
397 4309 535 4384 Princeps
559 4314 597 4370 iis
627 4317 737 4382 credat,
773 4317 823 4371 vel
846 4333 944 4374 coram
968 4315 1017 4372 rel
1034 4314 1132 4385 petius
1155 4325 1210 4382 per
1232 4300 1373 4380 epistolffl
