2904 4798
185 224 330 288 CAPUT
352 223 512 290 XXXlll.
541 223 699 290 XXXIV.
728 225 779 301 (Δ.
796 223 832 288 U.
847 224 917 291 788.
941 225 978 288 Α.
994 223 1103 300 035.)
1185 227 1248 294 527
1342 315 1353 336 Ι

34 395 59 446 la
78 409 143 446 mer
160 393 243 446 noire
261 400 291 446 et
311 393 338 446 la
354 409 419 446 mer
438 391 597 464 Caspienne
623 409 652 462 p.
675 391 753 448 1³9ss
773 391 866 455 oceri,
893 419 921 428 -
948 391 1101 459 „Extremi
1123 394 1246 450 Albano·

34 481 94 516 rum
112 471 221 518 montet
239 481 339 518 versus
358 463 530 520 Sarmatiam
548 471 673 540 tangunt
690 479 769 518 neore
787 464 923 534 Caspium
951 475 982 518 et
1008 467 1044 522 ad
1063 465 1138 520 illud
1154 485 1246 538 usam

34 538 179 607 perpetuis
197 539 262 590 iere
280 535 424 590 montibus
442 553 458 590 a
476 534 614 590 Sarmatis
634 543 819 605 separantur,
843 551 913 611 ergo
931 537 1025 592 aditus
1045 539 1077 592 in
1094 537 1246 592 Albaniam

34 625 84 678 per
102 609 200 662 litoris
218 609 279 662 eius
299 623 379 660 oram
403 614 432 661 et
458 606 544 678 plana
561 607 666 662 ricino.
704 605 761 661 Sed
776 606 849 661 haec
867 624 990 678 quoque,
1019 611 1126 680 inquit,
1150 610 1245 665 clausa

33 690 101 734 tnnc
119 680 269 745 Sarmatis,
289 680 357 750 quia
374 677 409 732 ab
427 679 541 732 oriente
558 679 665 732 flabant
682 679 797 732 Eteet'nc
815 687 845 732 et
863 680 953 734 undas
978 683 1007 736 iu
1033 681 1119 752 plana
1138 682 1246 752 impel-

33 753 127 806 lebant
151 759 237 822 atque
262 752 304 804 ite
319 760 389 804 rest
448 749 541 803 abant.
588 749 741 804 Trauoitus
768 759 863 804 autem
882 751 1020 807 Sarmatis
1045 769 1104 806 non
1121 753 1196 807 alius
1215 754 1246 808 in

33 823 198 878 Armeniam
218 839 303 892 quam
330 769 527 893 per-'bibenos
552 829 581 876 et
604 823 635 874 in
653 821 778 876 Albanos
795 839 851 892 per
869 821 946 876 illud
964 823 1063 878 litus.“
1082 823 1159 892 bipe.
1188 826 1245 888 „Aa

33 895 80 964 qni
96 893 213 948 Peribis
231 893 429 960 adventabant,
450 891 604 964 Sceptuchi
622 892 817 946 Sarmatarum
836 895 1019 961 conducticii,
1039 897 1089 966 qui
1107 912 1162 964 pro
1180 897 1247 950 Par·

33 966 89 1018 this
119 967 238 1032 stabant,
270 966 358 1032 focile
381 966 561 1030 arcebantur,
590 981 680 1036 quum
706 965 797 1032 iberi,
826 965 930 1020 Albani
959 973 988 1020 et
1013 967 1065 1020 alii
1089 965 1247 1038 sceptuchi

33 1037 117 1090 simul
135 1037 278 1093 foederati
296 1038 370 1090 ulica
386 1038 516 1091 incertus
534 1037 711 1090 clauderent:
737 1052 820 1088 unum
839 1037 977 1108 reliquum
1000 1039 1060 1092 iter
1083 1055 1137 1108 per
1159 1037 1246 1092 Alba-

33 1128 78 1162 nas
97 1111 181 1180 pylas
200 1127 221 1165 s.
262 1117 339 1163 ortas
358 1108 485 1180 Caspiae,
503 1125 581 1162 nunc
598 1109 723 1162 Derbent
750 1109 782 1160 in
800 1125 884 1179 prov.
904 1103 1045 1164 Shirvan:
1072 1109 1142 1180 (per
1158 1127 1246 1180 quam

33 1189 155 1252 portam,
185 1179 219 1234 ab
276 1181 402 1235 euandro
420 1183 457 1234 Μ.
483 1180 554 1234 olim
573 1182 781 1234 communitam
806 1188 835 1233 et
853 1181 1070 1251 antiquitatum,
1097 1181 1245 1236 viatorum

33 1254 143 1307 incuria
160 1251 242 1306 nobie
260 1253 388 1306 nondum
408 1253 477 1306 satis
496 1260 722 1322 compertarum,
741 1251 902 1317 fecundam,
923 1253 1100 1307 ellloscovia
1128 1252 1159 1304 in
1177 1254 1246 1308 Per·

33 1324 120 1377 sidem
139 1324 292 1388 transitur)
310 1323 360 1376 sed
377 1339 455 1376 neore
473 1323 551 1377 inter
571 1351 603 1360 -
622 1323 801 1390 impediebat,
826 1323 1024 1392 periclitatibus
1042 1332 1096 1380 cet.
1129 1324 1245 1378 Etesiae

33 1395 106 1448 Gall.
126 1397 232 1449 levent
257 1396 291 1448 de
308 1395 467 1449 Nord-Eat
493 1403 523 1449 et
545 1392 679 1448 bibernua
702 1402 800 1448 auster
824 1411 882 1448 non
905 1395 931 1447 Ie
948 1401 1011 1448 vent
1031 1395 1067 1448 du
1085 1395 1170 1460 midi,
1195 1395 1245 1449 sed

32 1469 133 1520 levent
152 1469 187 1521 de
204 1466 393 1520 Sed-Oueeta
412 1481 478 1520 nem
497 1467 618 1520 australi
636 1475 723 1521 vento
742 1465 847 1520 revolvi
864 1467 964 1530 fluctuo
981 1475 1103 1538 possunt
1122 1468 1153 1520 in
1163 1483 1244 1521 mare

32 1537 175 1608 Caspium.
212 1537 312 1592 Fletus
335 1538 500 1592 Etesiarum
524 1539 605 1592 iuxta
630 1538 703 1592 Plin.
723 1540 751 1604 2,
770 1541 814 1594 at.
844 1545 874 1590 et
893 1537 1035 1593 columel.
1056 1543 1099 1605 ll,
1118 1541 1142 1594 2.
1170 1539 1244 1592 inci·

32 1611 113 1679 pinnt
130 1610 170 1662 Vl
188 1609 230 1665 ld.
251 1609 307 1662 lul.
327 1619 356 1664 et
373 1611 499 1681 perflant
517 1609 616 1664 diebus
641 1610 864 1664 canicularibus.
902 1608 974 1662 Inda
998 1625 1102 1664 rerum
1125 1608 1245 1664 huiusce

32 1681 100 1735 belli
118 1689 230 1751 teinpus
248 1681 438 1752 accipimus.“
454 1683 536 1736 Brot.
573 1689 669 1734 coctae
686 1680 804 1735 defendi
822 1689 928 1749 potest,
955 1681 1024 1750 quia
1042 1681 1147 1734 etesiae
1173 1697 1244 1734 ven·

32 1763 75 1806 tua
94 1753 234 1806 aestivus:
262 1751 311 1805 sed
337 1755 461 1808 fortasse
485 1761 580 1807 ceam
603 1753 723 1824 scripsit
740 1751 874 1818 Tacitus3
899 1751 968 1806 Ern.
1007 1752 1126 1818 „immo
1144 1760 1244 1824 aperte

32 1825 77 1877 hic
101 1824 157 1878 sibi
184 1823 310 1878 invicem
338 1833 526 1896 opponuntur
549 1830 645 1878 aeetae
670 1833 700 1878 et
724 1822 858 1878 hibernae
881 1830 987 1878 caeter.
1031 1823 1244 1902 intelliguntur

32 1903 123 1950 sutem
141 1889 244 1962 briocen
259 1898 363 1966 βορέαι,
382 1897 418 1950 de
436 1897 540 1968 quibus
558 1915 586 1952 r.
606 1894 743 1949 Herodot.
763 1899 791 1961 2,
809 1899 852 1951 2⁰.
871 1893 993 1949 Aristot.
1013 1894 1130 1966 probab.
1150 1899 1196 1962 bb,
1214 1899 1241 1952 2.

32 1967 102 2023 Plin.
120 1970 147 2033 i,
166 1970 211 2025 47.
231 1967 344 2022 colum.
365 1972 411 2031 11,
428 1971 457 2024 b.
494 1967 537 2020 De
555 1966 658 2021 iisdem
676 1967 750 2020 locis
779 1966 882 2019 scribit
901 1965 1020 2019 Curtius
1038 1969 1065 2031 b,
1085 1972 1112 2030 t,
1136 1970 1179 2022 19.
1216 1967 1244 2019 A

32 2038 216 2106 septentrione
234 2037 336 2108 ingens
353 2039 385 2091 in
403 2039 472 2091 litus
488 2053 567 2090 more
585 2037 718 2091 incumbit
738 2039 874 2106 longeque
891 2036 956 2104 agit
973 2037 1074 2100 motin
1092 2044 1121 2090 et
1137 2053 1243 2106 magno

32 2117 107 2163 oorle
125 2117 294 2164 exaestuans
311 2115 436 2178 etngnct.
473 2111 553 2162 idern
570 2109 629 2162 ulio
648 2105 719 2162 coeli
736 2115 813 2162 etate
830 2108 934 2177 recipit
961 2107 992 2160 in
1015 2123 1045 2159 ae
1068 2110 1173 2174 fretam
1197 2127 1244 2162 eo-

32 2183 140 2252 demque
162 2182 278 2251 impetu,
311 2198 364 2250 qno
389 2183 506 2248 effatum
532 2187 585 2244 eet,
609 2182 737 2234 relabena
761 2187 867 2235 terram
893 2185 1014 2233 nclnrcc
1043 2194 1111 2232 enne
1134 2179 1243 2234 reddit.

31 2254 81 2320 Qui
100 2254 194 2307 curtii
213 2254 294 2308 locus
314 2254 381 2305 satis
400 2253 544 2306 disturbat
561 2251 777 2319 difficultatem,
846 2251 976 2306 a'Paciti
997 2251 1086 2304 verba
1111 2250 1243 2306 laborare

31 2325 204 2454 rgdabapgurl
215 2323 361 2396 nyokior‘
383 2322 490 2378 Waltb.
525 2323 567 2378 De
585 2323 682 2378 elceiie
700 2325 737 2381 ci.
757 2324 794 2379 ad
805 2269 853 2376 id.
872 2327 899 2390 2,
918 2325 963 2392 90,
981 2325 1007 2380 2·
1038 2353 1068 2366 -
1089 2322 1194 2390 brevia,
1213 2341 1241 2376 v.

31 2415 43 2450 Ι
82 2402 106 2464 d,
161 2431 170 2463 p
208 2439 213 2453 ι

424 2539 615 2594 ΟΛΡΙΙΤ
668 2541 833 2598 xxm.

110 2647 247 2712 interim
271 2646 406 2712 Oroden
437 2649 606 2712 sociorum
633 2649 767 2732 inopem
796 2657 913 2714 auctus
944 2651 1068 2714 auxilio
1101 2650 1239 2714 Pharas-

31 2751 137 2797 manes
158 2753 280 2796 vocare
300 2731 342 2794 ad
362 2753 407 2816 pn
431 2753 505 2796 nam
528 2741 562 2794 et
582 2729 821 2796 detrectantem
843 2737 1018 2812 incessere,
1046 2731 1240 2817 adequitare

31 2818 153 2895 castris,
174 2818 341 2878 infensare
363 2753 497 2898 painlm
530 2835 568 2878 ac
589 2835 686 2898 saepe
713 2819 748 2877 in
777 2816 910 2880 modum
937 2816 1059 2879 obsidii
1086 2820 1239 2880 stationi-

31 2919 86 2960 ms
109 2899 274 2988 cingebat,
307 2899 412 2962 donec
439 2899 554 2961 Parthi
584 2902 860 2962 contumeliarum
888 2902 1064 2962 insolentes
1095 2903 1241 2962 circnm-

31 2985 182 3045 sisterent
202 3001 326 3068 regem,
349 2989 522 3063 poscerent
543 2983 719 3064 proelium.
763 2985 870 3065 Atque
891 2983 961 3044 illis
982 2983 1051 3044 sola
1072 2985 1106 3042 in
1129 2986 1240 3067 equite

31 3068 94 3141 ois3
128 3065 362 3128 Pharasmanes
384 3073 418 3126 et
438 3063 549 3146 pedite
570 3065 711 3128 valebat.
751 3065 839 3127 Nam
859 3065 948 3128 Iberi
969 3065 1153 3148 Albanique
1175 3068 1240 3130 sal-

31 3168 138 3212 :uosos
158 3149 248 3210 locos
270 3149 450 3209 incolentes
477 3143 623 3212 duritiae
650 3151 891 3232 patientiaeque
912 3149 1017 3235 magis
1045 3151 1240 3226 insuevere;

31 3235 200 3314 eruntque
220 3250 255 3292 se
276 3229 445 3292 Thessalis
474 3238 580 3308 ortos,
618 3253 681 3314 qua
709 3239 902 3314 tempestate
934 3232 1031 3294 Iason
1059 3241 1136 3313 post
1162 3253 1238 3296 ave-

31 3323 111 3375 :tam
140 3312 295 3376 Medeam
329 3315 521 3400 genitosque
547 3333 587 3376 ex
616 3334 654 3376 ea
686 3314 807 3377 liberos
838 3317 969 3378 inanem
1003 3333 1079 3376 mox
1111 3320 1238 3403 regiam

31 3399 146 3460 laetae
166 3415 352 3478 vacuosque
374 3394 512 3457 thalchoc
534 3400 703 3479 repetivit
747 3397 921 3481 Multaque
951 3395 992 3458 de
1013 3399 1146 3460 nomine
1167 3403 1238 3464 cius

31 3489 56 3542 et
78 3481 252 3542 oraculum
273 3479 389 3541 Phrixi
410 3479 597 3546 celebrant:
620 3501 680 3542 nec
702 3483 870 3564 quisquam
893 3482 998 3544 ariete
1028 3482 1238 3545 sacrificave-

31 3566 81 3640 rit,
104 3562 245 3640 credito,
267 3565 396 3626 vexisse
419 3559 589 3644 Phrixum,
612 3565 682 3626 eive
703 3562 739 3624 id
760 3565 890 3641 animal,
912 3584 970 3625 sen
992 3568 1086 3627 navis
1108 3567 1237 3666 insigne

31 3649 95 3710 nit.
139 3643 296 3708 Ceterum
318 3645 446 3708 directa
465 3647 634 3730 utrimque
654 3647 735 3726 acie,
757 3645 899 3710 Parthus
920 3649 1097 3730 imperium
1117 3647 1236 3711 Orien-

31 3732 76 3807 is,
109 3728 344 3792 claritudinem
379 3727 632 3812 Arsacidarum,
670 3738 851 3814 contraque
887 3731 1069 3817 ignobilem
1103 3732 1236 3794 lberam

31 3815 230 3874 nereenario
257 3813 376 3890 milite,
404 3811 603 3877 disserebat:
639 3814 887 3894 Pharasmanes,
921 3815 990 3877 inte
1055 3825 1235 3877 scemata

31 3895 177 3958 Parthico
199 3894 382 3972 dominatu,
412 3905 532 3980 quanto
553 3900 681 3959 maiora
702 3905 864 3981 peterent,
887 3897 961 3978 plus
1003 3901 1112 3960 ecoris
1129 3899 1236 3959 victo-

31 4000 74 4040 ·es
98 3986 167 4058 aut,
190 3981 219 4040 si
240 3987 335 4064 terga
357 3977 484 4056 darent,
506 3981 630 4067 flagitii
651 3989 748 4064 atque
803 3980 924 4044 ericuli
950 3981 1085 4045 laturos.
1129 3979 1236 4042 Simul

31 4059 194 4124 torridam
225 4081 363 4124 suorum
390 4065 505 4140 aciem,
543 4064 632 4144 picta
663 4083 746 4126 auro
813 4062 952 4148 edorum
979 4065 1122 4152 agmina,
1157 4063 1235 4126 hinc

31 4148 126 4224 ciros,
148 4143 226 4208 inde
247 4143 403 4228 praedam
425 4143 609 4211 ostendere.
1143 4131 1154 4170 ¹

92 4252 118 4302 l.
138 4252 238 4299 auctae
255 4243 375 4310 auxilio,
394 4253 428 4297 nt
445 4245 556 4299 cuziba
574 4263 599 4300 c.
616 4249 663 4304 33.
684 4254 715 4302 et
732 4246 771 4302 el.
789 4263 845 4320 pro
863 4247 1007 4302 militibus
1033 4247 1234 4306 auxillaribus.

31 4320 64 4374 lt.
86 4317 152 4372 lud.
172 4317 225 4372 lll.
245 4337 272 4372 v.
293 4316 444 4371 dictracta
462 4333 516 4386 pro
534 4318 683 4375 maeonia.
703 4351 736 4366 -
754 4334 854 4374 cacare
871 4321 910 4374 od
921 4334 1058 4390 pugnant,
1075 4335 1234 4390 provocare
