2890 4790
190 208 253 276 tto
592 201 838 270 ANNALIUM
869 203 953 269 hm.
975 201 1032 268 tv.
1127 293 1131 312 ι

192 375 321 438 riarum
341 369 538 436 Latinarum
558 367 675 434 diebus
691 371 897 434 Praefectum
920 366 1019 431 Urbis
1044 367 1384 452 nmiumnuspinndi

232 460 299 520 atis
320 453 471 518 tribunal
490 457 526 518 iu
569 473 677 518 mum
705 453 828 517 adierit
848 452 1048 536 Calpurnius
1068 451 1242 530 Salvianus
1270 455 1303 514 in
1319 451 1384 516 Sex.

231 541 358 606 ariumc
401 535 508 601 uod‘a
557 557 670 600 assare
714 539 798 600 alam
819 537 1020 619 increpitum
1042 553 1139 597 causa
1169 535 1274 600 exsilii
1293 535 1385 598 Salvi-

190 645 253 687 ano
275 625 349 686 fuit.
414 622 523 686 biecta
539 621 670 704 publice
683 557 859 702 dyntcenis
875 619 1006 682 incuria
1031 619 1305 680 caerimoniarum
1325 617 1386 680 divi
1421 667 1422 674 ,

190 707 344 794 Augiasti,
365 703 487 769 additia
508 705 690 768 violentiae
712 703 909 768 criminibus
930 699 1106 766 aduersum
1127 702 1216 764 cives
1228 701 1386 764 Romanos.

93 791 100 802 “
189 791 232 852 Et
250 791 394 856 ambare
414 788 613 866 libertatem,
642 807 739 871 quam
770 787 858 850 bello
880 783 1094 850 Mithridatis
1118 797 1307 846 meruerant
1331 787 1387 845 cir·
1421 791 1422 866 J

189 874 359 952 mmsami,
403 891 465 936 nec
492 872 601 932 miuus
627 891 686 934 sua
714 871 900 934 comtantia
936 888 1034 951 quam
1067 866 1234 950 praesidio
1268 868 1386 930 Luculli

188 957 284 1040 pulso
307 975 397 1046 rege.
439 955 484 1016 At
499 953 655 1018 Fonteius
666 951 795 1036 Capito,
818 954 876 1036 qui
892 951 1070 1054 proconsul
1087 951 1198 1012 Asiana
1213 962 1386 1024 curaverat,

77 1089 79 1094 ·
189 1039 387 1118 absolvitur,
410 1057 482 1100 com
507 1043 591 1109 erto,
613 1038 688 1102 licta
710 1037 745 1098 in
768 1057 842 1099 eum
855 1037 994 1098 crimina
1007 1053 1069 1120 per
1079 1033 1216 1096 Vibium
1228 1033 1385 1097 Serenum.

113 1187 117 1202 ,
189 1121 305 1206 Neque
328 1129 437 1183 tamen
465 1057 505 1182 id
521 1119 647 1183 Sereno
668 1139 774 1184 noxae
794 1121 869 1192 init,
904 1137 999 1202 quem
1027 1116 1139 1184 odium
1160 1118 1326 1200 publicum
1345 1126 1386 1178 tu-

189 1207 310 1270 tiorem
332 1203 483 1268 faciebat.
525 1201 613 1266 Nam
642 1211 680 1266 ut
705 1205 777 1286 quis
812 1201 1001 1266 districtior
1027 1209 1211 1278 accusator,
1239 1202 1328 1264 velut
1346 1221 1386 1262 sa-

188 1295 381 1354 croseuctus
403 1294 491 1350 erat:
519 1287 620 1364 leves,
640 1287 804 1374 ignobiles
832 1287 947 1368 poeuis
971 1283 1215 1350 afficiebantur.

260 1377 284 1428 1.
309 1367 638 1438 feriarum‘Latinarum
661 1369 775 1422 diebass
800 1385 868 1428 nasu
885 1365 1004 1422 Servius
1023 1384 1077 1421 rex
1095 1365 1132 1420 ad
1149 1365 1315 1437 exemplum
1331 1365 1386 1418 Am-

208 1441 382 1514 hictyonuns
400 1439 448 1496 rel
472 1441 584 1512 Pylaici
607 1441 729 1496 concilii
752 1459 775 1494 s·
795 1447 964 1504 conventus,
987 1440 1039 1512 qui
1057 1439 1141 1492 statis
1159 1437 1260 1490 dicbus
1279 1455 1336 1492 essa
1352 1454 1387 1492 so·

201 1511 274 1580 ebat,
293 1514 424 1568 ninnium
442 1513 594 1566 civitatum
612 1513 711 1566 Latini
728 1510 855 1566 nominis
875 1519 1062 1576 conventum,
1085 1508 1250 1579 πανήγυριν,
1275 1509 1388 1562 instituit

187 1583 224 1640 ad
241 1585 384 1656 templum
402 1583 510 1638 Dianae
529 1584 680 1639 sacrificiis
699 1581 833 1654 ludisque
852 1579 1066 1638 celebrandum.
1103 1579 1183 1648 Quod
1201 1582 1314 1650 sapiens
1332 1597 1388 1632 cou-

188 1655 290 1710 silium
307 1671 377 1710 mox
395 1663 510 1709 secutus
529 1654 705 1726 Tarquinius
730 1655 874 1710 secundus
902 1669 1001 1708 omues
1027 1651 1104 1708 Latii
1130 1651 1255 1724 populos
1280 1649 1387 1718 (xutll

187 1725 305 1800 oppida)
323 1728 354 1780 in
372 1744 510 1802 meg-uum
529 1743 578 1781 coc
601 1729 626 1778 it
642 1725 756 1792 foedus,
784 1725 867 1780 cuius
891 1732 979 1796 caput
1003 1731 1077 1778 esset
1101 1723 1191 1778 Roana
1257 1724 1345 1794 adque
1361 1739 1388 1776 ex

187 1816 221 1854 eo
241 1805 372 1870 tempore
390 1797 422 1851 in
439 1795 581 1852 montaA
629 1813 677 1864 no,
697 1799 728 1852 in
747 1813 803 1868 quo
822 1795 965 1866 templum
984 1795 1047 1849 lovi
1064 1793 1171 1850 Latiali
1190 1815 1214 1848 s.
1267 1795 1334 1848 tisri
1349 1811 1388 1847 ex·
1421 1821 1422 1828 κ

187 1877 331 1924 structum
350 1885 454 1944 araga
477 1867 531 1924 tlto
549 1875 629 1933 'crat5
657 1869 812 1939 quotannis
837 1865 885 1924 dic
911 1883 1015 1944 stega
1033 1873 1062 1920 et
1080 1865 1184 1921 deinde
1201 1884 1219 1918 a
1237 1865 1389 1920 consulibus

186 1941 335 2012 principio
358 1941 422 1994 iare
440 1939 510 1992 anni
528 1947 557 1994 et
580 1940 779 2014 magistratus,
803 1939 888 2011 priua
907 1955 993 2008 quam
1022 1939 1055 1990 in
1075 1935 1152 1991 bella
1180 1937 1389 2006 proficisceren-
1421 1997 1422 2000 Ἰ

186 2019 246 2077 tur,
266 2011 387 2078 indicto,
418 2009 557 2096 elegatis
585 2009 690 2064 borum
715 2011 891 2084 populorum
910 2015 1081 2064 renovatum
1100 2017 1144 2062 cst
1162 2015 1192 2062 et
1210 2007 1306 2092 epulis
1323 2023 1389 2060 conc
1421 2077 1422 2080 Ἴ

186 2081 332 2149 munibus,
351 2081 501 2136 sacrificiis
519 2081 653 2152 ludisque
670 2099 724 2152 per
738 2081 777 2136 lv
795 2081 857 2136 dies
876 2079 1068 2147 celebratum,
1087 2096 1160 2150 quae
1177 2080 1272 2148 fes-sue
1286 2079 1390 2132 Latina
1421 2105 1422 2110 κ

186 2162 219 2278 i’i
234 2155 332 2280 simpl.
353 2153 474 2208 Latinae
492 2153 587 2208 dictas
612 2161 688 2206 suut.
717 2172 745 2210 r.
765 2155 828 2208 biv.
850 2153 1071 2220 1,45.ta-53.
1091 2155 1118 2214 ⁵,
1138 2153 1180 2206 1⁷.
1201 2153 1229 2218 il,
1248 2153 1274 2206 Θ.
1294 2154 1335 2216 2¹,
1352 2151 1388 2206 63·

221 2233 261 2280 ut.

186 2295 355 2352 latinas-unt
373 2297 472 2350 diebus
486 2295 606 2367 (quibus
625 2298 753 2350 unanima
771 2297 880 2350 civium
893 2295 1068 2366 Patrumque
1086 2311 1153 2365 pars
1167 2299 1197 2346 et
1216 2311 1263 2346 ma
1285 2295 1389 2348 istratus

186 2367 263 2426 Urbe
282 2369 400 2443 aberant
418 2371 450 2422 in
469 2375 567 2422 monte
585 2365 707 2430 Albano)
724 2365 797 2422 Urbi
815 2366 1036 2438 praeficiebatur
1053 2363 1217 2420 adolescens
1243 2313 1284 2418 ab
1304 2364 1345 2416 uis
1362 2379 1389 2414 er

185 2441 281 2514 prima
305 2437 457 2494 nobilitate
484 2447 513 2494 et
536 2438 665 2492 nundum
689 2439 848 2494 senatoriae
866 2437 976 2494 aetatis.
1004 2457 1033 2494 v.
1053 2435 1132 2491 Gall.
1152 2436 1195 2498 14,
1216 2437 1245 2492 Θ.
1342 2436 1389 2486 Au-

186 2513 265 2590 gusti
283 2519 379 2566 tamen
397 2511 531 2564 instituto
558 2509 589 2563 ἐν
607 2515 665 2570 ταῖς
682 2507 733 2562 duo
752 2514 795 2572 αἷς
817 2509 921 2578 αἱρετοὶ
945 2505 999 2563 ὑπὸ
1022 2514 1072 2561 τοῦ
1088 2509 1229 2576 Καίσαρος
1259 2509 1390 2572 πολΐιιρχοι

185 2583 282 2644 παῖδες
306 2575 402 2649 ἄνηβοι
428 2581 458 2642 ἐξ
481 2581 600 2646 ἱππέων,
629 2579 686 2634 ‹ttt'
707 2599 757 2635 oux
775 2581 805 2635 is
821 2581 977 2648 βουλευτῶν
999 2574 1143 2650 γεγονότες
1159 2568 1257 2648 ἦρξαν,
1285 2579 1337 2632 Dio
1353 2579 1389 2638 ll,

167 2655 229 2726 „42
249 2655 293 2708 lta
311 2661 340 2709 et
358 2653 437 2708 Nero
455 2655 620 2722 praefectus
638 2651 712 2706 Urbi
730 2673 746 2706 a
765 2651 894 2706 Claudio.
921 2671 949 2708 v.
970 2649 1048 2706 Suet.
1068 2651 1138 2706 Ner.
1158 2651 1184 2703 7.
1213 2648 1265 2724 (οἱ.
1284 2651 1336 2703 Dio
1353 2649 1389 2708 54,

184 2727 229 2782 17.
249 2729 294 2791 oo,
313 2727 339 2781 5.
360 2723 437 2780 Suet.
458 2723 556 2778 Claud·
576 2725 616 2786 4.)
652 2723 777 2777 Drusum
801 2723 969 2778 Germanici
992 2723 1098 2790 fllium,
1117 2720 1169 2788 (ci.
1181 2739 1247 2792 cap.
1266 2725 1293 2776 4.
1314 2729 1340 2774 et
1354 2715 1389 2782 8.)

184 2795 353 2866 auspicandi
376 2795 479 2864 gratia
506 2795 637 2850 tribunal
659 2795 835 2862 ingressum:
867 2812 934 2848 nam
960 2795 1051 2848 moris
1075 2799 1148 2858 erat,
1166 2800 1208 2858 ut,
1235 2793 1389 2864 quicunque
1421 2813 1422 2816 ¹

183 2885 287 2922 mutnus
307 2875 356 2922 aut
374 2867 576 2944 magistratum
596 2867 733 2938 caperent
752 2876 780 2920 et
799 2867 919 2930 irnirent,
942 2867 1039 2936 priano
1058 2867 1120 2920 eius
1139 2863 1185 2918 die
1204 2863 1328 2935 auspicii
1344 2861 1389 2914 sal-

183 2949 242 2996 tem
262 2957 313 2993 seu
332 2937 501 3008 auspicandi
518 2939 620 3006 gratia
637 2937 684 2992 rel
706 2937 779 2994 dicis
799 2945 828 2992 et
845 2937 914 2992 boni
932 2937 1038 2991 ominis
1061 2953 1144 2990 causa
1162 2935 1273 2988 leviter
1289 2929 1389 3004 aliquid

183 3011 363 3066 deliberent:
391 3011 467 3064 unde
487 3027 522 3063 au
564 3009 635 3064 'cars'
652 3009 855 3080 magistratum
874 3016 903 3062 at
916 3005 984 3061 'dies
1003 3007 1169 3077 conspiratis.
1194 3023 1225 3058 v.
1243 3005 1344 3060 Ascua
1361 3003 1389 3056 ad

184 3083 245 3138 Cic.
266 3085 348 3140 Verr.
368 3087 394 3147 1,
413 3087 457 3138 to.
477 3089 505 3136 et
545 3101 597 3138 ane
620 3121 625 3132 ·
646 3081 813 3136 lllaxirniani
832 3097 856 3136 c.
876 3081 902 3136 b.
922 3079 971 3132 ubi
990 3079 1068 3134 clarc
1088 3077 1122 3132 dc
1140 3077 1196 3132 hoc
1214 3078 1291 3130 ritu:
1308 3076 1388 3144 pairac

181 3155 345 3210 consulatus
364 3153 408 3206 tui
426 3153 569 3222 auspicali
607 3170 635 3207 se
653 3159 683 3206 tu
702 3151 779 3206 eolus
797 3149 921 3204 omninum
939 3157 1104 3204 consecutas
1122 3165 1161 3214 ee,
1181 3155 1223 3214 ut,
1243 3149 1316 3220 quod
1332 3153 1389 3200 tnn-

179 3245 234 3296 pas
252 3231 336 3280 antea
354 3225 528 3294 incipiendis
547 3225 737 3278 tantumnodo
763 3224 846 3278 rebus
869 3229 966 3292 aptum
990 3221 1228 3285 ascendebatur,
1256 3227 1322 3274 tunc
1336 3217 1387 3286 pri-

181 3315 256 3352 mum
277 3293 403 3365 potuerit
428 3297 559 3364 sufficere
582 3295 765 3366 peragendis,
795 3311 904 3366 unoque
927 3291 1134 3346 solcurricnlo
1154 3299 1234 3344 -et
1260 3289 1351 3358 officia
1366 3295 1388 3340 te

181 3369 308 3423 consulis
326 3365 501 3424 inchoantem
520 3367 628 3424 videret
648 3373 676 3420 et
695 3365 884 3435 Imperatoris
902 3365 1077 3434 implentems
1104 3383 1170 3418 nun
1189 3363 1270 3416 leves
1288 3371 1387 3416 tantum

161 3460 164 3466 ’
182 3447 211 3495 et
230 3440 392 3494 tralaticisc
410 3457 511 3494 causas
533 3439 709 3494 adolescenti
733 3437 863 3492 solebant
885 3437 1011 3508 proponi
1036 3435 1110 3490 dicis
1135 3435 1230 3511 gratis
1248 3443 1279 3487 et
1297 3442 1327 3486 nt
1343 3450 1387 3502 pn·

182 3511 259 3566 blica
277 3511 412 3566 ederetur
430 3509 500 3564 initi
517 3507 637 3566 honoris
656 3509 870 3566 documentum.
890 3507 969 3563 suet.
988 3507 1058 3562 Ner.
1078 3511 1102 3562 7.
1128 3506 1292 3574 auspicatus
1310 3507 1386 3560 estet

306 2225 399 2280 amill.
421 2233 495 2281 extr.
516 2232 545 2278 et
564 2225 641 2296 inpr.
660 2221 781 2296 Dionys.
801 2223 865 2278 un.
885 2227 913 2290 4,
932 2225 975 2280 43·
987 2242 1030 2294 sq.
1051 2229 1080 2277 et
1097 2225 1214 2282 45-50·
1235 2223 1390 2288 „feriarum

93 3602 103 3612 “
182 3581 412 3636 iurisdictionem
435 3584 595 3652 menatae
623 3579 710 3636 Urbis
733 3597 817 3634 sacro
840 3577 1020 3644 Latinarum,
1050 3577 1242 3632 celeberrimis
1263 3573 1387 3648 patronis

182 3672 238 3708 non
257 3653 466 3720 translaticias,
485 3659 515 3708 nt
534 3653 652 3720 ueniet,
670 3659 697 3706 et
715 3652 820 3717 breues,
840 3651 891 3706 sed
904 3649 1045 3702 mimas
1060 3649 1256 3718 plurimasque
1272 3645 1387 3718 postula·

181 3725 275 3786 tiones
307 3725 440 3779 certatim
472 3723 680 3796 ingerentibus,
712 3738 870 3796 quanqum
904 3719 1090 3776 interdictam
1106 3737 1136 3792 ¹a
1159 3719 1282 3774 claudia
1313 3720 1386 3773 esset.

180 3799 258 3856 Hinc
276 3807 305 3856 et
322 3795 352 3855 h.
371 3797 393 3849 l.
414 3797 488 3870 quod
504 3813 528 3854 a.
541 3795 665 3850 Caesare
680 3795 777 3864 palam
794 3793 976 3878 increpitum,
997 3799 1026 3846 et
1043 3793 1126 3876 iure,
1144 3793 1213 3863 quia
1230 3807 1289 3845 non
1307 3790 1387 3844 seriae

181 3889 290 3938 canuc,
318 3868 369 3924 scd
392 3870 472 3924 leves
499 3867 637 3940 mundam
661 3873 732 3920 tunc
754 3865 802 3944 agi
830 3865 944 3930 solatae,
971 3863 1064 3920 multu
1087 3880 1184 3916 minus
1208 3861 1342 3934 capitales
1362 3863 1387 3940 qt
1421 3887 1422 3928 3

181 3943 288 3996 ominis
307 3941 385 3994 saevi
402 3959 436 4000 ac
455 3939 556 3994 scaevi.
593 3939 655 3994 Nec
673 3937 860 4014 magistratus
879 3935 984 4002 sulum,
1004 3936 1053 3990 sed
1069 3935 1157 3989 etism
1175 3933 1284 4004 privati
1302 3931 1385 4014 homs-

180 4012 340 4138 stitit
359 4011 588 4136 {iiiiii
611 4006 1385 4144 tltstt:²”tl0ltlmttltttdttttli

180 4121 344 4226 proprium·
359 4122 506 4219 studibsis,
533 4119 566 4206 {n
583 4097 834 4222 'capiamini'
844 4115 1059 4204 lucubrationes
1083 4113 1146 4202 abas
1175 4115 1338 4208 ubcturnss,
1357 4147 1386 4192 ut

179 4226 296 4295 opinor,
315 4224 519 4280 Vulcanalibus
538 4224 619 4294 ipsis,
639 4223 678 4277 ix
692 4219 761 4275 tta:
774 4219 854 4292 Sept.
874 4219 1037 4274 Lsscabrare
1059 4219 1260 4274 Vulcanalibus
1275 4211 1384 4281 incips'e·

180 4297 238 4361 bat,
263 4311 319 4351 nan
343 4294 514 4366 cemicasdi
536 4309 633 4360 wasa,
665 4293 717 4350 sed
737 4292 872 4348 studendi
898 4291 973 4346 Plin.
1003 4308 1048 4362 ep·
1072 4292 1101 4358 b,
1118 4291 1165 4349 b.“
1191 4287 1270 4361 bips.
1306 4286 1382 4348 Bene,
