2890 4790
267 189 410 256 CAPUT
431 189 645 256 bnt-nv.
679 190 731 272 (A.
745 189 784 258 U.
800 193 872 260 tte.
895 193 934 258 A.
950 191 1067 272 Mb.)
1140 279 1144 288 .
1218 195 1280 261 teu

61 361 137 408 tauto
155 354 215 424 qui,-
233 356 338 410 nobiter
354 359 450 412 muttoe
468 359 527 426 put,
546 357 592 426 qui
604 357 726 424 Augeete'
742 358 854 425 neptim,
873 358 919 427 qui
928 359 1110 426 Agrippinum
1123 389 1157 404 -
1177 355 1278 424 digno·

55 434 340 492 murmuretur:
361 461 393 472 -
414 429 593 495 dignaretur,
612 447 684 499 quem
702 459 735 472 -
755 431 924 496 dignaretur.
953 431 1084 485 Peterim
1103 438 1133 484 et
1150 430 1280 487 Moebiue

61 499 92 551 in
112 497 229 554 Seebod.
248 499 319 554 bibl.
338 501 408 552 crit.
428 519 454 554 a.
474 503 552 558 182⁰.
572 520 603 572 p.
623 504 686 558 tto.
706 501 840 556 lacunam
860 503 992 560 incuriae
1010 501 1210 568 librariorum,
1229 502 1279 572 qui

60 571 135 624 falso
154 571 266 640 aliquid
285 572 425 626 excidisse
444 571 634 638 crediderint,
653 573 838 628 tribuendam
862 581 892 626 et
909 574 998 628 rerba
1017 574 1059 628 eio
1077 573 1281 649 distinguenda

10 659 15 670 ·
83 649 176 696 utant:
195 641 320 695 solatium
338 659 397 695 eree
415 643 444 694 iu
462 643 587 696 ciuitate:
609 644 762 697 Germanici
775 677 807 688 -
828 643 997 710 dignaretur.
1034 643 1080 700 ltu
1098 652 1127 698 et
1143 643 1201 697 Rut
1223 662 1279 697 ere.

60 661 130 766 lect.
150 713 251 768 Venus.
281 731 306 769 c.
325 713 378 766 ult.
405 721 434 768 et
459 713 507 766 Fr.
535 713 709 769 Malherbius
732 715 765 768 in
784 715 903 771 Gerart.
927 713 1022 771 Elect.
1041 719 1070 782 3,
1089 718 1116 771 3.
1154 714 1191 768 Se
1229 715 1282 768 ille

60 783 185 838 malebat
202 786 326 837 eotutturu
344 801 403 838 eree
419 787 449 836 e'u
468 785 584 838 croitote
601 785 631 838 b.
652 804 676 841 e·
696 787 823 852 orbitate,
841 786 892 840 bic
909 787 958 843 eol.
980 803 1036 839 erre
1056 788 1086 838 iu
1104 803 1137 838 eu
1155 793 1254 842 oetote.

131 875 158 929 2
189 880 310 940 quantum
334 891 369 926 er
391 891 422 927 re
439 875 549 940 publicu
565 881 713 942 peteretur:
731 877 814 942 ‚„cui
838 877 892 930 illc
911 877 1048 953 coniugio
1072 891 1139 928 cum
1157 876 1283 952 Augusti

61 953 147 1068 pppte
164 945 248 1070 mnf
265 945 390 1070 {stilum
408 954 494 1018 caput
512 946 641 1030 dabatur.
669 947 737 1002 Ideo
755 947 790 1002 (le
809 955 881 1031 metu·
895 949 1038 1072 eeqnitg,
1057 947 1283 1074 qumsgilelntio

60 1025 303 1139 iusilolrimeuiirtriie
314 1020 986 1162 Afflpmugffffiiitztiltiiemxiinuligagziii'ame't
1003 1037 1147 1144 indimtri'a
1164 1053 1284 1160 piaeter

62 1176 171 1212 sexum.
192 1157 271 1212 citat
289 1177 352 1230 eam
378 1160 452 1212 Plin.
472 1165 499 1226 t,
518 1163 543 1217 8.
566 1178 588 1218 e.
608 1164 633 1216 o.
655 1169 686 1215 et
704 1161 736 1214 iu
754 1161 817 1214 lud.
838 1161 909 1214 libri
926 1161 991 1214 Vll.
1019 1169 1158 1232 vocatque
1177 1159 1282 1226 Agrip-

59 1229 150 1298 pinum
170 1229 281 1283 Claudii
308 1249 346 1284 ec.
371 1247 502 1286 uxorem.
527 1231 653 1308 Augusti
680 1233 779 1286 laudes
798 1250 843 1302 ap.
863 1232 941 1288 Suet.
962 1233 1021 1289 Oct
1041 1235 1084 1289 eo.
1108 1248 1167 1285 non
1189 1231 1283 1302 perti·

62 1309 135 1354 nent
152 1301 186 1354 etl
203 1299 290 1368 banc,
311 1301 359 1356 sed
378 1301 413 1354 ad
431 1311 553 1356 matrem
574 1305 646 1368 eius,
667 1321 739 1376 quae
757 1303 888 1380 Augusto
906 1305 1019 1374 neptis:
1046 1304 1102 1356 ista
1119 1303 1282 1373 proneptis.

62 1373 126 1497 gpc
144 1371 270 1502 puppup,
281 1373 364 1502 4ᾟυίιό
379 1372 451 1429 baec
470 1374 587 1448 quidem
604 1375 674 1429 rivo
685 1375 823 1454 Augusto
841 1375 929 1448 plane
947 1375 1040 1431 adhuc
1057 1373 1178 1446 puera.“
1203 1373 1281 1442 Lipe.

103 1463 144 1498 ’ί
209 1481 216 1497 ·
252 1479 262 1511 e
318 1483 328 1514 r
366 1481 373 1497 ·
491 1473 496 1486 ·

509 1571 702 1630 CAPUT
747 1573 836 1628 LIV.

148 1676 304 1740 Ceterum
319 1678 458 1742 Seianus
480 1689 683 1743 maerentem
704 1691 739 1744 et
759 1682 983 1766 improvidam
1004 1684 1105 1744 altine
1125 1680 1282 1764 perculit,

62 1761 230 1840 immissis,
253 1765 308 1845 qui
330 1781 392 1846 per
412 1763 556 1842 speciem
578 1767 745 1826 amicitiae
766 1775 953 1846 monerent,
982 1775 1136 1848 paratum
1164 1765 1196 1826 ei
1225 1783 1283 1826 ve-

63 1865 197 1924 nenum,
221 1845 373 1907 vitandae
395 1849 504 1908 soceri
527 1849 651 1930 epulae.
682 1851 789 1930 Atque
811 1851 868 1911 ille
889 1851 1140 1911 simulationum
1162 1847 1283 1921 nescia,

64 1949 164 2010 quum
186 1937 327 2010 propter
348 1927 584 2008 discumberet,
607 1949 674 1992 non
694 1933 791 1993 uultu
814 1941 872 1992 aut
894 1951 1048 1995 eorrnoue
1077 1933 1180 2005 tleoti,
1209 1929 1297 2019 nul-l

64 2012 116 2071 lou
137 2013 301 2097 attingere
322 2013 424 2089 cibus,
446 2011 551 2074 donec
572 2011 721 2076 advertit
741 2015 912 2093 Tiberius,
939 2019 1027 2076 forte
1057 2033 1098 2074 en
1120 2015 1197 2094 quia
1225 2031 1284 2073 au-

65 2093 206 2156 diverat.
240 2093 342 2177 ldque
363 2115 427 2176 quo
450 2099 563 2156 acrius
577 2099 802 2178 experiretur,
825 2115 934 2178 poma,
955 2107 995 2158 ut
1011 2104 1107 2158 erent
1122 2115 1162 2178 ep
1187 2096 1284 2170 ueitn,

65 2175 205 2238 laudans
234 2179 336 2240 nurui
363 2198 423 2240 sua
445 2199 545 2240 manu
566 2178 717 2242 tradidit.
749 2181 858 2242 Aucta
880 2200 919 2242 ex
941 2199 981 2242 eo
1003 2115 1285 2262 suspiciolgrip-

66 2261 163 2341 piuae
189 2269 224 2322 et
251 2264 374 2324 intacta
401 2281 461 2322 ure
490 2265 596 2324 servio
624 2263 779 2324 tremieit.
827 2261 898 2326 Nec
925 2271 1038 2324 tamen
1059 2261 1191 2324 Tiberii
1220 2279 1286 2322 uox

66 2363 178 2404 eorem
200 2353 322 2420 eecntn,
345 2343 403 2405 eod
424 2345 583 2407 obversus
605 2345 649 2406 ad
667 2355 820 2424 matrem,
843 2365 907 2408 uou
927 2349 1047 2422 mirum,
1070 2346 1127 2421 eit,
1156 2347 1187 2408 ei
1229 2341 1288 2404 uid

65 2429 205 2489 seuerius
233 2429 268 2489 tu
294 2447 359 2488 eom
388 2431 628 2506 statuissem-
648 2447 711 2511 qua
739 2429 884 2516 ueneficii
912 2431 1161 2492 insimularetur.
1204 2362 1286 2488 inde

65 2529 183 2570 rumor
208 2505 336 2592 parari'
353 2513 503 2590 exitium,
534 2531 641 2594 neque
670 2510 706 2572 id
733 2511 976 2594 Imperatorem
1005 2513 1113 2596 palum
1141 2507 1285 2584 endere3

66 2601 232 2656 secretum
254 2591 296 2654 ud
317 2593 581 2678 perpetrandum
603 2597 729 2678 quaeri.

137 2715 162 2766 l.
182 2711 354 2778 improuidam
372 2711 457 2764 uttiue
474 2713 600 2778 percutit,
622 2729 652 2770 r.
671 2711 707 2766 ad
725 2717 751 2779 l,
771 2715 860 2780 1²2³·
881 2721 911 2768 et
928 2717 956 2781 2,
975 2715 1020 2778 87,
1039 2715 1066 2770 A.
1086 2745 1121 2758 -
1150 2709 1296 2774 iuuieee'e,

64 2801 92 2836 r.
102 2783 139 2836 ml
148 2784 175 2849 o,
188 2785 233 2845 te,
245 2785 272 2840 2
283 2811 314 2824 -
333 2783 430 2849 euceri,
442 2781 563 2840 Tiberii.
576 2809 609 2823 ··-
627 2785 824 2838 eimetotioeum
838 2785 941 2852 ueedu,
960 2787 1138 2862 ignorarem
1151 2781 1287 2836 simulari

64 2862 194 2920 tantum
216 2855 282 2908 lire.
318 2853 373 2908 Sed
395 2873 423 2908 r.
442 2853 479 2908 ed
495 2857 522 2921 3,
534 2859 560 2922 l,
579 2860 605 2911 1.
621 2863 652 2909 et
661 2859 704 2922 12,
715 2859 759 2918 to,
773 2861 796 2912 l.
808 2889 842 2900 -
868 2871 943 2924 quum
960 2863 1080 2924 propter,
1104 2857 1184 2908 iuxta
1201 2851 1289 2906 Tibe-

63 2929 154 2992 rium,
188 2927 363 2982 discumberet
387 2927 423 2980 ad
445 2943 587 2993 menum,
621 2929 653 2981 in
680 2927 825 2982 convivio.
850 2959 882 2972 -
902 2963 907 2972 ·
926 2943 978 2979 nou
1001 2927 1076 2980 uultu
1098 2933 1145 2979 out
1169 2939 1289 2976 tumore

64 2998 150 3059 flecti,
169 2995 215 3064 „b⁴
236 3015 260 3052 e.
280 3015 366 3053 nemo
392 3008 442 3052 aut
466 2997 552 3051 vultu
579 3007 628 3052 ant
650 3015 782 3053 sermone
808 2997 890 3052 illem
912 2999 1032 3052 flectere
1054 2999 1152 3068 potuit
1170 2995 1234 3050 ecil.
1254 2993 1297 3048 ab·

66 3082 101 3119 ea
119 3069 163 3122 ira
181 3077 209 3122 et
227 3069 291 3123 indi
313 3071 440 3138 natione,
459 3087 545 3141 quum
561 3088 634 3156 pree
654 3088 685 3124 ee
702 3071 814 3124 ferebat
829 3070 1049 3123 eimulationum
1068 3069 1172 3122 nescia.
1198 3065 1289 3118 Nam-

65 3153 123 3206 que
149 3141 271 3206 fuerunt
292 3089 370 3196 §eud
385 3141 490 3206 dubie,
521 3159 572 3212 qm
596 3141 710 3196 nollent
727 3139 880 3195 Tiberium
904 3139 1014 3194 offendi
1038 3147 1067 3194 et
1084 3146 1241 3210 propterea
1260 3146 1289 3190 et

63 3208 153 3260 vultu
171 3217 201 3262 et
219 3227 353 3268 sermone
370 3229 487 3284 operam
506 3213 616 3280 darent,
629 3222 674 3266 ut
699 3215 853 3268 flecterent
878 3215 1008 3266 ferocem
1026 3211 1208 3288 Agrippinae
1226 3211 1290 3262 ani·

63 3297 156 3332 mum.
195 3278 384 3338 Germanice:
404 3302 517 3362 gegen
536 3285 644 3350 jedeu
662 3285 786 3351 buck,
810 3284 890 3349 jede
908 3283 1002 3338 Rede
1028 3279 1289 3357 unbengeam.“

67 3350 175 3404 Wattt.
196 3376 229 3392 -·
265 3357 393 3423 aduertit,
425 3373 453 3410 r.
480 3356 516 3410 ed
540 3361 568 3423 2,
598 3359 643 3424 3²,
668 3361 694 3413 3.
722 3387 756 3402 -
799 3355 879 3408 nurui
904 3371 956 3408 eun
979 3370 1056 3408 moute
1087 3355 1203 3408 tradidit
1227 3352 1290 3406 edd.

65 3421 207 3479 utiense.
225 3422 252 3480 3·
272 3433 302 3480 et
319 3427 387 3480 dein
406 3443 513 3484 omnes.
533 3429 613 3480 nurui
629 3445 695 3481 retae
713 3443 744 3481 tu.
765 3435 784 3482 t.
805 3427 864 3480 MS.
884 3427 947 3480 edd.
967 3427 1031 3482 Ber.
1052 3435 1082 3480 et
1099 3425 1191 3482 llben.
1211 3423 1236 3477 1.

138 3517 166 3569 7.
193 3513 284 3568 Aucto
303 3533 336 3568 er
354 3533 384 3569 eo
398 3515 520 3584 ⁴coepitio
538 3517 712 3586 Agrippinae·
730 3525 785 3572 eet.
806 3519 844 3571 cf.
864 3515 943 3572 Suet.
963 3515 1025 3569 Tib.
1046 3519 1090 3572 53.
1111 3516 1163 3586 qui
1182 3513 1290 3578 eadem,

64 3585 233 3640 sedminm
257 3597 390 3642 accurate
413 3587 519 3656 tradite
544 3591 623 3645 Brut.
644 3623 677 3632 -
713 3591 801 3644 eeruie
820 3587 947 3654 tremuit,
976 3588 1027 3659 qni
1054 3589 1088 3641 ad
1106 3587 1202 3640 tulere
1220 3585 1290 3639 lecti

63 3657 190 3722 stabunt,
209 3665 242 3710 nt
260 3661 472 3726 ministrarent,
496 3661 572 3715 unde
592 3661 618 3714 oi
637 3659 748 3720 ἑστῶτες
776 3661 837 3714 eive
855 3661 1035 3728 παρεστῶτες.
1056 3691 1088 3701 -
1124 3669 1176 3711 vor
1202 3673 1291 3709 corum

62 3735 170 3796 eecutu,
199 3731 307 3796 statim,
335 3731 413 3784 Brut.
441 3731 513 3804 opp.
533 3734 580 3792 lie,
613 3749 686 3804 quae
711 3730 787 3786 dixit
811 3731 937 3784 obuersus
960 3730 995 3785 ed
1022 3731 1119 3795 eliam,
1148 3735 1290 3792 matrem,

63 3799 134 3856 ΕΜ.
159 3833 191 3844 -
230 3801 371 3856 etotue'rret
388 3798 540 3874 Opteitivue
560 3802 687 3870 Aorieti3
720 3803 826 3858 Wattt.
851 3803 986 3856 tet-lut.
1014 3802 1068 3855 lll.
1096 3819 1125 3853 r.
1148 3799 1292 3854 Verborum
1399 3847 1403 3858 ,

63 3871 159 3924 Medi.
181 3903 214 3914 -
250 3881 509 3940 cerretumurtem
535 3883 565 3928 et
587 3877 666 3929 viam
691 3883 841 3939 creamine
864 3875 933 3927 Era.
971 3875 1066 3926 Immo
1084 3879 1230 3928 eecretum
1247 3870 1292 3922 lo-

64 3961 146 4008 cum,
166 3943 216 3996 ubi
232 3952 435 4013 perpetraretur
453 3947 557 4014 ecelue,
575 3948 686 4001 mitium
702 3954 847 4015 pararetur
865 3946 1054 4024 Agrippinae.

528 4087 723 4146 CAPUT
768 4089 834 4148 nt.

152 4193 220 4257 Sed
242 4174 461 4280 Caeser,''qun
483 4172 604 4260 tamem
626 4179 808 4276 everteret,
840 4195 954 4260 adesse
981 4199 1134 4278 frequens
1162 4199 1294 4260 eeumui
1334 4175 1337 4181 ⁵

62 4277 264 4360 legatosque
285 4281 619 4370 Asiaeumbigente'e,
641 4299 783 4366 quentin
811 4281 845 4342 in
873 4282 1012 4344 civitate
1038 4281 1202 4362 templum
1229 4287 1295 4342 etu-

102 4385 176 4456 Ορρ.
200 4389 264 4446 rac.
287 4391 318 4446 Τ.
330 4391 353 4444 1.
1072 4379 1115 4446 28
