2904 4798
162 236 224 306 su
546 183 907 296 lunationum
937 231 996 294 v1.

161 396 843 542 tffitt’ssttfflffitltlttt
856 397 1380 540 ,belismum

161 547 221 602 tuit
246 563 313 600 rara
337 543 390 598 illa
412 545 474 600 avis
499 559 555 614 per
578 543 676 614 plures
701 557 791 596 auum
814 547 961 612 aspectum
987 541 1033 594 sui
1055 539 1195 612 praebere
1212 535 1381 619 Aegyptiis,

199 623 320 672 tueruut
337 613 446 670 diversi
464 622 596 686 tempore
615 622 643 670 et
661 611 777 690 origine
800 611 897 664 nuntii
921 611 957 666 cle
979 609 1131 682 phoenicis
1155 613 1319 680 praesentia
1349 623 1381 657 in

160 634 270 743 iliram
289 687 399 740 venire.
436 683 588 740 Dissensus
608 685 784 754 scriptorum
803 685 834 735 in
853 682 906 736 tali
925 700 957 735 re
975 681 1100 734 multum
1119 681 1207 745 abest,
1235 687 1268 732 ut
1287 675 1381 731 offen-

160 759 209 814 dat
226 775 291 822 nos,
308 766 342 810 ut
358 757 456 829 potius
475 758 660 818 miraremur,
679 755 703 808 si
722 755 919 808 consentirent
937 753 1078 826 ubique.“
1106 749 1211 807 Watst.
1248 749 1328 802 Haec
1352 755 1382 801 ct

159 831 216 884 alia
234 847 293 884 non
310 830 407 883 minus
426 827 581 894 mirabilia,
599 845 615 880 a
634 827 792 904 Phlegonte
808 825 994 896 potissimum
1017 831 1142 890 aurata,
1167 840 1184 875 a
1209 819 1382 902 iruudulcn3

159 903 199 956 tis
223 899 390 956 hominibus
415 901 528 970 saepius
550 900 699 970 variisque
725 896 901 968 tempqribus
920 895 1016 951 efficta
1041 904 1117 964 nunt,
1142 892 1246 966 quibru
1264 889 1382 946 creduis

158 972 246 1028 iidem
267 971 405 1026 habuere.
439 971 484 1030 Gi.
507 969 658 1047 Boettiger
682 967 801 1024 Griucls.
826 967 1050 1044 vasengem'a'lds
1078 967 1102 1033 1,
1125 969 1151 1022 ³.
1177 983 1207 1035 p.
1233 965 1295 1020 lib·
1339 960 1383 1046 Pu

156 1041 296 1114 phaenice,
315 1060 368 1098 are
385 1041 524 1108 fabulosa,
546 1051 664 1113 praeter
687 1039 821 1094 Tacitum
846 1055 1005 1109 exposuere
1029 1039 1166 1092 Herodot.
1191 1039 1219 1104 2,
1238 1037 1282 1092 7³.
1302 1033 1380 1086 le.

159 1119 205 1182 1⁰,
222 1119 249 1174 2.
270 1118 315 1180 13,
333 1117 357 1172 4-
379 1133 402 1168 s.
421 1117 448 1170 9.
469 1113 552 1166 ovid.
572 1115 637 1168 blet.
659 1115 702 1180 15,
720 1115 771 1168 391
791 1129 833 1180 sq.
870 1109 945 1166 tiela
962 1113 989 1176 3,
1008 1111 1034 1166 8.
1056 1107 1203 1164 Claudiam
1224 1123 1317 1160 carm.
1335 1107 1379 1159 45.

159 1187 326 1242 Lactantius
354 1186 385 1238 in
409 1185 484 1261 eleg.
504 1185 539 1237 de
557 1183 710 1248 Phoenice,
730 1181 866 1238 Philostr.
897 1183 959 1234 vita
985 1181 1083 1264 Apoll.
1102 1185 1130 1247 3,
1149 1182 1192 1235 to.
1219 1210 1252 1220 -
1279 1175 1383 1260 οιιὲιιιολ

158 1273 205 1312 ore
222 1273 256 1309 uc
271 1257 400 1310 distinctu
418 1255 461 1323 (v.
480 1254 516 1309 ad
534 1255 570 1308 G.
590 1257 617 1312 8.
638 1273 667 1308 u.
687 1254 728 1322 l.)
744 1255 883 1320 pinnarum
902 1267 920 1304 ο
939 1259 1036 1304 ceteras
1058 1253 1153 1305 avibsu
1178 1249 1324 1312 uanam,
1350 1263 1382 1296 ιιι

157 1329 210 1398 μέν
228 1326 316 1381 αὐτοῦ
332 1329 497 1399 χρυσόκομα
514 1332 571 1380 τῶν
589 1330 706 1397 πτερῶν,
724 1327 757 1377 τὰ
776 1323 809 1376 dt
826 1321 939 1394 ἐρυθρά·
958 1321 985 1384 ἒς
1002 1325 1036 1375 τὰ
1052 1325 1169 1390 μάλιστα
1184 1321 1266 1387 αἰετῷ
1284 1323 1382 1388 περιή-

157 1415 238 1468 γησιν
256 1401 428 1468 ὁμοιότατος,
446 1393 538 1452 καὶτὸ
556 1398 690 1466 μέγαθος,
708 1395 845 1451 Herodot.
864 1398 891 1462 2,
911 1397 952 1450 73.
992 1395 1109 1462 Aquilae
1126 1399 1255 1446 narratur
1272 1389 1382 1454 mgni-

157 1473 259 1536 udins,
276 1471 339 1524 ouri
357 1472 469 1536 fulgore
486 1471 562 1524 circu
579 1471 662 1534 colla,
687 1475 777 1520 cetera
796 1481 957 1534 purpureas,
985 1467 1135 1520 cunsteusn
1156 1465 1244 1518 roseis
1268 1461 1384 1514 ιαιιιὶαιιι

155 1543 251 1609 pennis
275 1541 516 1608 distinguentibus,
543 1541 638 1594 cristis
662 1541 765 1604 fauces,
792 1545 920 1606 caputque
941 1539 1047 1605 plumeo
1073 1537 1152 1604 apice
1180 1533 1382 1596 cobonestuate,

156 1613 232 1666 Plin.
253 1617 296 1680 lb,
315 1616 342 1670 2.
379 1613 433 1667 Pro
451 1629 497 1665 ore
515 1613 592 1666 male
610 1610 688 1666 Pich.
708 1609 782 1663 coni.
808 1609 897 1660 colore
915 1617 944 1662 et
962 1609 1061 1662 Heins.
1082 1609 1184 1661 dacore.
1213 1636 1247 1646 -
1270 1618 1381 1654 consen

156 1685 236 1748 liunt,
256 1701 398 1738 consensu
416 1684 550 1748 tradunt;
580 1683 645 1738 Em.
676 1715 708 1724 -
733 1681 864 1744 effinxere
892 1680 1053 1734 emendatio
1079 1677 1159 1730 Pich.
1185 1695 1202 1729 a
1217 1672 1381 1730 Walthero

155 1756 296 1826 nobisque
315 1762 440 1825 recepta.
466 1754 621 1818 „deffinere
638 1751 695 1808 MS.
716 1751 765 1806 sed
784 1749 869 1803 litera
888 1751 908 1800 d
924 1769 940 1801 a
958 1749 1070 1801 recenti
1097 1763 1193 1824 manu.
1228 1743 1304 1795 lndc
1330 1741 1381 1794 lte·

156 1825 274 1880 roaldus
292 1825 364 1878 iecit
382 1825 519 1890 definiere,
545 1823 621 1895 qnod
638 1841 678 1876 vu
748 1819 860 1884 edimr3
891 1820 1000 1871 mosius
1019 1817 1097 1870 Pich.
1127 1815 1265 1878 effinxere.
1305 1811 1379 1890 Nam

155 1896 224 1952 satis
242 1895 391 1968 probabile
409 1899 462 1958 est,
481 1893 615 1945 'Tacitum
635 1891 685 1942 liic
715 1891 783 1957 oqui
802 1888 837 1941 de
855 1888 1028 1958 pictoribus,
1055 1885 1106 1954 qui
1125 1883 1156 1936 id
1174 1880 1285 1936 animai
1304 1883 1380 1946 effan-

153 1982 236 2025 ,τινος
256 1967 367 2030 dequo
387 1963 473 2016 verbo
492 1963 529 2014 cf.
550 1965 593 2022 11,
614 1961 656 2014 lt.
685 1959 758 2010 Plin.
778 1971 822 2026 ep.
842 1961 869 2018 b,
889 1961 913 2010 b.
933 1959 961 2018 4,
981 1959 1006 2012 t.
1026 1959 1055 2020 4,
1073 1957 1116 2012 28·
1136 1957 1164 2019 5,
1186 1955 1227 2008 1⁰.
1254 1951 1380 2012 tconfir·

154 2041 252 2087 mahir
270 2033 369 2097 opinio
387 2046 451 2082 mea
470 2027 567 2082 verbis
586 2027 727 2081 Herodoti
742 2029 772 2092 2,
787 2027 836 2082 ³18.
856 2027 892 2078 de
909 2025 1067 2096 phoenice:
1098 2023 1152 2095 ἐγὼ
1176 2024 1229 2092 μέν
1252 2039 1305 2089 μιν
1331 2020 1379 2074 oin

154 2101 242 2168 sibor,
269 2103 291 2152 si
308 2103 347 2164 μι)
366 2099 436 2150 ὅσον
454 2103 560 2168 212an.
590 2133 618 2142 -
646 2099 702 2150 ἔστι
719 2097 761 2162 δὲ,
786 2095 812 2148 si
835 2100 868 2164 τῇ
893 2101 991 2168 γραφῇ
1009 2098 1174 2166 παρόμοιος,
1192 2091 1308 2153 roubais
1335 2097 1380 2145 aui

153 2171 264 2229 ιοιόςόι.
302 2167 404 2240 Neque
423 2168 537 2222 obstant
554 2169 642 2224 rerba
661 2181 766 2220 sacrun
786 2167 847 2220 soti
864 2165 896 2218 iel
913 2169 1031 2220 ausast.-
1047 2185 1112 2220 nam
1132 2166 1275 2236 epictura
1290 2165 1380 2217 etiam

153 2239 188 2293 ob
207 2239 336 2294 additum
362 2239 480 2309 aliquod
503 2242 619 2318 signum
644 2239 743 2294 intelli
766 2238 900 2308 ipotuit,
929 2238 991 2293 Soli
1010 2237 1087 2292 illud
1105 2253 1234 2302 sacrum3
1259 2237 1380 2289 nonita

153 2311 225 2365 bene
249 2309 378 2364 everbis
403 2311 449 2376 qui
472 2310 611 2375 sormam
635 2311 694 2364 eius
712 2258 849 2376 siriasim.
887 2309 1053 2380 Quanquam
1072 2309 1202 2374 effingere
1227 2309 1317 2362 etiarn
1336 2306 1380 2358 ‹li-

153 2383 230 2438 citar
248 2377 285 2436 tle
303 2381 349 2446 iis,
347 2381 420 2505 „qui
438 2382 536 2435 verbis
555 2383 677 2436 alicuius
696 2383 740 2436 rei
759 2381 918 2456 imaginem
938 2381 1081 2444 referunt,
1100 2397 1127 2436 v.
1147 2395 1172 2431 c.
1192 2378 1267 2432 Plin.
1289 2393 1335 2447 cp.
1355 2381 1379 2442 1,

152 2456 197 2508 lo.
216 2455 243 2518 9,
261 2451 326 2506 Μ
385 2451 452 2507 ultb.
489 2453 673 2508 Probabilior
689 2461 735 2506 est
761 2451 925 2506 emendatio
944 2449 1022 2507 Pich.
1047 2453 1073 2504 si
1097 2452 1128 2503 in
1152 2449 1209 2502 MS.
1235 2448 1381 2514 definiere

154 2524 296 2594 scriptum
315 2531 370 2589 est,
390 2524 468 2594 quod
484 2531 610 2578 testatur
628 2523 694 2590 Fas,
715 2532 744 2577 et
762 2522 850 2576 litera
868 2523 888 2575 d
904 2541 921 2576 a
939 2539 1026 2576 manu
1044 2537 1103 2576 rec.
1124 2521 1243 2578 adiecta.

222 2595 249 2649 2.
268 2591 312 2645 De
329 2609 433 2646 munero
452 2609 578 2648 ennomus
595 2595 675 2648 curia
697 2595 857 2646 truduntur:
879 2609 951 2664 quos
976 2609 1060 2647 uanos
1083 2592 1219 2646 nonnulli
1244 2592 1381 2645 aierunt

152 2665 188 2719 ad
205 2673 329 2734 tempus,
354 2679 413 2734 quo
437 2667 500 2719 avis
526 2683 554 2722 se
578 2666 812 2740 conspiciendam
829 2665 974 2800 qraebeat,
993 2663 1067 2732 (post
1086 2665 1195 2728 tage·
1211 2663 1381 2714 nxstwa·

48 2787 51 2792 .
152 2737 276 2790 ambitum
294 2743 323 2788 et
341 2741 402 2787 sunt
420 2735 466 2802 qui
483 2743 636 2792 asseverent
656 2767 686 2779 -
705 2736 829 2790 intesiici
864 2735 917 2790 alii
935 2736 971 2790 ad
989 2752 1077 2790 annos
1100 2735 1190 2801 sitae,
1209 2733 1280 2816 quia
1290 2733 1380 2815 qaulo

153 2813 219 2878 post
240 2805 354 2858 dicatur
384 2807 506 2872 confecto
530 2821 655 2860 annorum
683 2823 796 2870 numero,
827 2809 875 2861 ubi
903 2823 973 2862 mors
993 2808 1154 2876 propinquet
1178 2837 1212 2848 -
1235 2817 1316 2869 ortua,
1351 2811 1380 2856 et

154 2877 244 2932 iidem
266 2877 345 2930 vitae
372 2879 440 2930 anni
464 2876 617 2945 (quingenti
641 2885 671 2930 et
687 2877 888 2946 ucocom)
914 2879 948 2932 sb
974 2877 1040 2932 aliis
1058 2877 1250 2948 scriptoribus
1270 2891 1381 2928 mano-

154 2955 268 3004 rentur.
306 2945 390 3014 „Sed
407 2965 465 3001 non
485 2947 603 3002 dubium
628 2957 682 3013 est,
710 2949 782 3020 quin
807 2949 865 3014 illi,
887 2951 939 3020 qui
962 2948 1172 3013 asseverabant,
1203 2945 1380 3018 phoenicem

154 3021 316 3088 quingentos
338 3027 368 3072 et
386 3019 572 3074 blGGGGth
597 3036 687 3074 annos
715 3020 824 3086 vivere,
850 3019 938 3072 iidem
963 3021 1024 3073 sint
1047 3037 1114 3072 cum
1139 3019 1211 3085 illis,
1239 3017 1291 3088 qui
1310 3035 1380 3071 cum

155 3089 243 3144 huius
270 3090 352 3142 alitis
379 3091 441 3144 vita
464 3093 533 3144 anni
562 3091 661 3168 magni
691 3093 910 3144 conversionem
942 3091 1011 3144 fieri
1040 3088 1225 3146 natabant.“
1260 3089 1378 3144 suana

154 3163 261 3218 Exere.
279 3161 354 3214 Plin.
374 3175 402 3232 p.
422 3163 482 3218 388.
503 3163 539 3215 al.
559 3165 621 3218 551.
643 3193 674 3206 -
693 3163 807 3216 narina
824 3163 963 3227 vulgatam
981 3162 1184 3230 quingentorum
1201 3159 1329 3227 φιλίαι,
1347 3169 1381 3212 at

154 3233 189 3288 ab
207 3233 364 3298 Herodoto,
383 3231 455 3285 Mela
473 3241 502 3286 et
521 3233 585 3287 sen.
605 3249 649 3304 ep.
668 3235 712 3290 tr.
734 3261 766 3272 -
785 3239 847 3285 sunt
865 3233 911 3300 qui
927 3239 1090 3296 assumat,
1108 3231 1317 3286 mcoootxl
1333 3233 1380 3284 in-

155 3303 264 3358 teriici:
296 3302 370 3368 „hic
388 3311 432 3357 est
456 3321 595 3358 numerus
623 3305 693 3358 anni
718 3305 818 3380 anagni
841 3303 1015 3358 canicularis
1044 3305 1271 3381 Aegyptiorum,
1303 3301 1381 3368 (Σα-

154 3371 238 3440 brari
255 3374 394 3444 περίοδοι,
413 3371 522 3436 κυνικὸς
538 3369 650 3442 κύκλος)
669 3377 750 3430 cuius
770 3377 897 3428 circuitu
918 3371 1138 3436 ἀποκατάστασις
1161 3377 1291 3428 omnium
1317 3375 1380 3446 pla·

155 3453 289 3502 netarum
307 3445 403 3510 tiebat,
421 3447 559 3516 periodus
578 3445 752 3502 canicularis
770 3462 913 3502 annorum
931 3448 1156 3534 Aegyptiorum,
1181 3465 1236 3518 qus
1260 3447 1380 3499 canicu-

155 3517 200 3570 lae
219 3525 310 3581 crtus,
329 3533 345 3570 a
364 3531 421 3588 quo
440 3535 546 3570 annum
566 3537 650 3572 suum
668 3517 900 3589 auspicabantur,
923 3519 959 3572 ab
985 3519 1061 3572 idem
1080 3519 1177 3592 princi
1200 3519 1262 3571 ium
1279 3517 1380 3572 revol-

155 3587 287 3654 vebatur,
307 3587 355 3645 vel
374 3587 453 3652 solis,
480 3589 567 3642 lunae
585 3598 615 3644 et
638 3590 766 3660 quinque
783 3589 967 3659 planetarum
995 3590 1077 3644 orbes
1104 3590 1141 3646 ad
1162 3535 1240 3642 isium
1276 3589 1283 3602 '
1330 3605 1380 3641 um

156 3675 255 3714 omues
277 3657 489 3725 referebantur,
519 3659 595 3714 unde
618 3660 745 3734 proiecti
768 3661 895 3714 fixerant.
938 3661 983 3718 lta
1014 3661 1189 3716 Censorinus
1219 3677 1244 3716 c.
1265 3665 1280 3718 1
1302 3697 1311 3712 ·
1345 3659 1380 3714 (le

155 3746 230 3786 anuo
258 3745 363 3806 magno
390 3729 614 3804 Aegyptiorum,
645 3739 674 3785 et
697 3730 855 3796 Firmicus,
881 3734 933 3806 qni
961 3733 992 3786 in
1015 3734 1107 3806 praef.
1131 3732 1229 3803 operis
1258 3733 1380 3786 scribit:

154 3799 263 3872 quantis
281 3805 361 3854 elion
379 3802 595 3856 corrosionibus
610 3803 697 3857 maior
715 3801 772 3870 iile,
791 3819 864 3872 quern
890 3804 991 3872 inunt,
1013 3807 1187 3872 perficeretur
1210 3817 1308 3868 snnss,
1337 3805 1382 3872 qui

155 3871 267 3943 qunque
283 3872 334 3924 bus
350 3871 456 3938 stelias,
481 3875 568 3926 λιιιιοιιι
593 3874 673 3926 etium
691 3889 725 3926 ue
743 3875 823 3927 sotem
846 3876 915 3930 lucis
941 3875 998 3928 ntis
1020 3875 1222 3942 origissibssqss
1246 3873 1380 3942 restituit,

154 3943 201 4016 qui
223 3943 431 3998 Moocctxt
452 3959 579 4000 annorum
602 3945 716 3999 circuitu
740 3945 905 4002 inminutus.
943 3947 1006 4004 Nec
1027 3947 1085 4002 alia
1109 3945 1252 4001 sententia
1275 3945 1380 4002 Dionis

154 4017 200 4083 ts,
219 4015 265 4072 bb.
285 4015 321 4070 ‹le
339 4015 503 4070 calendario
523 4015 668 4074 Caesaris:
688 4017 719 4071 br
735 4019 805 4090 γοῦν
817 4019 919 4088 χιλίοις
936 4019 984 4072 καλ
1001 4021 1185 4089 τετρακοσίοις
1202 4018 1251 4070 aul
1268 4015 1381 4086 ἑξήκον-

155 4103 189 4140 ια
208 4089 254 4138 καὶ
272 4084 314 4142 ivl
331 4085 383 4139 ires
401 4087 467 4158 μιᾶς
484 4081 565 4151 ἄλλης
581 4085 685 4162 ἡμέρας
702 4087 851 4163 ἐμβολίμοίι
867 4088 985 4147 δέονται.
1005 4090 1145 4168 Aegyptii
1162 4099 1259 4145 autem
1270 4107 1333 4144 non
1347 4091 1381 4142 ab

157 4159 340 4228 aequinoctio
358 4173 459 4224 veruo,
479 4159 529 4213 sed
546 4179 562 4213 a
578 4161 726 4215 caniculae
745 4169 857 4227 exortu,
882 4161 996 4234 quando
1016 4161 1188 4234 inprimant
1206 4161 1285 4215 diem
1302 4159 1381 4216 Thct

156 4227 264 4308 mensis
284 4227 436 4312 inciderat,
456 4231 575 4284 initium
594 4233 662 4286 anni
681 4233 725 4286 sui
743 4234 843 4310 magni
862 4231 1051 4306 incipiebant.
1086 4233 1197 4288 Plinius
1215 4231 1299 4298 dicit,
1324 4249 1381 4287 eu

156 4311 232 4349 csrcu
249 4299 383 4350 nmdscn
401 4300 532 4368 incipere,
560 4317 609 4369 quo
632 4303 677 4355 dis
702 4304 809 4367 signum
828 4301 926 4358 urielis
949 4307 993 4359 sol
1009 4304 1162 4362 invaserit
1198 4303 1298 4359 lslesns
1324 4321 1380 4358 cass
