2872 4792
162 185 303 302 carus
323 191 702 296 cxxvrussuxxx,
744 207 936 289 (aurat.
957 210 997 278 a,
1014 207 1051 274 o.
1070 210 1134 290 19.)
1193 211 1255 276 ur

55 370 183 426 Domitius
207 374 302 428 vitare
326 373 511 447 iubebantur.
548 375 642 443 Quare
665 374 744 432 nihil
768 376 831 430 euni
858 375 890 430 in
914 377 1025 434 emend.
1050 375 1152 448 Lipsii.
1189 373 1256 432 Alio

55 454 137 500 autem
154 462 239 500 sensu
257 446 348 498 lutum
364 461 470 516 aequor
487 446 564 499 dixit
582 447 684 504 Horat.
704 448 724 501 l.
737 447 781 506 l.“
802 445 911 500 Waltb.
1253 445 1255 456 '

111 519 136 574 2·
153 517 286 570 ossillum
304 517 430 570 tironum
446 515 606 588 intercipit,
624 538 651 574 v.
670 518 707 574 ad
724 521 751 586 i,
769 522 814 585 8⁰,
833 523 859 576 1.
881 526 911 574 et
928 518 964 572 ed
981 517 1051 595 Agr.
1071 519 1115 577 18·
1134 537 1163 577 n.
1183 521 1211 576 3.

445 671 639 727 CAPUT
690 673 849 727 LXXIX.

121 775 228 866 Igitur
249 797 343 842 oram
364 779 490 860 Lyciae
511 799 550 842 ac
571 777 785 862 Pamphyliae
806 780 1034 866 praelegentes
1056 779 1165 843 obuiis
1199 799 1257 844 na·
1340 811 1343 818 ·

51 859 145 939 ribus,
166 879 249 945 quae
265 861 682 962 Agrippinam'vehebant,
702 865 870 946 utrimque
891 863 1012 925 infensi
1033 882 1125 927 arma
1146 864 1257 946 primo

51 943 229 1025 expediere3
252 941 330 1007 deun
350 954 468 1008 mutua
488 945 666 1008 formidine
686 966 754 1008 non
774 947 862 1008 ultra
889 947 1038 1033 iurgium
1066 939 1259 1030 processum

51 1035 102 1104 ert,
130 1027 329 1111 Marsusque
357 1029 480 1091 Vibius
507 1029 676 1091 nuntiavit
702 1029 990 1108 Pisoni,'liomam
1018 1027 1260 1092 addicendam

51 1129 170 1174 musam
190 1113 332 1174 veniret.
376 1111 437 1174 Ille
459 1110 596 1176 eludens
618 1111 801 1194 respondit,
824 1111 1018 1191 affuturum,
1038 1111 1095 1175 ubi
1114 1122 1259 1192 praetor,

50 1195 97 1273 qui
127 1193 166 1256 de
199 1196 361 1278 ueneficiis
388 1205 565 1278 quaereret,
599 1215 651 1257 reo
678 1206 774 1277 atque
800 1195 1044 1267 accusatoribus
1064 1197 1144 1259 diem
1160 1215 1259 1276 prae-

49 1276 184 1340 dixisset.
229 1276 369 1340 Interim
390 1279 557 1342 Domitius
577 1276 779 1340 Laodiceam
800 1279 918 1343 urbem
947 1279 1066 1360 Syriae
1087 1281 1259 1364 appulsus,

50 1380 135 1439 quum
158 1361 300 1423 hiberna
321 1369 432 1423 sextae
453 1362 594 1448 legionis
617 1369 757 1444 peteret,
781 1361 874 1444 iquod
897 1381 969 1423 eam
991 1361 1132 1423 maxime
1161 1364 1258 1424 noris

49 1445 186 1506 consiliis
216 1442 371 1506 idoneam
399 1445 550 1524 rebatur,
585 1463 606 1506 a
632 1445 776 1506 Pacuvio
810 1445 917 1531 legato
948 1447 1176 1528 praevenitur.
1220 1443 1260 1510 ld
1346 1451 1350 1460 ’

49 1523 172 1590 Sentius
192 1527 306 1589 Pisoni
328 1547 388 1608 per
409 1525 524 1590 literas
546 1529 657 1609 aperit
676 1535 865 1610 monetque,
888 1547 929 1590 ne
952 1535 1061 1590 castra
1082 1536 1263 1612 corrupto«

48 1607 139 1687 ribus,
164 1630 206 1671 ne
228 1612 435 1690 provinciam
457 1611 544 1674 bello
566 1617 688 1674 tentata
711 1629 860 1692 quosque
882 1609 1075 1674 Germanici
1095 1631 1260 1674 memores

49 1699 98 1752 aut
116 1693 264 1756 inimicis
286 1695 357 1755 eius
376 1692 534 1761 adversos
556 1701 771 1780 cognoverat,
794 1693 974 1771 contrabit,
995 1693 1261 1780 magnitudinem
1283 1696 1287 1716 ¹

47 1771 254 1856 Imperatoris
281 1775 464 1838 identidem
491 1778 648 1864 ingerens
678 1785 712 1838 et
740 1795 810 1838 rem
838 1777 1005 1860 publicam
1036 1779 1139 1840 armis
1169 1779 1260 1860 peti3

48 1855 194 1942 ducitque
216 1857 358 1922 validam
379 1877 512 1922 manum
540 1868 574 1922 et
594 1861 724 1942 proelio
747 1858 907 1942 paratam,
1312 1862 1314 1872 ’

109 1964 132 2014 1.
154 1957 257 2014 Vibius
275 1960 416 2013 nuntiavit
435 1959 536 2014 Pisoni
554 1993 587 2003 -
606 1961 724 2014 Pontem
741 1960 859 2025 ueniret,
880 1980 907 2016 v.
925 1960 962 2014 ad
980 1963 1007 2026 2,
1026 1962 1071 2027 ⁶5,
1090 1965 1116 2016 l.
1141 1943 1262 2014 vibimus

47 2041 70 2082 n.
87 2027 115 2082 P.
134 2029 195 2086 MS.
216 2058 249 2070 -
268 2031 322 2084 lile
340 2033 453 2086 eludens
471 2031 628 2100 respondit,
655 2049 685 2085 se
709 2034 864 2097 affuturum
882 2032 914 2084 in
933 2031 1052 2097 iudicio,
1078 2031 1127 2084 ubi
1139 2038 1262 2100 ,praetor
1379 2084 1382 2093 ,

48 2127 75 2140 -
92 2101 165 2154 diern
181 2102 388 2172 praedixisset,
408 2123 436 2160 v.
455 2104 491 2158 ad
509 2121 537 2158 c.
556 2106 581 2160 6.
601 2122 631 2156 n.
650 2105 677 2158 2.
713 2103 819 2156 Amara
841 2119 887 2156 res
909 2103 1000 2167 onsio,
1031 2102 1099 2172 quia
1122 2103 1196 2156 tales
1215 2120 1262 2157 res
1339 2153 1343 2162 .

48 2185 99 2293 ibn
115 2173 242 2243 amplius
261 2193 278 2226 a
294 2175 487 2245 praetoribus,
512 2175 611 2228 sedin
631 2181 731 2228 senatu
759 2189 857 2226 coram
883 2119 1019 2294 brinclife
1047 2173 1261 2296 tractabagltum

45 2242 653 2382 ,rtrum
666 2249 698 2372 r
713 2245 930 2368 urum
944 2243 1179 2382 aram:
1193 2261 1263 2368 m

45 2383 111 2439 aliae
130 2387 262 2441 eiusdem
280 2387 407 2442 nominis
426 2388 511 2442 urbes
530 2389 562 2442 in
581 2386 759 2456 Goelesyria,
778 2385 918 2462 Phrygia,
942 2383 1046 2452 Media,
1065 2383 1150 2440 Caria
1174 2392 1203 2440 et
1220 2385 1260 2440 al.

45 2453 207 2510 Laodiciam
225 2457 284 2512 MS.
304 2467 334 2514 et
353 2459 395 2514 ed.
414 2458 506 2512 Bekk.

106 2531 133 2584 Ἰ.
153 2529 378 2598 corruptoribus,
398 2549 424 2584 r.
441 2530 477 2584 ad
489 2531 524 2585 tt.
537 2535 563 2595 1,
578 2531 621 2587 to.
636 2538 710 2586 extr.
726 2527 922 2588 -identidem
937 2525 1079 2596 ingerens,
1099 2527 1260 2594 inculcans,

43 2613 281 2667 commemorans3
299 2601 370 2654 Ern.
390 2601 434 2658 Cf.
454 2602 489 2656 ad
499 2605 527 2668 4,
540 2605 584 2668 tt,
598 2606 624 2658 1.
645 2601 877 2656 Cornmendando
889 2598 1010 2654 subinde
1024 2599 1174 2654 inculcans
1188 2600 1261 2654 etin
1371 2663 1376 2674 Ι

43 2674 209 2726 memoriam
235 2673 246 2724 i
268 2673 306 2725 sia
332 2690 471 2728 revocans
492 2673 539 2728 vel
561 2681 709 2727 ostentans
733 2669 961 2740 magnitudinem
980 2679 1010 2724 et
1028 2671 1155 2748 gloriam
1172 2670 1261 2740 impe·

44 2743 146 2796 ratorie
166 2745 213 2797 sui
261 2743 414 2810 ermanici3
434 2740 562 2798 Freinslr.
582 2752 612 2797 et
631 2743 729 2812 Wopk.
761 2744 862 2798 Malim
881 2743 1005 2818 iungere
1022 2743 1261 2810 magnitudinem,

42 2814 228 2881 maiestatem,
256 2815 302 2876 (ut
312 2817 341 2880 3,
366 2819 410 2872 ot.
435 2819 587 2882 lt‚1.⁵t.
609 2817 652 2882 16,
672 2815 734 2882 23.)
758 2813 958 2884 Imperatoris,
978 2811 1102 2882 Tiberii,
1126 2819 1153 2866 et
1172 2830 1259 2882 remp·

43 2885 127 2937 annia
143 2885 329 2954 peti2'Gron.
366 2884 446 2952 „Sed
463 2887 655 2942 Germanicus
684 2885 782 2940 eadem
808 2883 1003 2957 appellatione
1030 2885 1216 2960 significatur
1232 2889 1264 2952 ³,

43 2955 80 3008 n.
100 2966 129 3010 et
148 2961 193 3014 14.
212 2957 326 3015 Docent
344 2957 375 3010 id
393 2957 479 3012 etiam
496 2958 584 3014 verba
600 2975 697 3027 praec.
737 2974 840 3027 uosque
859 2955 1025 3010 Germanici
1041 2971 1189 3010 memores.
1207 2955 1261 3011 Ni·

41 3021 82 3077 hil
100 3037 200 3082 autem
220 3029 254 3083 ab
272 3025 301 3096 h.
316 3028 338 3080 1.
357 3031 451 3104 tnagis
469 3029 598 3084 alienum
617 3045 704 3100 quam
718 2975 835 3083 breherii
853 3024 1055 3102 magnitudo.“
1082 3023 1189 3080 Want.

454 3181 646 3238 CAPUT
699 3181 838 3238 uxta.

118 3288 193 3352 Nec
216 3289 302 3369 Piso,
325 3310 508 3375 quanquam
531 3298 647 3375 coepta
663 3309 756 3354 secus
775 3288 946 3368 cadebant,
968 3289 1081 3354 omisit
1092 3291 1261 3352 tutissima

40 3387 56 3429 e
80 3374 325 3453 praesentibus,
352 3373 411 3437 sed
439 3375 611 3436 castellum
634 3370 772 3435 Ciliciae
798 3375 964 3435 munitum
986 3371 1175 3452 admodum,
1203 3375 1260 3436 cui

40 3471 158 3516 nomen
180 3453 366 3536 Celendris,
389 3467 538 3540 occupat.
582 3456 668 3518 Nam
684 3455 840 3518 admixtis
855 3455 1085 3520 desertoribus
1099 3465 1133 3519 et
1146 3460 1259 3520 tirone

39 3555 144 3619 nuper
166 3540 355 3622 intercepto
375 3543 509 3624 suisque
530 3549 564 3602 et
584 3539 761 3601 Plancinae
782 3541 932 3601 servitiis
954 3541 1075 3601 auxilia
1105 3539 1258 3617 Cilicum,
1282 3576 1283 3580 =

39 3639 116 3697 quae
138 3623 251 3709 reguli
273 3623 498 3700 miserant,·in
520 3641 694 3684 nnmerum
718 3622 858 3708 legionis
877 3631 1119 3705 composuerat,
1143 3622 1258 3688 Gaesa-

39 3705 145 3786 risque
166 3705 361 3786 relegatum
382 3709 568 3770 testabatur
597 3709 777 3786 prouincia,
805 3725 897 3790 quam
917 3709 945 3769 is
967 3707 1117 3786 dedisset,
1151 3710 1258 3770 arceri

37 3805 96 3846 non
124 3810 147 3849 a
177 3789 370 3871 legionibus,
407 3789 529 3868 (earum
562 3794 679 3874 quippe
706 3793 813 3852 accitu
849 3787 974 3864 uenire)
1010 3791 1068 3853 aad
1095 3809 1115 3852 a
1142 3789 1283 3870 Sintia·

33 3873 194 3946 priuatum
214 3872 318 3935 odium
349 3872 446 3952 falsis
476 3873 659 3938 criminibus
687 3881 822 3958 tegente.
868 3872 1086 3938 consisterent
1114 3877 1149 3938 in
1176 3877 1255 3950 acie,

36 3971 95 4014 non
115 3959 318 4036 pugnaturis
349 3956 517 4036 militibus,
545 3957 601 4020 ubi
622 3955 768 4020 Pisonem
801 3956 841 4019 ab
863 3959 1135 4038 ipsisparentem
1156 3975 1256 4040 quon-

37 4035 104 4096 dam
124 4039 330 4118 appellatum,
353 4044 383 4103 si
403 4045 472 4103 iure
489 4054 656 4124 ¹ageretur,
676 4043 841 4120 potiorem,
868 4043 898 4104 si
919 4042 1026 4118 armis,
1054 4059 1118 4102 non
1138 4041 1254 4104 inuali-

35 4119 105 4180 dum
127 4121 293 4203 uidissent.
337 4121 425 4186 Tum
446 4145 509 4199 pro
531 4126 746 4186 munimentis
767 4123 892 4186 castelli
913 4125 1096 4204 manipulus
1111 4125 1255 4207 explicat

36 4203 122 4264 celle
153 4203 260 4265 arduo
288 4213 323 4267 et
349 4205 508 4290 derupt03
544 4227 620 4268 narn
647 4215 759 4269 cetera
787 4207 873 4268 mari
894 4209 1084 4292 cinguntur.
1127 4205 1253 4270 Contra

35 4287 192 4422 vegeranTi
219 4283 392 4423 orglirgibus
419 4309 457 4353 ac
483 4289 638 4354 subsidiis
664 4291 830 4354 instructi.
874 4287 964 4351 Hinc
984 4289 1140 4438 miiigum,
1174 4289 1253 4354 inde

91 4383 141 4434 pp.
190 4385 231 4420 ac.
279 4413 285 4424 .
322 4412 327 4422 .
