2904 4798
323 209 467 288 CAPUT
488 211 513 276 l.
557 207 612 290 (A.
628 209 668 275 U.
687 211 759 276 182.
788 211 826 272 A.
841 208 876 276 C.
895 209 963 289 29.)
1206 211 1268 276 463

515 375 709 432 CAPUT
761 377 790 431 1.

125 482 279 546 Rubellio
307 494 343 547 et
364 485 455 546 Fufio
484 480 589 564 (loss,
619 504 761 568 quorum
789 487 925 568 utrique
952 483 1114 548 Geminus
1145 505 1264 574 cogno-

46 577 190 629 mentum
212 576 296 648 erat,
330 567 416 630 Iulia
439 567 589 654 Angusta
611 576 753 632 mortem
775 569 859 630 obiit
880 576 990 632 aetate
1011 578 1170 643 extrema,
1205 569 1265 632 no-

45 652 181 712 bilitatis
209 669 271 734 per
300 649 472 714 Claudiam
500 651 662 713 familiam
694 660 728 713 et
756 649 936 734 adoptione
957 653 1136 714 Liviorum
1163 654 1265 716 Iulio-

44 753 182 818 rumque
211 735 425 796 clarissimae.
474 735 623 796 Primum
653 735 683 796 ei
704 737 955 796 matrimonium
979 745 1012 798 et
1040 737 1140 799 liberi
1171 741 1266 802 fuere

44 838 119 880 cum
139 817 278 886 Tiberio
301 817 450 896 Nerone,
486 821 544 898 qui
567 818 654 880 bello
676 819 839 880 Perusino
861 823 1034 904 profugus,
1066 839 1146 902 pace
1174 823 1266 902 inter

44 903 115 964 Sex.
149 901 344 982 Pompeium
374 921 412 962 ac
439 904 639 964 triumviros
669 909 776 984 pacta,
810 905 845 963 in
872 901 997 964 Urbem
1027 903 1137 966 rediit.
1182 903 1266 966 Exin

45 985 164 1046 Caesar
192 983 349 1068 cupidine
378 987 505 1046 formae
536 989 648 1046 aufert
677 987 810 1060 marito,
840 989 1006 1048 incertum
1034 1006 1076 1047 an
1105 988 1267 1065 inuitam

44 1067 126 1128 adeo
149 1087 326 1149 properus,
348 1076 397 1142 ut,
420 1088 461 1128 ne
483 1070 591 1150 spatio
614 1067 747 1150 quidem
769 1066 812 1128 ad
834 1068 1026 1130 enitendum
1049 1069 1139 1147 dato,
1167 1091 1266 1152 pena-

44 1151 132 1212 tibus
154 1153 222 1212 suis
245 1151 415 1236 gravidam
438 1149 619 1214 induxerit.
664 1151 799 1213 Nullam
821 1152 957 1232 posthac
975 1153 1124 1214 sobolem
1147 1153 1266 1228 edidit,

43 1233 100 1294 sed
123 1235 277 1320 sanguini
299 1234 441 1319 Augusti
464 1253 526 1316 per
548 1235 817 1296 coniunctionem
838 1235 1045 1322 Agrippinae
1072 1245 1106 1298 et
1129 1235 1267 1302 Germa-

43 1318 110 1376 nici
136 1335 263 1378 annexa
290 1335 480 1378 communes
515 1325 716 1399 pronepotes
748 1317 874 1379 habuit.
924 1319 1108 1382 Sanctitate
1148 1319 1266 1382 domus

43 1402 190 1482 priscum
219 1397 261 1462 ad
282 1419 421 1477 morem,
454 1403 557 1462 cornis
583 1403 672 1462 ultra
701 1420 798 1482 quem
826 1402 970 1484 antiquis
992 1405 1123 1464 seminis
1146 1406 1266 1486 proba-

44 1493 124 1555 tum,
147 1491 253 1544 mater
280 1483 456 1565 impotens,
482 1502 570 1544 uxor
596 1485 702 1545 facilis
734 1493 769 1545 et
796 1503 872 1546 cum
906 1485 1036 1547 artibus
1064 1488 1190 1564 mariti,
1220 1491 1264 1552 si-

43 1565 481 1644 mulationefiliibenecom
506 1569 601 1631 osita.
624 1568 734 1630 Funus
745 1569 818 1630 eius
831 1566 1011 1643 modicum,
1030 1577 1265 1632 testamentum
1297 1563 1302 1574 ’

43 1649 102 1712 diu
122 1652 259 1712 irritum
282 1651 356 1712 fuit.
399 1587 552 1711 Laudato
573 1658 623 1711 est
643 1669 706 1732 pro
728 1653 850 1714 rostris
872 1671 891 1712 a
914 1649 950 1714 C.
975 1649 1117 1718 Caesare
1143 1673 1266 1736 prone-

41 1741 132 1816 pote,
154 1735 212 1814 qui
233 1753 310 1794 mor
331 1751 448 1794 rerum
471 1735 599 1816 potitus
622 1741 682 1794 est.

115 1855 139 1906 l.
158 1850 288 1904 Rubellio
307 1857 333 1904 et
358 1851 436 1916 Fufio
463 1865 535 1904 coes.
557 1850 619 1906 edd.
639 1867 698 1907 rec.
719 1869 755 1905 ex
773 1851 887 1906 emend.
906 1854 979 1906 ltlur.
1016 1852 1105 1906 binio
1124 1852 1188 1906 edd.
1206 1863 1265 1908 vet.

42 1921 146 1990 „Nulli
163 1938 234 1976 vero
252 1930 316 1976 tum
335 1923 429 1989 Fusii,
449 1923 499 1977 sed
516 1923 654 1988 invaluit,
675 1931 708 1976 ut
723 1923 809 1976 Furii
826 1923 1006 1984 dicerentur,
1026 1923 1266 1994 quemadmodum

42 2011 128 2050 nemo
151 1993 283 2049 Valeriae
302 1994 416 2048 dicebat
439 2001 489 2046 ent
507 1993 653 2062 Papisius,
682 1993 732 2047 sed
754 1995 890 2049 Valerius
915 2002 945 2048 et
963 1995 1109 2062 Papirius.
1135 2014 1164 2052 r.
1184 1997 1267 2052 Peer-

42 2068 106 2154 piuq
125 2065 160 2118 ed
176 2065 239 2150 pie.
259 2063 294 2120 de
313 2083 356 2120 or.
376 2068 403 2130 2,
421 2067 465 2120 22.
496 2065 528 2124 G.
548 2067 642 2131 Fufius
660 2064 804 2131 Gerninue,
822 2063 856 2118 t.
877 2065 1023 2118 Rubellius
1042 2066 1176 2152 Gfminur
1194 2084 1265 2152 coer.

41 2145 261 2264 uuum
274 2135 923 2278 ,stillatatantumn:
943 2137 1184 2264 inretiat
1222 2157 1267 2264 t:

41 2281 80 2334 ad
96 2279 127 2332 ln.
146 2279 168 2331 l.
189 2287 217 2334 et
236 2281 267 2332 in
286 2279 367 2334 olere
387 2280 447 2336 Cic.
485 2279 564 2333 idern
581 2281 681 2334 Fufius
704 2281 864 2333 maiestatis
883 2279 1035 2334 damnatus
1059 2299 1083 2334 a.
1103 2279 1138 2332 U.
1158 2284 1218 2338 184.
1238 2289 1268 2336 et
1384 2259 1387 2268 Ι

41 2368 120 2406 uxor
138 2351 198 2406 eius
217 2352 320 2405 Publia
346 2351 444 2404 Prisca
469 2368 571 2406 necem
589 2352 644 2406 sibi
662 2351 876 2406 consciverunt.
895 2369 923 2404 v.
943 2349 999 2404 Dio
1018 2353 1062 2418 68,
1082 2355 1109 2406 4.
1134 2353 1183 2405 ubi
1202 2369 1268 2406 eor-

41 2433 130 2494 rupte
149 2423 207 2476 dici
225 2421 345 2476 ridetur
362 2415 444 2482 Γάϊος
459 2427 567 2492 Ροῦφος
585 2427 720 2494 Γεμίνιος.
758 2423 866 2476 Nerato
884 2438 948 2474 uero
969 2423 1050 2478 Vitia
1068 2423 1142 2489 Fufii
1154 2423 1268 2478 Gemini

40 2502 143 2560 mater,
163 2495 237 2564 quod
254 2495 310 2561 filii
328 2511 422 2548 necem
439 2493 572 2562 Amiroei,
592 2495 645 2550 inf.
665 2497 692 2561 6,
712 2497 755 2550 1⁰.
774 2494 825 2546 ubi
843 2493 946 2548 itidem
965 2495 1048 2548 Fusii
1073 2495 1104 2548 in
1124 2494 1187 2552 edd.
1207 2493 1290 2556 veti,

41 2569 97 2620 llis
123 2582 193 2622 coss.
218 2565 380 2638 baptizatus
409 2564 559 2633 Christum
592 2567 673 2621 Mur.
709 2565 830 2632 „lmrno
858 2583 967 2636 passus.
994 2585 1022 2620 v.
1048 2565 1174 2624 Tertull.
1204 2567 1224 2619 l.
1244 2565 1266 2620 l.

41 2641 172 2692 Laetam.
193 2638 260 2694 inst.
282 2637 302 2690 1.
322 2639 371 2692 IV.
392 2645 421 2690 et
438 2637 597 2714 Angustia.
616 2638 651 2694 de
670 2638 728 2690 civ.
753 2637 801 2692 dei
824 2637 846 2693 1.
866 2641 909 2694 18.
930 2655 992 2708 cap.
1012 2637 1090 2694 ult.“
1112 2637 1212 2695 Aurei.
1232 2669 1266 2682 -

41 2725 162 2780 quorum
186 2709 298 2780 utrique
316 2709 450 2764 Geminus
473 2717 686 2778 cognomentum
703 2717 782 2762 erut:
809 2709 947 2762 Heinsius
974 2708 1011 2762 ad
1028 2707 1058 2760 h.
1078 2707 1100 2762 l.
1121 2717 1151 2764 et
1168 2709 1268 2762 Burmi
1327 2721 1330 2728 ’

41 2779 219 2846 advell.2,
239 2785 283 2836 12.
304 2780 535 2836 corr.Geminie.
562 2801 589 2840 v.
611 2781 646 2835 ad
664 2785 691 2848 4,
710 2785 757 2848 28,
778 2785 802 2836 l.
823 2813 855 2822 -
892 2779 971 2832 lulio
989 2783 1135 2850 Augusto,
1164 2797 1266 2853 propr.

41 2854 138 2916 Liria,
168 2851 213 2905 Au
255 2855 293 2906 eti
320 2868 406 2905 uxor.
431 2871 459 2906 r.
485 2853 520 2907 ed
548 2859 574 2918 1,
598 2856 627 2918 8,
651 2856 676 2910 2.
698 2883 731 2894 ·-
768 2857 888 2906 mortem
915 2851 986 2905 obiit
1007 2859 1100 2906 aetate
1124 2859 1268 2905 extrema.-

42 2926 104 2992 „cl‘.
123 2923 198 2976 Plin.
214 2871 262 2986 14,
281 2927 308 2981 6.
329 2943 350 2978 e.
370 2927 396 2980 8.
419 2931 448 2978 et
465 2923 521 2978 Dio
539 2927 584 2987 58,
603 2927 629 2980 2.
667 2924 723 2976 llle
745 2923 773 2976 ei
792 2939 880 2976 annos
899 2923 1036 2976 mxu.
1056 2923 1107 2976 hie
1131 2924 1268 2977 Lxxxvt

41 2995 183 3048 tribuit.“
214 2994 292 3064 Lipa.
314 3029 346 3040 -
385 2995 548 3049 nobilitatis
573 3011 626 3066 per
645 2995 797 3050 Claudium
815 2993 973 3062 familiams
1006 3013 1074 3047 nam
1119 3003 1183 3048 ater
1205 2997 1267 3049 eius

41 3069 103 3119 fnit
121 3067 195 3138 App.
217 3066 354 3121 Claudius
373 3067 509 3136 Pulcher,
533 3069 648 3138 primus
669 3082 784 3138 qnoque
807 3066 931 3119 meritus
950 3064 996 3121 Ti.
1019 3067 1091 3120 Clau
1114 3067 1158 3118 'us
1176 3065 1266 3132 Nero,

42 3139 96 3209 qni
115 3156 180 3192 earn
198 3137 331 3216 Augusto
351 3141 448 3192 cessit.
462 3171 494 3182 -
529 3138 681 3208 adoptione
697 3137 844 3191 Liuiorum
861 3137 1054 3208 Iuliorumque
1072 3137 1267 3190 clarissimes

41 3211 128 3280 „Ipsa
145 3210 205 3263 ruit
224 3227 239 3264 e
259 3209 397 3276 Claudiis,
416 3210 493 3265 unde
512 3219 542 3266 et
560 3227 722 3286 cognomen
739 3210 835 3264 tenuit
852 3207 1015 3263 Drusillae:
1045 3208 1095 3264 sed
1113 3207 1267 3280 adoptione

42 3281 165 3335 transiit
183 3281 215 3334 in
235 3281 343 3334 Iuliam
361 3291 479 3358 gentem
497 3299 552 3354 per
570 3288 776 3336 testamentum
795 3279 932 3355 Augusti,
961 3281 1001 3346 (r.
1023 3285 1047 3346 l,
1067 3280 1105 3340 8.)
1131 3287 1160 3332 et
1184 3288 1268 3352 pater

43 3355 108 3406 eius
129 3354 160 3405 in
178 3353 292 3406 Liviam
321 3353 366 3406 cf.
386 3353 422 3406 ad
438 3358 465 3421 b,
483 3358 528 3420 51,
549 3358 573 3410 1.
594 3351 850 3408 menoetius.
888 3352 966 3405 llinc
989 3351 1069 3422 petri
1092 3367 1199 3405 nomen
1217 3351 1267 3403 Li-

40 3424 109 3477 vius
136 3425 250 3478 Drusus
278 3423 451 3479 Claudianus
477 3441 522 3496 ep.
547 3423 622 3480 Vell.
646 3427 674 3490 2,
700 3425 744 3480 76.
779 3429 809 3476 et
832 3421 930 3493 simpl.
956 3422 1057 3476 Livius
1079 3422 1193 3476 Drusus
1220 3441 1266 3494 ap.
1297 3483 1304 3494 ἱ

40 3495 132 3548 Dion·
156 3499 201 3560 44,
220 3497 263 3553 48.
292 3497 344 3618 qui
369 3513 435 3550 eum
460 3504 528 3567 post
550 3513 681 3574 pugnam
705 3494 921 3565 Philippensem
949 3513 1051 3548 ananus
1075 3495 1118 3548 ait
1135 3493 1268 3548 attulisse
1293 3493 1295 3496 ’

41 3568 110 3630 sibi,
140 3585 232 3639 quum
256 3585 272 3620 a
319 3575 386 3622 ruto
414 3569 552 3621 stetisset.
561 3567 581 3598 “
608 3565 686 3636 Lipe.
712 3599 745 3610 -
780 3581 843 3618 cum
873 3565 987 3620 Tiberio
1012 3566 1134 3621 Claudio
1158 3565 1269 3620 Nerone

40 3647 138 3721 praet.
157 3657 182 3694 a.
201 3639 237 3692 U.
258 3641 319 3696 112.
339 3647 369 3693 et
387 3639 537 3710 pontifice,
555 3640 622 3692 viro
646 3638 731 3692 docto
749 3637 905 3714 magnique
928 3639 1031 3704 animi,
1059 3637 1109 3708 qui
1126 3637 1198 3691 bello
1216 3636 1269 3691 Pe·
1369 3663 1370 3666 ¹

40 3727 145 3762 rumne
163 3711 304 3778 profugus
322 3743 355 3753 -
375 3711 474 3774 rediit,
492 3711 530 3764 cf.
548 3711 626 3766 Vell.
646 3713 674 3778 2,
694 3711 738 3766 16.
758 3711 800 3763 71.
821 3707 898 3766 Suet.
919 3707 982 3764 Tib.
1002 3713 1027 3768 4.
1047 3711 1073 3765 6.
1091 3707 1147 3762 Dio
1165 3712 1211 3773 48,
1220 3712 1267 3768 36.

41 3781 169 3852 Appian.
189 3780 220 3832 ll.
241 3781 271 3835 C.
291 3799 322 3854 p.
342 3783 405 3838 too.
425 3784 485 3838 713.
518 3782 596 3836 Hinc
613 3783 640 3848 6,
658 3785 702 3839 bl.
720 3780 914 3850 proscriptum
928 3788 1041 3850 putrem
1058 3781 1140 3834 enrul
1156 3787 1268 3833 secutus

10 3863 11 3872 ¹
41 3853 74 3905 in
94 3851 227 3906 Siciliam
245 3851 389 3906 Tiberius.
419 3853 566 3923 perusinia
590 3853 647 3908 ltts.
669 3887 702 3896 -
738 3851 872 3922 cupidine
897 3855 1016 3920 somnae,
1045 3859 1144 3922 captus
1169 3866 1268 3905 amore

41 3925 107 3978 eius
133 3931 256 3996 propter
279 3923 540 3995 pulchritudinem.
572 3923 617 3982 Gi.
643 3923 707 3978 lud.
736 3923 790 3978 111.
814 3942 843 3977 r.
867 3924 998 3978 Ablate'oi
1022 3921 1268 3977 substantivorum

40 3995 179 4048 absoluti.
201 4029 232 4038 -
277 3997 373 4062 aufert
399 3998 507 4051 marito
526 4031 560 4040 -
579 3995 737 4062 induxerit,
765 4015 794 4052 r.
813 3994 895 4059 adl,
914 3998 958 4062 lo,
977 3997 1002 4049 3.
1023 4025 1069 4056 -,
1095 3993 1134 4047 ad
1158 3994 1268 4046 eniten-

41 4067 112 4120 dum
129 4085 169 4120 sc.
189 4069 438 4138 paroemiarum.
458 4069 503 4122 cf.
522 4067 558 4122 ad
572 4067 602 4124 0.
624 4073 666 4124 11.
686 4085 717 4121 n.
736 4069 763 4125 2.
786 4065 936 4137 penatibus
959 4065 1022 4120 euin
1045 4064 1199 4134 grauidam
1222 4065 1268 4118 in·

41 4139 172 4205 duxerit,
197 4157 227 4192 r.
253 4138 290 4193 ed
308 4143 334 4206 1,
354 4143 382 4206 3,
399 4144 426 4197 3.

117 4247 143 4300 2.
171 4245 287 4301 Nullam
302 4243 421 4313 postiae
438 4247 557 4300 sobolem
575 4244 677 4313 edidit,
696 4247 737 4298 ei.
756 4243 836 4300 Suet.
854 4241 929 4320 Aug.
947 4245 992 4301 63.
1029 4244 1160 4309 sobolem,
1185 4261 1213 4300 r.
1232 4241 1269 4297 ab
1300 4251 1301 4254 ’

40 4319 70 4381 2,
90 4319 137 4382 42,
156 4321 182 4374 1.
206 4349 237 4362 -
273 4317 412 4387 sanguini
429 4318 557 4388 Augusti
574 4350 608 4364 -
626 4331 753 4374 uremur
775 4333 845 4372 nem
862 4316 1056 4373 Gemanica·
1073 4315 1169 4370 Druso
1186 4323 1267 4388 emur
