2904 4798
230 223 374 288 CAPUT
395 223 536 290 XXVII.
552 223 710 290 XXVIII.
733 225 783 302 (A.
805 225 845 292 U.
867 225 937 292 tet.
959 228 998 289 A.
1021 224 1056 290 0.
1078 225 1146 304 34.)
1234 227 1295 294 517
1373 244 1377 253 ·

78 407 205 454 oreae
234 388 395 454 distinctu
414 393 591 474 pinnarum
618 393 778 454 acetaria
800 393 916 456 avibus
946 388 1129 470 diversum,
1158 411 1297 455 000000-

79 476 181 551 tiunt,
209 475 268 552 qui
296 477 437 536 formem
467 476 537 536 eiua
566 477 736 538 effinxere.
779 475 829 537 De
855 494 996 538 numero
1017 495 1180 538 annorum
1200 477 1296 536 varia

78 555 278 618 traduntur:
320 561 462 620 maxime
498 558 672 644 vulgatum
708 559 966 644 quingentorum
1000 561 1154 644 spatium.
1208 557 1318 636 Sunt¹

78 641 136 722 qui
158 648 360 718 asseverent,
391 641 484 702 mille
512 639 769 726 quadringentos
798 643 968 728 sexaginta
995 663 1097 704 uuum
1128 641 1296 714 interlici3

77 723 278 803 prioresque
299 724 395 786 alites
417 723 604 786 Sesostride
632 725 788 806 primum,
817 731 893 808 post
916 724 1070 788 Amaside
1097 723 1297 787 dominanti-

76 806 153 882 bus,
175 803 252 866 dein
273 807 473 883 Ptolemaeo,
502 809 559 888 qui
585 828 624 870 ex
646 804 888 870 Macedonibus
908 809 1030 870 tertius
1057 807 1233 894 regnavit,¹
1261 809 1298 868 in

78 891 262 964 civitatem,
284 889 339 950 cui
360 889 547 970 Heliopolis
575 907 704 968 nomen,
731 889 938 952 advolavisse
974 891 1081 952 multo
1108 897 1298 953 ceterarum

76 971 254 1032 volucrum
289 973 449 1034 comitatu
479 991 598 1034 novam
630 975 747 1035 faciam
773 975 977 1046 mirantium.
1020 971 1085 1034 Sed
1117 973 1297 1054 antiquitas

77 1051 211 1136 quidem
234 1053 383 1117 obscura.
425 1056 517 1116 Inter
538 1055 761 1118 Ptolemaeum
782 1075 820 1118 ac
834 1056 1010 1117 Tiberium
1031 1057 1141 1116 minus
1161 1053 1297 1116 ducenti

77 1138 318 1223 quinquaginta
339 1139 418 1198 anni
438 1139 593 1210 fuerunt3
615 1137 703 1200 unde
725 1139 878 1199 nonnulli
904 1139 1024 1202 falsum
1051 1139 1144 1224 hunc
1160 1135 1297 1222 phoeni-

77 1239 150 1282 cem
171 1239 277 1300 neque
298 1219 446 1282 Arabum
465 1239 485 1282 e
506 1221 609 1283 terris
630 1219 815 1298 credidere,
845 1220 993 1304 nihilque
1018 1223 1230 1304 usurpavisse
1259 1239 1299 1282 ex

76 1303 144 1374 his,
177 1323 259 1385 quae
284 1311 382 1364 vetus
414 1303 575 1364 memoria
600 1303 756 1366 firmavit.
794 1301 953 1366 Confecto
985 1305 1105 1386 quippe
1133 1323 1299 1368 annorum

77 1405 231 1463 numero,
253 1387 310 1447 ubi
333 1405 423 1447 mors
444 1387 657 1468 propinquet,
678 1387 747 1448 suis
768 1387 804 1446 in
824 1388 927 1449 terris
955 1395 1087 1450 struere
1115 1385 1230 1450 nidum
1252 1387 1299 1448 ei-

78 1487 142 1550 que
171 1471 238 1528 vim
268 1469 447 1556 genitalem
474 1469 655 1546 effundere,
690 1488 730 1530 ex
756 1489 820 1550 qua
847 1472 952 1532 letum
972 1470 1069 1547 oriri,
1102 1475 1136 1530 et
1155 1471 1299 1552 primam

77 1549 194 1613 adulto
223 1569 338 1614 curam
366 1549 549 1634 sepeliendi
575 1554 699 1634 patris3
733 1571 837 1634 neque
858 1549 894 1612 id
915 1561 1052 1630 temere,
1083 1551 1140 1613 sed
1171 1551 1299 1613 sublato

77 1631 239 1696 mu'rrhae
267 1632 415 1714 pondere
443 1639 634 1716 tentatoque
665 1653 726 1718 per
747 1635 883 1721 longum
904 1637 982 1710 iter,
1015 1635 1073 1696 ubi
1103 1653 1165 1716 par
1192 1635 1300 1711 oneri,

78 1733 142 1795 par
163 1717 287 1776 meatui
301 1717 357 1792 sit,
379 1715 493 1778 subire
513 1719 661 1795 patrium
682 1735 803 1795 corpus
825 1719 923 1799 inque
935 1717 1022 1780 Solis
1044 1737 1135 1778 aram
1148 1721 1300 1798 perferre

79 1803 178 1876 atque
199 1793 345 1854 adolere.
389 1795 482 1857 Haec
504 1799 632 1858 incerta
652 1809 686 1858 et
706 1799 865 1860 fabulosis
886 1807 993 1862 aucta.
1016 1797 1174 1862 Ceterum
1195 1800 1301 1881 aspici
1323 1859 1325 1866 ,

79 1875 257 1956 aliquando
277 1877 313 1936 in
336 1875 488 1958 Aegypto
510 1897 582 1938 eam
604 1879 777 1940 volucrem
798 1898 866 1938 000
887 1883 1078 1965 ambigitur.

153 2013 177 2064 1.
197 2007 284 2062 Paulo
303 2009 399 2074 Fabio,
420 2009 453 2064 1..
478 2002 591 2061 Vitellio
608 2021 676 2056 caes.
702 2007 760 2072 ,,1..
785 2007 915 2062 Vitellius
931 2018 1017 2078 pater
1040 2013 1099 2062 fuit
1116 2015 1190 2082 lmp.
1209 2015 1302 2068 Vitat.

81 2081 128 2148 lii,
157 2079 271 2134 Orienti
293 2097 363 2134 mox
387 2095 457 2148 praa
480 2080 579 2132 caitus.
619 2074 661 2129 De
686 2091 719 2129 eo
742 2095 771 2133 v.
800 2095 861 2148 cap.
887 2081 930 2134 32.
956 2078 1013 2132 Dio
1035 2083 1085 2144 59,
1099 2081 1142 2134 27.
1173 2088 1202 2132 et
1220 2081 1301 2136 suet,

81 2154 141 2206 vtt.
161 2154 186 2208 2.
207 2150 327 2216 „Paulae
345 2149 445 2202 Fabius
491 2149 614 2210 100168,
632 2149 677 2202 24.
701 2141 805 2214 Φάβιος
822 2151 944 2218 Πρίσκος
962 2157 992 2202 et
1009 2149 1042 2202 10
1060 2149 1122 2202 lnd.
1142 2147 1233 2210 Coss,
1252 2155 1303 2221 qui

81 2221 151 2276 huic
175 2222 252 2275 libro
278 2221 423 2291 praefixus
448 2229 507 2286 eat,
539 2217 650 2276 Παῦλος
672 2216 776 2283 Φάβιος
796 2223 919 2287 Πρίσκος
943 2219 1060 2285 dicitur,
1093 2219 1142 2272 aed
1169 2217 1305 2288 Περσικὸς

82 2293 171 2348 scrib.
189 2309 243 2363 pro
262 2297 392 2362 Πρίσκος.
430 2289 479 2344 Sic
498 2290 577 2344 enim
596 2290 818 2373 cognominatur
837 2307 854 2342 a
871 2290 1026 2354 Frontino,
1045 2291 1097 2359 qui
1116 2290 1148 2342 iu
1166 2287 1304 2344 0110100-

81 2367 119 2418 aii
137 2363 184 2417 bis
204 2382 274 2420 cosa.
294 2363 423 2416 Persium
443 2370 544 2414 natum
562 2359 663 2426 tradit,
683 2357 816 2432 aliisque.
845 2361 969 2415 Videtur
987 2361 1067 2414 lilius
1084 2359 1167 2413 Pauli
1186 2361 1308 2418 Maximi

82 2452 138 2492 cos.
159 2453 183 2492 a.
204 2439 264 2491 743.
284 2451 351 2486 cum
372 2431 404 2497 Q.
424 2431 508 2486 Aelio
526 2429 688 2494 Tuberone,
707 2439 736 2483 et
755 2431 914 2486 notandum
931 2447 1110 2502 praenomen
1118 2429 1210 2496 Paete,
1223 2429 1306 2504 ¹quod

80 2507 177 2584 gentis
196 2505 338 2560 Aemiliae
358 2520 520 2580 cognomen
536 2501 604 2554 fuit.
639 2495 715 2555 ilinc
733 2499 819 2556 Paulo
838 2501 927 2557 Fabio
945 2503 1061 2558 Persico
1078 2509 1200 2572 propter
1218 2499 1306 2554 luxu·

79 2580 156 2632 riam
176 2579 243 2631 etfl
283 2578 335 2630 itia
360 2575 390 2642 Q.
418 2574 569 2644 Pompeius
593 2579 711 2642 praetor
725 2573 862 2626 -urbanus
880 2575 1009 2645 paternis
1033 2573 1116 2628 bonis
1140 2569 1305 2626 interdixit.

79 2669 111 2706 v.
131 2648 195 2702 Sen.
215 2648 250 2702 de
288 2665 331 2702 en.
351 2651 379 2712 1,
396 2648 442 2704 21.
461 2649 488 2711 l,
507 2647 550 2700 30.
576 2642 671 2698 Valer.
699 2645 773 2698 Max.
793 2649 820 2710 3,
838 2647 867 2712 5,
886 2645 1067 2701 31ον0001.
1087 2645 1114 2710 8,
1134 2647 1168 2698 13
1187 2661 1230 2712 sq.
1252 2641 1307 2695 Di-¹

79 2729 146 2774 ctus
164 2718 269 2790 procul
287 2718 372 2772 dubio
393 2725 423 2771 et
440 2717 542 2770 Paulae
567 2723 596 2769 et
613 2714 750 2784 Persicae,
776 2717 913 2787 quoniam
931 2714 1120 2770 descendebat
1142 2713 1176 2768 ab
1197 2715 1231 2766 1..
1250 2712 1306 2768 Aa·

81 2791 166 2844 milio
190 2791 286 2853 Paulo,
317 2791 368 2859 qui
393 2787 495 2841 Persen
518 2786 666 2842 devicerat
690 2796 719 2841 et
742 2790 857 2842 eonius
875 2788 961 2842 domo
985 2787 1017 2840 in
1041 2795 1161 2862 gentem
1187 2783 1306 2838 Fabiam

80 2863 208 2916 manres
228 2861 289 2914 eius
309 2857 516 2914 transierant.“
535 2857 620 2927 nect.
659 2857 733 2911 Cum
753 2855 849 2926 simpl.
867 2859 878 2910 t
897 2857 1083 2912 scribendum
1100 2855 1219 2910 videtur
1231 2853 1306 2910 Pou-

81 2937 137 2998 lus,
156 2931 253 2998 Paulo,
272 2931 410 2994 Paulinae,
430 2930 557 2995 Paulina,
576 2929 680 2994 paulae,
697 2928 834 2996 paululus,
852 2931 945 2993 paulo,
960 2930 1080 2996 paulam,
1104 2935 1138 2980 ut
1156 2925 1209 2982 Gr.
1227 2930 1307 2980 Παῦ-

80 3009 129 3066 λος
152 3013 182 3058 et
204 3005 317 3070 παῦλος,
342 3001 419 3072 quod
443 3001 554 3054 dicitur
578 3015 633 3070 pro
657 3003 772 3069 παῦρος.
817 2995 932 3052 Literna
956 3017 1013 3069 quo
1055 3017 1071 3060 e
1099 3013 1215 3052 consen.
1234 3003 1308 3067 post

80 3074 200 3147 diphth.
224 3091 257 3126 aa
283 3091 342 3126 non
367 3071 557 3147 geminandae
585 3087 645 3124 ease
670 3069 820 3122 contendit
843 3069 982 3123 Priscian.
1009 3089 1023 3124 e
1045 3107 1052 3122 .
1071 3067 1185 3123 Putsch.
1204 3085 1234 3136 p.
1253 3069 1307 3122 ott

81 3167 126 3218 sq.
166 3147 200 3198 In
217 3145 314 3198 nuruis
332 3151 430 3197 tamen
448 3141 590 3212 librisque
608 3149 682 3206 vet,
703 3147 732 3194 et
750 3139 869 3211 scriptis
889 3149 919 3193 et
937 3141 1033 3208 editis,
1056 3140 1239 3212 frequentius
1259 3155 1306 3192 re-

80 3219 199 3289 peritur
217 3216 329 3269 Paullus
348 3223 415 3278 cet,
434 3214 522 3284 idque
539 3211 680 3283 probatur
697 3230 713 3266 a
731 3209 851 3266 Terent.
871 3209 979 3265 Scauro
999 3211 1041 3266 ed.
1057 3207 1306 3280 1000002356.

81 3291 208 3358 aliisque
226 3286 440 3352 Grarmnaticis,
468 3285 536 3355 quia
560 3289 709 3336 contracta
735 3283 795 3336 sint
818 3299 855 3336 ex
879 3281 996 3348 pusillus
1017 3291 1047 3336 et
1063 3283 1177 3354 priseae
1194 3281 1308 3348 fuerint

80 3365 194 3415 formae
211 3361 302 3426 pollue
320 3365 349 3412 et
365 3358 490 3424 pallulae.
524 3353 568 3410 Cf.
595 3352 631 3406 ad
657 3351 867 3430 (143012.
892 3353 926 3408 A.
945 3355 1055 3408 Manat.
1081 3351 1166 3408 ortho
1205 3389 1211 3404 .
1236 3368 1252 3405 e
1273 3349 1307 3402 it.

81 3433 225 3500 Antverp.
246 3431 326 3486 1579.
345 3447 373 3498 p.
394 3429 428 3484 et
447 3446 489 3497 sq.
511 3425 626 3480 Grotei.
646 3423 746 3478 Gram.
771 3423 806 3476 Τ.
827 3424 868 3478 11.
893 3441 923 3494 p.
942 3427 1003 3482 2⁰3.
1022 3427 1084 3480 2⁰7.
1109 3421 1151 3478 ed.
1190 3459 1197 3472 .
1246 3457 1254 3486 ,

81 3504 177 3558 Dione
195 3504 242 3564 58,
257 3503 305 3556 24.
324 3508 403 3564 0010,
421 3495 475 3552 hos
494 3499 572 3581 ipsos
592 3495 725 3580 cpnsules
749 3503 817 3567 post
840 3495 985 3552 celebrata
1009 3493 1178 3579 decennalia
1195 3457 1308 3546 Tiberii

81 3565 843 3710 retransmisissem:*nitu
856 3565 1309 3708 0010235ιῖ1ῗο3οῑ

83 3715 199 3772 sisset-‘⁴
219 3714 294 3780 Lipe.
334 3713 453 3788 „Negat
470 3711 600 3764 Muretus
619 3710 753 3765 consules
772 3711 940 3764 interfectos
958 3708 1057 3762 fuisse.
1095 3705 1231 3760 Vitellius
1244 3703 1309 3776 qui·

82 3789 151 3844 dem
170 3785 306 3862 Caligula
324 3793 353 3838 et
371 3783 492 3838 Claudio
520 3781 745 3852 imperatoribus
769 3781 855 3835 vixit.
881 3797 909 3834 v.
929 3777 1010 3834 Suet.
1029 3779 1089 3832 vtt.
1108 3775 1159 3836 2.“
1185 3775 1253 3832 Era.
1274 3808 1307 3830 -,-

81 3865 145 3930 poet
163 3858 271 3924 longum
288 3857 453 3908 scenderunt
471 3849 594 3908 ambitam
612 3853 673 3920 acia
689 3851 805 3920 pltoeaia
823 3853 853 3904 ta
870 3851 1021 3920 Aegyptum
1043 3851 1116 3904 aaut
1140 3856 1195 3904 cet.
1228 3846 1308 3914 „Pli-

82 3932 151 3984 nius
171 3931 214 3996 lll,
233 3931 258 3986 2.
296 3925 351 3980 Dio
376 3929 421 3992 58,
439 3928 485 3982 37.
512 3933 542 3979 et
569 3921 685 3978 Solinus
713 3940 737 3979 c.
757 3927 801 3980 33.
820 3939 962 3977 00000000
986 3919 1116 3987 tradunt,
1144 3926 1210 3992 post
1226 3917 1308 3973 bien·

84 4002 168 4056 nium
195 4000 310 4054 demum
338 3997 369 4065 Q.
393 3995 518 4065 Plautio,
547 3993 613 4048 Sex.
638 3993 675 4047 Pa
696 3995 757 4048 inio
783 4010 854 4048 coss.
900 3991 1052 4052 hoenicem
1083 3993 1115 4046 in
1141 3991 1307 4068 Aegyptum

84 4073 209 4128 venisse.
248 4071 341 4138 Quare
358 4069 507 4139 Bipontini
527 4071 655 4129 censent,
672 4013 729 4120 dcc
747 4071 843 4138 caput,
869 4012 965 4120 aIieuo
983 4063 1048 4117 1000
1066 4065 1206 4135 positum,
1230 4058 1309 4119 able·

106 4143 213 4198 andum
232 4161 293 4198 asae
312 4139 350 4196 ad
366 4157 391 4196 c.
411 4141 511 4209 4100.
530 4145 597 4210 post
614 4135 702 4192 verba
721 4151 753 4189 eo
772 4151 851 4193 anno.
888 4136 963 4205 Quae
986 4144 1084 4191 tamen
1110 4133 1210 4208 opinio
1237 4133 1307 4188 satia

84 4163 173 4270 dubia
191 4233 252 4270 esee
271 4213 398 4268 videtur.
435 4209 510 4264 Nam
530 4205 607 4282 quod
633 4209 667 4262 ab
686 4205 779 4264 altera
804 4214 887 4280 parte
914 4217 974 4262 tres
1003 4217 1071 4262 sunt
1094 4216 1183 4264 testes
1206 4213 1309 4260 contra

86 4305 189 4352 unuin,
207 4285 291 4358 parvi
311 4291 353 4340 eat
371 4281 525 4338 momenti:
545 4290 606 4335 tres
624 4279 672 4334 illi
690 4277 767 4334 baud
786 4278 872 4336 dubie
890 4287 1053 4348 santonus,
1071 4275 1307 4351 nempel'liniua,
