2904 4798
258 219 413 296 mavi.
436 227 578 294 curun
600 229 625 291 1.
649 227 704 309 (n.
717 211 756 294 u.
769 229 841 298 res.
859 229 898 293 n.
914 227 950 293 c.
965 226 1033 306 ea.)
1198 227 1261 296 nc

41 397 118 466 filiae
131 395 236 454 Cassio
248 406 275 454 et
290 395 407 452 Vinicio
427 397 546 451 locatae.
580 395 690 451 Tiberii
706 395 824 452 itinera.
862 397 906 452 16.
921 395 1106 450 Feneratores
1123 392 1259 449 accusati.

41 475 84 527 17.
104 472 190 526 tides
207 471 314 537 retecta
333 468 507 523 liberalitate
524 467 680 538 Principis.
711 472 755 526 ts.
775 471 818 524 ts.
838 463 987 537 Supplicia
1005 483 1118 522 reomau
1135 465 1260 520 conscic-

41 561 161 614 mmqne,
175 540 387 596 coniurationis
403 539 585 598 Seiamanae.
1292 573 1293 576 η

109 618 155 672 TO.
183 613 307 682 Nuptiae
331 613 364 665 C.
384 612 520 668 Caesarie
544 619 571 664 et
596 609 743 668 Claudiae.
778 609 889 666 Tiberii
918 609 1106 680 praerupium
1136 609 1171 664 de
1195 611 1259 666 Ser.

40 687 137 740 Galba.
174 688 218 742 at.
238 685 300 738 Ars
319 681 525 738 Chaldaeorum
543 690 570 737 et
591 682 668 737 Tira
702 683 746 736 lli.
782 685 828 738 27.
847 681 990 737 Iudicium
1010 682 1107 738 Taciti
1131 683 1165 736 de
1188 683 1261 749 fato.

38 760 82 814 23.
102 761 148 815 li·
167 759 211 814 25.
237 757 410 810 Miseranda
432 771 510 810 mors
538 755 637 810 Asinii
694 755 758 818 alli,
785 753 889 821 Drusi,
917 754 1112 824 Agrippinae,
1147 755 1193 809 76.
1212 769 1261 807 ao·

39 829 170 883 luntario
195 827 308 882 Cocceii
330 827 440 880 Neruae
472 833 499 880 et
523 825 676 882 Munaliae
699 825 862 882 Plancinae.
903 827 947 882 2⁷.
973 826 1051 880 Iulia
1079 825 1171 880 Drusi
1196 824 1261 892 filia

38 901 168 954 Rubellio
186 900 298 954 Blando
316 905 412 982 rqupla.
449 899 534 953 Mors
551 898 633 952 Aelii
650 897 777 963 Lamiae,
801 896 953 966 Pomponii
970 897 1067 952 Flacci
1091 902 1119 951 et
1143 895 1186 948 Μ.
1206 893 1261 948 Le-

36 973 110 1040 pidi.
146 975 191 1028 28.
209 971 401 1025 Narrationes
419 971 453 1024 de
468 968 603 1038 pboenice
619 969 653 1024 in
672 974 803 1040 Aegypto
820 969 893 1024 uisa.
930 972 974 1026 bb.
993 969 1077 1024 More
1094 967 1260 1022 uoluntaria

37 1043 187 1112 Pmnponii
203 1041 354 1106 Labeonis,
381 1041 523 1095 Mamerci
539 1041 645 1096 Scauri
662 1043 848 1111 aliorumque.
884 1042 929 1098 ab.
958 1040 1165 1094 Accusatorum
1187 1039 1260 1092 rete·

37 1115 130 1184 gotio.
167 1114 304 1168 Lentulus
322 1113 487 1168 Gaetulicus
504 1114 582 1166 solus
599 1129 634 1166 ec
651 1113 753 1168 Seiani
770 1113 907 1180 affinibus
925 1111 1084 1166 incolumis.
1126 1175 1127 1183 χ

107 1190 152 1242 31.
171 1189 216 1244 32.
236 1185 280 1238 Ab
298 1186 448 1238 Artabano
467 1183 639 1240 Parthorum
661 1203 730 1254 rege
754 1184 902 1240 Armeniis
927 1185 1053 1236 Arsaces
1080 1179 1174 1248 filius,
1209 1180 1261 1234 ced

37 1275 55 1311 a
76 1259 191 1312 Tiberio
209 1255 327 1312 Partbis
342 1257 504 1324 petentibus
521 1254 679 1310 Pbraltates
697 1273 781 1328 eoque
799 1263 910 1310 mortuo
927 1255 1073 1308 Tiridates
1090 1269 1143 1306 rec
1156 1253 1259 1314 datur;

37 1337 64 1384 el
89 1329 206 1384 Orienti
227 1329 396 1398 praeficitur
416 1327 448 1384 L.
472 1326 619 1382 Vitellius.
661 1329 749 1386 33'-
768 1330 812 1384 35.
836 1327 904 1382 Paci
930 1333 1050 1382 mortem
1076 1323 1198 1380 Arsacis
1224 1323 1260 1376 de

34 1402 215 1469 porrectione
232 1398 388 1454 Armeniae
406 1406 517 1453 certant
534 1399 700 1454 Artabanus
717 1406 744 1454 et
763 1397 963 1455 Mitbridales.
999 1401 1043 1454 ³6.
1062 1401 1107 1454 37.
1127 1393 1259 1463 Deiectio

36 1471 216 1526 Parthorum.
255 1469 403 1524 Artabani
420 1473 492 1538 trega
511 1477 538 1524 et
560 1471 707 1524 Tiridatis
724 1471 864 1525 successio
882 1471 915 1523 in
933 1471 996 1524 eius
1014 1469 1113 1522 loetum.

106 1544 374 1601 enascentium
401 1543 511 1596 Tiberii
535 1543 660 1596 saeuitia
686 1542 719 1596 in
744 1542 850 1596 andeca
873 1541 983 1596 Seiani.
1019 1545 1065 1598 4⁰.
1085 1536 1206 1594 Aruseii
1231 1545 1258 1592 el

38 1614 359 1683 Tigranucometae
393 1615 538 1684 scitusque
566 1611 745 1668 voluntarius
775 1614 909 1669 Vibalmi
939 1611 1105 1682 Agrippae,
1143 1609 1258 1674 Galbae,

33 1689 204 1742 Blascorum
231 1693 257 1740 et
281 1685 425 1740 Aemiliae
451 1684 582 1754 Lepidae.
619 1689 662 1741 tl.
691 1686 834 1739 Clitarum
857 1685 974 1738 rebellio
999 1700 1028 1736 a·
1043 1683 1089 1737 M.
1119 1681 1258 1736 Trebellio

34 1775 178 1826 oppressa.
215 1760 252 1814 42
270 1789 303 1802 -
321 1760 366 1813 44.
394 1757 550 1820 Tiridates,
576 1772 663 1809 nonus
686 1754 859 1810 Partborum
874 1771 935 1822 rec,
961 1756 996 1810 ab
1023 1754 1169 1806 Artabano
1194 1753 1258 1818 pul·

32 1846 94 1882 sus.
132 1831 176 1885 45.
197 1828 290 1881 Graue
307 1827 469 1880 incendium
498 1826 608 1879 Tiberii
632 1824 808 1878 liberalitate
825 1826 894 1880 miti
916 1834 1001 1879 atum.
1045 1824 1151 1877 Gratia
1178 1822 1258 1876 Cali-

31 1899 121 1964 golae
138 1911 157 1948 a
174 1897 312 1950 Macrone
330 1901 446 1962 captata
466 1910 516 1962 ope
535 1894 646 1947 Ennioe
672 1895 781 1948 ucorts.
818 1898 864 1953 bb.
892 1843 1004 1948 Iiberii
1026 1893 1197 1950 deliberatio
1224 1894 1258 1946 de

32 1983 195 2021 successore
213 1973 240 2020 el
256 1965 443 2034 praesagium
460 1965 494 2016 de
511 1964 659 2032 Caligula.
697 1965 770 2018 Eius
787 1965 922 2020 libidines
939 1967 1104 2034 morbusque
1122 1965 1259 2018 dissimu-
1357 2018 1361 2032 Ι

31 2041 121 2090 latus.
157 2037 382 2102 ibib-Aratio,
401 2035 545 2088 Albucilla
554 2033 689 2105 baiasque
707 2036 833 2090 adulteri
849 2037 985 2091 accutati.
1004 2035 1165 2090 Arruntius
1173 2051 1259 2103 prae-

30 2109 116 2177 sagit
145 2108 257 2162 sasaim
286 2107 437 2175 imperium
474 2113 501 2159 et
538 2121 623 2160 venas
652 2108 714 2170 sibi,
740 2108 856 2163 incidit.
903 2111 949 2166 49.
976 2108 1060 2163 Mors
1092 2107 1258 2160 voluntaria

29 2181 99 2232 Ser.
116 2177 236 2248 Papinii
255 2185 375 2232 amatre
394 2179 432 2232 ad
449 2177 588 2232 incestum
603 2177 740 2248 perpulsi.
777 2183 821 2236 50.
849 2179 983 2234 Tiberius
1001 2177 1119 2234 iniectis
1134 2177 1257 2232 aestibus

29 2252 116 2305 iussu
132 2250 285 2306 Macronis
302 2265 461 2319 oppressus.
498 2253 544 2305 51.
563 2249 635 2303 Eius
652 2251 730 2304 varii
747 2257 775 2304 et
793 2267 876 2305 casus
894 2257 921 2306 el
939 2267 1041 2306 moret.

106 2341 192 2396 Gesta
210 2339 278 2396 baec
296 2339 381 2393 annis
399 2337 517 2392 circiter
534 2355 597 2406 ser,
625 2355 652 2393 a.
675 2339 709 2396 U.
728 2357 753 2394 c.
773 2341 826 2398 785
845 2367 879 2380 -
898 2341 958 2398 790.

28 2448 89 2502 CN.
110 2449 281 2504 DOMITIO
299 2446 564 2502 AHENOBARBO
589 2445 643 2500 ΕΤ
667 2447 711 2502 M.
731 2444 850 2502 FURIO
869 2445 1044 2502 CAMILLO

26 2521 114 2576 SER.
133 2519 311 2574 SULPICIO
333 2518 463 2572 GALBA
487 2519 540 2574 ET
561 2516 594 2575 L.
615 2517 808 2573 CORNELIO
826 2518 953 2574 SULLA

26 2590 163 2645 PAULO
180 2591 300 2646 FABIO
318 2589 477 2645 PERSICO
496 2590 549 2644 ET
564 2589 595 2647 L.
620 2583 801 2644 VITELLIO
1061 2591 1065 2605 '

25 2665 59 2717 C.
83 2661 222 2717 CESTIO
240 2661 366 2716 GALLO
384 2662 437 2716 ET
453 2663 495 2716 Μ.
515 2661 697 2716 SERVILIO
714 2661 890 2717 NONIANO

25 2737 60 2790 0.
81 2731 253 2789 PLAUTIO
271 2734 324 2788 ΕΤ
346 2733 429 2789 SEX.
448 2731 609 2788 PAPINIO
627 2733 822 2788 GALLIENO

25 2805 90 2864 CN.
111 2805 336 2866 ACERIIONIO
353 2803 530 2862 PROCULO
548 2805 602 2860 ΕΤ
618 2807 650 2860 C.
669 2806 812 2864 PONTIO
829 2805 993 2864 NIGNINO
1011 2807 1112 2864 COSS.

506 2995 700 3072 carue
754 2997 785 3050 1.

112 3121 172 3188 Cn.
196 3123 372 3202 ¹Domitius
404 3131 439 3187 et
466 3120 624 3186 Camillus
656 3122 896 3186 Scribonianus
928 3125 1137 3188 consulatum
1168 3126 1253 3189 inie-

21 3215 119 3284 rant,
149 3225 252 3290 quum
280 3205 399 3269 Caesar
425 3209 593 3286 tramisso,
626 3205 715 3289 quod
738 3205 882 3290 Capreas
912 3216 946 3268 et
972 3207 1174 3270 Surrentum
1203 3211 1254 3270 in-

20 3291 160 3370 terluit,
192 3293 280 3352 freto
302 3289 517 3374 Campaniam
545 3290 767 3376 praelegebat,
796 3291 971 3376 ambiguus
993 3311 1033 3352 an
1056 3291 1181 3354 Urbem
1201 3294 1254 3353 in-

20 3381 149 3452 traret,
172 3393 242 3450 seu,
263 3376 340 3458 qnia
362 3383 478 3438 contra
498 3372 732 3450 destinauerat,
755 3376 900 3454 speciem
919 3372 1055 3437 venturi
1076 3375 1253 3456 simulans3

18 3467 57 3522 et
81 3477 183 3540 saepe
204 3459 239 3518 in
266 3460 455 3542 propinqua
486 3455 666 3543 digressus,
699 3455 798 3518 aditis
824 3459 916 3520 iuxta
945 3455 1098 3520 Tiberim
1131 3457 1252 3536 hortis,

16 3562 103 3604 saxa
126 3561 263 3602 rursum
285 3548 319 3602 et
338 3539 551 3603 solitudinem
571 3542 673 3602 maris
704 3541 842 3621 repetiit
862 3537 991 3624 pudore
1024 3543 1187 3606 scelerum
1219 3551 1253 3605 ct

15 3623 215 3704 libidinum,
237 3626 356 3704 quibus
378 3624 460 3686 adeo
481 3623 651 3686 indomitis
673 3631 855 3701 exarserat,
887 3631 926 3686 ut
952 3645 1047 3688 more
1075 3627 1169 3713 regio
1192 3647 1253 3710 pu-

16 3711 101 3771 bem
125 3709 303 3793 ingenuam
332 3709 458 3790 stupris
491 3708 668 3790 pollueret.
712 3706 784 3770 Nec
815 3711 958 3770 formam
985 3717 1114 3772 tantum
1142 3721 1176 3772 et
1197 3709 1253 3772 de-

14 3811 107 3855 cora
131 3811 287 3874 corpora,
309 3790 367 3853 sed
388 3795 424 3852 in
445 3789 497 3852 his
519 3791 700 3854 modestam
722 3792 915 3874 pueritiam,
938 3791 973 3852 in
994 3793 1068 3854 aliis
1090 3794 1252 3882 imagines

14 3877 195 3938 maiorum
233 3875 485 3938 incitamentum
518 3873 684 3958 cupidinis
713 3874 863 3938 habebat.
912 3875 1073 3958 Tuncque
1104 3879 1251 3958 primum

12 3963 143 4046 ignota
175 3965 251 4020 ante
287 3958 446 4024 vocabula
475 3970 608 4040 reperta
647 3967 725 4022 sunt
752 3958 949 4022 sellariorum
982 3967 1016 4019 et
1041 3961 1252 4038 spintriarum

13 4065 60 4108 ex
100 4039 258 4102 foeditate
284 4041 350 4102 loci
382 4061 420 4103 ac
448 4042 627 4124 multiplici
654 4043 834 4123 patientia;
869 4042 1115 4124 praepositique
1147 4045 1250 4122 servi,

11 4126 82 4210 qui
106 4135 317 4208 quaererent,
345 4125 592 4206 pertraherent,
619 4124 706 4188 dona
726 4128 762 4186 in
783 4133 968 4208 promptos,
998 4128 1103 4190 minas
1132 4125 1250 4188 adver-

10 4227 101 4273 sum
130 4205 312 4271 abnuentes
341 4215 386 4286 et,
422 4209 450 4270 si
473 4211 664 4271 retinerent
696 4209 901 4292 propinquus
930 4215 988 4268 aut
1009 4227 1139 4288 parens,
1169 4211 1252 4292 vim,

9 4299 143 4376 raptus
169 4311 291 4379 suaque
320 4290 384 4376 ipsi
405 4291 502 4354 libita
522 4291 616 4357 velut
636 4293 672 4356 in
693 4300 806 4376 captos
834 4291 1042 4356 exercebant.
