2904 4798
318 215 460 281 CAPUT
482 217 557 284 Vll.
582 217 674 281 V111.
698 217 750 296 (A.
767 217 807 284 U.
824 217 896 285 785.
920 221 957 284 A.
975 218 1010 285 C.
1025 221 1091 298 37.)
1253 221 1316 287 485

524 383 718 438 anrur
779 386 887 438 vrrr.

176 510 262 572 Nem
285 530 322 572 ee
344 518 549 594 tempestate,
570 532 634 592 que
655 511 766 574 Seiani
788 515 968 576 amicitiam
990 516 1094 576 ceteri
1122 515 1204 575 falso
1236 533 1314 577 exu-

93 603 207 672 erant,
246 613 345 656 eusus
377 601 427 656 est
454 594 562 676 Eques
594 594 760 662 Romarm
789 595 838 656 Μ.
872 591 1052 658 Terentius
1088 597 1130 658 ob
1161 595 1197 658 id
1224 615 1314 673 reus,

92 677 248 758 amplecti
279 675 321 736 ed
351 675 439 739 hunc
470 675 607 739 modum
643 675 731 760 apud
764 687 915 742 senatum
937 677 1118 742 ordiendo:
1151 679 1315 743 Fortunae

92 760 218 841 quidem
248 779 332 822 meae
363 758 509 842 fortasse
538 763 641 824 minus
671 762 831 842 expediat,
864 781 1039 844 agnoscere
1077 765 1192 826 crimen
1223 781 1314 846 quom

92 843 246 906 abnuere:
273 843 330 906 sed
348 852 508 926 utcunque
535 863 651 908 casura
672 863 723 906 res
744 853 804 924 est,
827 845 968 926 fatebor,
1004 857 1036 908 et
1063 846 1167 926 fuisse
1187 867 1232 909 me
1252 845 1322 924 Se,

92 929 169 990 iano
189 927 329 999 animm,
353 935 396 1005 et,
417 936 454 990 ut
475 945 581 1006 essem,
602 931 771 1009 expetisse,
794 942 837 1008 et,
856 939 1025 1012 postquam
1052 931 1187 1010 adeptus
1219 949 1312 1006 eram,

93 1009 255 1074 laetatum.
305 1008 451 1074 Viderom
472 1009 625 1093 collegam
643 1015 751 1092 patris
762 1013 911 1094 regendis
921 1015 1098 1094 praetoriis
1115 1013 1313 1090 cohortibus,

90 1113 164 1156 moa
187 1093 286 1158 Urbis
306 1102 338 1154 ct
359 1093 492 1158 militiae
511 1097 618 1157 munio
639 1097 733 1158 simul
751 1095 924 1160 obeuntem.
967 1097 1062 1160 Illius
1082 1099 1260 1180 propinqui
1283 1106 1315 1156 et

91 1175 216 1258 affines
238 1175 412 1239 bonoribus
433 1177 655 1258 augebantur:
676 1187 713 1240 ut
734 1181 868 1261 quisque
888 1177 1008 1243 Seiana
1030 1182 1170 1259 intimus,
1202 1183 1251 1244 ito
1272 1179 1315 1240 ud

84 1259 243 1324 Caesaris
264 1261 435 1323 amicitiam
457 1262 600 1323 validus.-
629 1271 751 1332 contra,
780 1262 897 1344 quibus
925 1264 1072 1344 infensus
1104 1273 1198 1343 esset,
1230 1273 1315 1326 metu

90 1363 132 1406 ac
158 1342 311 1409 sordibus
340 1343 623 1424 conflictabantur.
684 1345 753 1408 nec
786 1365 960 1428 quenquam
998 1347 1137 1428 exemplo
1173 1365 1312 1410 assumo:

89 1437 235 1505 cunctos,
257 1428 312 1510 qui
332 1429 494 1490 novissimi
516 1427 644 1491 consilii
664 1438 808 1509 expertes
829 1428 959 1509 fuimus,
986 1450 1050 1494 meo
1081 1435 1177 1494 unius
1192 1431 1312 1495 discri-

88 1514 174 1575 mine
194 1509 369 1589 defendam.
413 1511 488 1572 llon
520 1513 599 1574 enim
625 1509 775 1574 Seianum
801 1513 1039 1592 Vulsiniensem,
1072 1515 1129 1576 sed
1156 1512 1315 1577 Claudiae

87 1604 123 1657 et
144 1595 244 1658 Iuliae
264 1593 372 1656 domus
391 1604 523 1674 partem,
549 1613 631 1676 quas
661 1594 834 1675 affinitate
854 1606 1079 1676 occupauerat,
1109 1607 1204 1676 tuurn,
1235 1595 1313 1662 an-

88 1699 157 1756 sar,
184 1697 343 1760 generum,
375 1680 424 1740 tui
454 1677 640 1740 consulatus
667 1681 796 1756 socium,
826 1688 883 1742 tua
911 1679 1033 1760 officia
1061 1684 1095 1743 in
1129 1679 1314 1760 republica

88 1769 299 1842 capessentem
322 1757 508 1824 colebamus.
549 1761 626 1822 Non
647 1771 695 1824 est
722 1771 864 1824 nostrum
894 1766 1071 1842 aestimare,
1100 1783 1186 1846 quem
1214 1783 1313 1844 supra

87 1855 212 1908 ceteros
242 1853 273 1905 et
295 1843 410 1924 quibus
438 1843 604 1908 decausis
632 1845 779 1908 extollas.
825 1843 900 1910 Tibi
927 1866 1070 1909 summum
1100 1866 1200 1908 rerum
1229 1846 1313 1909 iudi-

89 1931 172 1992 cium
198 1929 245 1990 dii
274 1927 402 1988 dedere:
436 1925 530 1989 nobis
560 1927 706 2010 obsequii
732 1929 842 2010 gloria
869 1929 983 1992 relicta
1016 1940 1076 1993 est.
1126 1929 1314 2009 Spectamus

84 2033 199 2094 porra,
222 2031 302 2094 quae
325 2029 428 2072 caram
449 2009 617 2083 labentur,
641 2015 693 2076 cui
713 2031 753 2073 ex
775 2020 806 2073 te
826 2011 915 2091 opes,
935 2012 1082 2092 latiores,
1110 2017 1183 2094 quis
1208 2013 1313 2093 pluri-

87 2115 138 2158 ma
160 2095 292 2158 iuvandi
312 2093 485 2155 nocendive
503 2095 668 2171 potentia.-
695 2113 775 2176 quoe
795 2093 918 2158 Seiano
940 2093 1044 2173 fuisse
1067 2113 1155 2156 nemo
1176 2113 1314 2176 negaue-

89 2181 146 2240 rit.
170 2173 328 2248 ,Abditas
349 2173 516 2253 Principis
536 2192 647 2236 seusets
669 2184 711 2252 et,
733 2176 764 2236 si
783 2175 863 2256 quid
881 2175 1040 2237 occultius
1059 2185 1168 2255 parat,
1204 2177 1313 2256 ecqui-

88 2279 172 2337 rere,
193 2259 351 2336 illicitum,
374 2275 505 2336 anceps:
533 2275 592 2318 nec
611 2256 683 2318 ideo
710 2275 891 2337 assequare.
934 2258 994 2334 Ne,
1015 2253 1055 2319 Ρ.
1080 2255 1135 2332 G,
1175 2255 1314 2320 ultimum

87 2343 205 2408 Seiani
227 2343 317 2414 diem,
339 2341 396 2402 sed
415 2340 547 2402 sedecim
569 2358 670 2404 annos
692 2342 926 2424 cogitaveritis.
969 2337 1079 2402 Etiam
1101 2335 1244 2404 Satrium
1266 2349 1314 2402 at·
1416 2403 1420 2410 ,

88 2445 151 2509 que
169 2421 373 2506 Pomponium
396 2421 635 2498 venerabamur,-
657 2421 786 2486 libertis
802 2441 927 2505 quoque
954 2441 993 2484 ac
1020 2421 1214 2486 ianitoribus
1246 2425 1315 2487 eius

86 2518 262 2585 notescere,
293 2527 354 2588 pro
385 2507 556 2590 magnifico
590 2505 823 2586 accipiebatur.
872 2505 958 2577 Quid
989 2504 1089 2588 crgo?
1121 2505 1314 2569 indistincto

89 2591 169 2654 baec
190 2592 335 2670 defensio
357 2599 387 2651 et
413 2589 593 2670 promiscua
622 2587 780 2652 dabitur!
789 2607 791 2614 ·
817 2589 911 2651 Immo
938 2591 1037 2652 iustis
1067 2591 1207 2653 tenninis
1234 2591 1314 2653 dioi-

88 2677 197 2738 datur.
241 2673 382 2738 Insidiae
402 2676 437 2735 in
459 2691 521 2735 rem
541 2671 710 2754 publicam,
734 2672 870 2735 consilia
892 2671 1000 2735 caedis
1027 2671 1191 2734 adeersum
1217 2673 1313 2754 impe-

91 2761 442 2839 ratorempunianiur:
463 2756 665 2820 deamicitia
687 2765 719 2818 et
739 2753 870 2836 officiis
891 2755 969 2820 idem
998 2755 1075 2838 finis
1103 2764 1134 2818 et
1159 2765 1200 2834 te,
1234 2753 1314 2838 Cae-

90 2864 157 2916 sar,
179 2851 210 2905 et
231 2861 290 2904 nos
311 2839 493 2903 absolverit.

162 2947 186 2998 1.
205 2940 276 2996 Nam
293 2957 326 2994 ea
345 2945 498 3008 tenpestate
522 2943 576 2994 cet.
604 2941 642 2992 cf.
667 2939 703 2993 eb
719 2945 748 3005 1,
773 2941 819 3006 ul,
840 2944 864 2995 l.
889 2939 1027 3005 etate,
1049 2943 1072 2994 1.
1112 2972 1143 2982 -
1170 2955 1251 2996 aum
1276 2949 1315 2994 eet

88 3019 179 3084 Eques
198 3013 343 3080 manue,
371 3013 416 3069 M.
438 3011 579 3066 Terentius
602 3019 658 3066 cet.
683 3013 720 3066 ci.
746 3009 801 3064 Dic
819 3011 864 3076 68,
883 3012 926 3066 19.
952 3042 985 3052 -
1009 3011 1134 3076 amplecti
1157 3011 1315 3078 auantiae,

89 3089 140 3142 cui
158 3101 254 3139 erum
273 3083 440 3156 opponitur.
476 3082 637 3150 „Amplecti
654 3090 684 3136 et
701 3082 855 3150 amplexari
871 3080 985 3147 aliquem
1008 3087 1037 3133 et
1055 3079 1160 3148 aliquid
1186 3100 1231 3152 ep.
1252 3082 1312 3136 Cic.

89 3167 136 3216 est
154 3159 234 3212 omni
253 3159 367 3210 ratione
385 3145 586 3225 coleressique
604 3151 737 3220 studere,
755 3153 828 3206 hinc
845 3152 973 3217 laudere,
992 3151 1125 3222 probare,
1152 3153 1314 3208 defendere.

88 3229 233 3308 Ambigue
252 3226 363 3281 dictum
381 3227 506 3293 amplecti
524 3223 723 3293 rempublicam
738 3241 783 3295 ap.
798 3223 859 3280 (lic.
877 3240 906 3293 p.
921 3221 1000 3278 Flac.
1013 3225 1142 3282 limam
1158 3232 1201 3278 est
1214 3241 1316 3279 curare

89 3317 200 3384 remp.
220 3302 303 3370 eique
321 3297 484 3364 consulere,
503 3305 531 3352 et
548 3297 702 3368 pecaniam
720 3295 757 3348 ed
775 3313 805 3350 se
823 3292 955 3365 repere.“
973 3293 1039 3349 Ern.
1061 3295 1134 3348 cler.
1155 3295 1215 3349 Cic.
1233 3297 1314 3362 „Am-

86 3375 182 3443 plecte,
202 3379 235 3424 ut
253 3368 479 3438 καταλαμβάνειν,
499 3367 750 3440 apocrisiariatus,
768 3367 965 3438 προςέχεσθαι,
990 3363 1106 3420 diverso
1132 3384 1218 3421 sensu
1242 3367 1316 3420 diei-

89 3455 150 3510 tur,
168 3441 362 3530 pransum-ba
380 3441 484 3496 subiun
527 3447 599 3494 ntur
615 3448 645 3493 et
663 3437 839 3504 cohaerent,
865 3455 893 3493 v.
914 3453 938 3490 c.
958 3435 1086 3503 amplecti
1103 3439 1200 3492 anima
1219 3445 1249 3492 et
1267 3454 1315 3493 cc·

113 3517 235 3569 itetrone
261 3515 387 3568 ciuitates
404 3512 440 3567 ad
463 3459 656 3589 suffigendum
738 3552 744 3566 .
764 3511 799 3566 ib
817 3526 863 3579 pr.
882 3507 1094 3575 rempublicam,
1120 3517 1153 3562 ut
1171 3517 1314 3577 servetur,

89 3537 166 3642 finn-
187 3587 232 3652 15,
249 3587 293 3643 59.
329 3583 436 3638 nimium
453 3599 552 3651 remp.
579 3589 613 3635 ut
631 3581 690 3635 diri
713 3579 1154 3652 ietur,ep.Gic.p.Flsc.18.
1192 3595 1316 3646 magnam

89 3659 257 3723 Brigantum
281 3663 384 3725 partein
406 3661 453 3708 aut
476 3653 593 3709 melaria
617 3660 665 3707 aut
690 3600 770 3720 bello,
797 3651 868 3728 Agr.
889 3651 933 3719 17,
963 3668 1037 3722 quae
1067 3652 1125 3705 iem
1153 3649 1262 3704 Pichon
1287 3661 1316 3706 et

90 3728 203 3786 Buchn.
233 3738 313 3784 recte
341 3727 525 3798 interpretati
552 3732 636 3780 sunt:
668 3727 740 3783 Quae
765 3723 884 3777 uictoria
902 3724 1038 3790 amplexus
1056 3729 1105 3789 eet,
1132 3739 1165 3775 eo
1187 3722 1315 3788 obtinuit,

89 3818 160 3873 quae
176 3800 256 3866 bello,
271 3799 444 3868 percucurrit
462 3804 561 3851 tortium
573 3813 607 3850 ac
619 3797 748 3864 uastant,
766 3811 818 3848 non
835 3793 994 3848 continuit.“
1015 3793 1123 3849 Wolclt.
1144 3792 1257 3878 edAgr.
1269 3797 1313 3851 2⁵.

90 3875 193 3946 peut.
213 3871 257 3926 Gi.
267 3871 337 3938 edi,
349 3873 393 3936 47,
402 3873 429 3927 2.
449 3897 482 3910 -
494 3869 629 3924 Fortunae
645 3869 747 3937 amdan
755 3883 828 3920 neae
842 3874 896 3922 cet.
916 3866 1007 3932 „Tota
1019 3863 1092 3918 haec
1105 3863 1239 3919 Terentii
1250 3880 1314 3930 ora,-

91 3947 146 4012 tio,
164 3952 198 3998 at
208 3951 237 3998 et
245 3949 338 4008 cause,
357 3943 383 3996 si
394 3941 520 3996 millime
533 3947 576 3995 est
588 3939 637 3992 illi
649 3940 793 4010 Amyntae
801 3937 878 4008 apud
888 3936 970 3990 Cart.
981 3939 1008 4002 7,
1017 3939 1044 4002 1,
1053 3939 1134 4005 ibsq.
1145 3943 1175 3988 et
1182 3935 1312 3990 membre

92 4033 161 4074 sene
179 4015 292 4084 aliquot
310 4019 387 4078 sunt,
407 4031 479 4084 quae
497 4012 574 4066 dices
593 4011 679 4064 illinc
696 4007 864 4065 menslata.“
884 4007 958 4075 Lips.
979 4006 1091 4062 Similis
1110 4007 1202 4060 oratio
1222 4005 1312 4060 Cassii

93 4087 255 4143 Clementis
282 4103 326 4156 ep.
350 4081 436 4141 Dion.
461 4087 507 4151 li,
531 4085 574 4149 9.,
599 4083 656 4138 Iac.
683 4081 765 4139 Gran.
798 4079 844 4134 Cf.
874 4087 903 4133 et
928 4077 1008 4131 curt.
1029 4080 1117 4144 6‚1tt.
1146 4077 1251 4134 Watrt.
1281 4109 1312 4120 -

91 4173 258 4226 unescere:
279 4155 341 4211 edd.
361 4155 427 4209 Ber.
446 4151 537 4211 men.
558 4153 622 4210 nlo.
642 4171 722 4225 seqq.
747 4153 909 4216 adnoscere3
938 4149 988 4204 sed
1016 4149 1130 4203 eaedem
1149 4150 1316 4214 adgnoscere

93 4239 123 4287 et
146 4229 288 4296 adgnitum
312 4227 378 4280 aliie
404 4225 487 4281 locis.
523 4257 556 4270 -
598 4225 726 4280 Viderarn
750 4223 884 4279 Seianum
911 4223 1044 4286 collegam
1069 4221 1159 4289 patrie
1185 4221 1316 4285 regendis

90 4299 244 4370 praetoriis
261 4297 424 4365 cohortibus,
453 4317 483 4352 r.
508 4295 544 4350 eri
562 4301 589 4363 1,
608 4297 636 4363 7,
653 4299 680 4354 3.
700 4303 730 4353 et
757 4289 819 4350 ine
838 4293 892 4348 111.
917 4311 945 4348 r.
964 4291 1082 4346 Datiuus
1105 4291 1261 4348 abiectione.
1281 4323 1313 4334 -

93 4373 238 4430 imbribus
255 4372 433 4438 agitastis,
459 4387 487 4424 r.
507 4369 543 4424 ab
560 4373 586 4436 1,
603 4369 632 4436 3,
649 4370 677 4427 7.
705 4397 736 4406 -
765 4368 804 4422 ad
822 4365 952 4422 Umearie
968 4363 1113 4420 amariae
1131 4364 1249 4430 aolidae,
1276 4363 1314 4418 ci·
