2868 4792
162 223 241 306 ,282
450 269 461 280 .
568 220 813 288 ANNALIUM
838 221 921 288 utu.
943 219 1004 286 111.
1076 271 1079 278 r

610 388 802 446 ossus
861 355 963 446 xxa

223 518 225 529 ·
262 501 352 566 Quae
373 509 545 586 postquam
566 497 605 566 L.
628 498 778 580 Apronio
800 496 890 578 (nam
908 497 1045 560 Camillo
1067 499 1282 575 successerat)
1302 518 1380 562 corn-

63 636 67 655 „
179 593 286 668 perta,
309 590 414 672 magis
435 585 599 649 dedecore
620 601 759 647 suorum
781 603 877 666 quam
899 583 1008 668 gloria
1029 581 1135 646 hostis
1168 585 1283 644 ansius
1311 603 1380 644 raro

180 689 218 731 ea
238 677 432 748 tempestate
454 678 487 730 et
507 689 526 732 e
547 678 660 730 vetere
681 668 841 730 memoria
862 668 1009 728 facinore
1041 663 1207 728 decimum
1235 685 1382 750 quemque

179 754 421 838 ignominiosae
442 751 590 814 cohortis
612 758 703 811 sorte
724 748 840 812 ductos
864 752 941 810 fusti
964 757 1068 811 necat.
1111 747 1319 832 Tantumque
1338 771 1381 809 se-

178 837 324 898 veritate
345 838 543 918 proiectum,
565 835 603 894 nt
614 834 774 895 vexillum
786 841 1034 906 veteranorum,
1057 851 1124 892 non
1141 835 1282 916 amplius
1299 835 1381 910 qnin-

180 920 272 1004 genti
291 939 442 996 numero,
465 917 592 980 easdem
604 915 823 980 Tacfarinatis
842 918 955 999 copias
978 914 1192 1000 praesidium,
1214 919 1269 978 cui
1287 917 1382 978 Tltala

179 1022 311 1080 nomeu,
335 1022 515 1088 ,aggressus
542 999 701 1064 fuderint.
754 1000 824 1064 Quo
854 1001 984 1082 proelio
1014 999 1118 1063 Rufus
1146 999 1289 1062 Helvius
1317 1020 1382 1084 gre·

178 1087 292 1170 garius
312 1087 407 1148 miles
429 1087 555 1148 servati
576 1087 659 1146 civis
682 1081 782 1148 decus
804 1085 920 1144 retulit
948 1083 1154 1166 donatusque
1172 1092 1221 1146 est
1237 1084 1278 1146 ab
1289 1085 1382 1165 Apro·

178 1170 236 1229 nio
258 1169 430 1250 torquibus
452 1179 487 1232 et
507 1168 610 1248 basta.
653 1165 774 1233 Caesar
796 1165 924 1228 eddidit
944 1169 1084 1228 civicam
1107 1185 1286 1246 coronamp
1306 1166 1381 1249 quod

178 1269 245 1312 uon
267 1271 339 1312 eam
361 1271 489 1334 quoque
508 1251 677 1334 Apronius
705 1253 780 1312 iure
808 1252 1015 1333 proconsulis
1044 1251 1227 1329 tribuisset,
1262 1260 1381 1334 questus

177 1336 284 1434 magis
306 1355 400 1417 quam
423 1338 575 1399 offensus.
618 1335 682 1398 Sed
704 1336 910 1410 Tacfarinas,
935 1335 1095 1418 perculsis
1109 1334 1266 1398 Numidis
1285 1345 1315 1397 et
1335 1335 1381 1396 ob-

178 1417 263 1480 sidia
285 1421 547 1502 aspernantibus,
575 1421 703 1508 spargit
731 1419 864 1494 bellum,
892 1420 949 1483 ubi
978 1421 1173 1493 instaretur,
1209 1419 1327 1484 cedens
1351 1439 1382 1480 ac

178 1522 314 1566 rursum
335 1507 371 1564 iu
391 1514 485 1591 terga
508 1525 666 1579 remeans.
711 1505 752 1566 Et
772 1502 852 1566 dum
875 1525 912 1568 ea
933 1506 1021 1566 ratio
1044 1504 1186 1568 barbaro
1208 1507 1285 1586 init,
1314 1507 1382 1566 irri-

178 1593 249 1648 tum
271 1591 457 1669 fessumque
480 1589 661 1652 Romanum
684 1589 819 1670 impune
847 1587 1090 1654 ludificabatur.
1135 1589 1311 1672 Postquam
1336 1589 1383 1650 de·

178 1671 274 1732 flexit
294 1671 336 1734 ad
358 1673 543 1734 maritimos
572 1673 673 1746 locos,
703 1675 852 1756 illigatus
880 1671 1004 1756 praeda
1031 1673 1162 1736 stativis
1193 1675 1312 1734 castris
1336 1673 1384 1734 ad-

177 1753 346 1816 haerebat.
383 1755 493 1818 Missu
513 1757 618 1837 patris
638 1757 808 1840 Apronius
830 1755 1007 1818 Caesianus
1034 1775 1111 1818 cum
1138 1757 1249 1838 equite
1280 1764 1314 1822 et
1338 1777 1383 1816 co-

177 1835 333 1900 hortibus
354 1837 552 1916 auxiliariis‚
574 1841 648 1922 quis
670 1841 895 1904 velocissimos
917 1841 1085 1926 legionum
1106 1836 1294 1918 addiderat,
1315 1860 1383 1920 pro·

176 1939 308 2002 speram
329 1920 505 1986 adversum
528 1923 691 1986 Numidas
713 1944 857 2010 pugnam
878 1925 958 1986 facit
980 1923 1137 2006 pellitque
1157 1927 1193 1984 in
1216 1921 1353 1988 deserta.
1419 1963 1420 1970 .

248 2043 272 2093 1.
291 2039 416 2092 decimum
433 2037 557 2110 quemque
573 2041 770 2107 ignominiosae
788 2039 906 2094 cohortis
922 2049 995 2094 sorte
1014 2042 1106 2093 ductor
1125 2041 1193 2107 fusti
1211 2049 1299 2106 neret,
1317 2060 1343 2094 v.
1356 2041 1385 2094 ad
1416 2047 1420 2082 l

175 2112 203 2175 2,
224 2111 267 2176 85,
287 2115 312 2166 l.
331 2113 359 2177 4,
377 2113 422 2179 24,
442 2117 468 2169 2.
488 2113 525 2166 H.
544 2117 572 2179 2,
592 2116 637 2178 22,
656 2118 682 2172 5.
701 2122 730 2169 et
750 2114 786 2167 G.
806 2116 831 2168 (i.
851 2131 880 2166 u.
902 2117 944 2168 17.
980 2111 1118 2167 Totidem
1135 2113 1225 2167 verba
1244 2113 1384 2167 Sallustia-

175 2199 214 2236 na
233 2181 351 2238 Servius
370 2183 405 2236 ad
423 2187 504 2260 Virg.
523 2184 595 2239 Aen.
614 2189 722 2252 2,,201.
742 2187 830 2252 citnt3
851 2186 924 2252 Lips.
956 2185 1027 2238 Fuit
1045 2193 1140 2239 sutem
1159 2186 1385 2256 antiquissimum
1419 2245 1420 2252 ἵ

176 2254 315 2325 supplicii
334 2273 426 2332 genus
445 2257 580 2326 idemque
598 2257 823 2322 atrocissimum,
841 2266 876 2310 ut
893 2275 959 2312 reus
978 2257 1138 2322 damnatus,
1164 2261 1248 2311 cruci
1266 2258 1386 2329 plerum·

175 2343 231 2396 que
250 2345 300 2380 seu
318 2328 418 2381 furcae
437 2327 586 2406 alligatus,
604 2331 697 2408 virgis
717 2329 886 2383 caederetur
902 2331 938 2382 ad
955 2337 1088 2394 mortem,
1108 2329 1330 2394 (moremniorum
1344 2345 1384 2394 pt-

174 2399 279 2450 niretur
297 2415 343 2472 ap.
364 2397 442 2454 Suet.
462 2401 532 2455 Ner.
552 2400 608 2466 49.)
628 2410 657 2455 et
676 2399 778 2454 deinde
804 2401 899 2455 securi
925 2407 1145 2471 percutereturs
1177 2401 1228 2471 qui
1255 2419 1317 2455 mos
1335 2418 1386 2454 ser·

174 2476 258 2522 vatus
278 2479 321 2523 est
340 2472 371 2524 in
390 2472 562 2525 criminibus
607 2473 778 2538 rarissimis,
804 2471 844 2538 (v.
864 2473 928 2524 Lis.
947 2475 973 2536 2,
993 2477 1019 2528 5.
1039 2477 1066 2537 7,
1088 2475 1126 2527 19.
1146 2474 1191 2538 26,
1211 2475 1255 2528 15.
1275 2477 1319 2538 28,
1337 2472 1385 2536 ts.)

175 2541 207 2593 iu
225 2540 432 2612 perduellibus,
452 2542 531 2608 (biv.
553 2491 639 2610 156.
661 2551 690 2598 st
708 2543 761 2610 al.)
780 2543 812 2598 in
831 2543 1044 2614 stupratoribus
1061 2543 1111 2595 vir
1134 2543 1213 2596 'num
1231 2543 1384 2598 Vestalium

174 2610 254 2678 (hir.
273 2615 318 2678 22,
338 2615 382 2668 47.
401 2612 521 2685 Dionys.
541 2617 567 2680 8,
587 2618 630 2671 89.
650 2619 676 2680 9,
696 2617 756 2682 to.)
776 2623 805 2668 et
823 2616 854 2667 iu
873 2615 990 2668 militia.
1016 2615 1093 2678 (hir.
1159 2615 1215 2682 59.)
1254 2617 1289 2668 ln
1307 2615 1384 2667 buius

175 2683 313 2737 saevitiae
331 2683 428 2738 lorum
447 2688 586 2740 successit
604 2703 673 2740 mox
691 2687 788 2742 lenior
805 2689 891 2754 ratio,
917 2694 950 2738 ut
975 2705 1041 2740 reus
1068 2687 1162 2740 securi
1185 2695 1386 2757 percuteretur

174 2763 240 2808 ante
259 2772 344 2824 quam
369 2757 531 2828 exspiraret
553 2759 604 2811 sub
629 2758 739 2834 virgis,
770 2758 851 2811 euius
875 2759 972 2829 prima
996 2767 1196 2812 memorantur
1219 2759 1352 2828 exempla
1372 2775 1386 2809 a
1419 2785 1420 2798 ι

173 2827 237 2878 Lis.
256 2828 284 2890 2,
303 2829 329 2883 5.
349 2835 378 2881 et
396 2831 439 2884 41.
477 2827 543 2882 Nou
561 2829 681 2883 defuere
700 2837 797 2884 minen
811 2831 862 2900 qui
876 2827 1038 2896 crederent,
1057 2829 1292 2884 verberationem
1304 2833 1386 2883 inisse

92 2922 94 2928 ·
173 2913 264 2974 genus
283 2901 460 2969 quaestionis
479 2908 546 2954 ante
565 2900 661 3023 ipsum
680 2901 857 2972 supplicium
877 2899 1030 2966 adhibitae,
1055 2909 1106 2954 aut
1125 2917 1158 2955 eo
1177 2911 1332 2976 spectasse,
1356 2907 1385 2950 ul

173 2986 241 3022 reus
260 2988 291 3024 se
308 2972 384 3024 rnori
404 2972 537 3026 sentiret.
595 2981 673 3026 ostes
693 2973 760 3048 lege
779 2973 894 3026 Valeria
906 2971 948 3026 ,de
966 2974 1177 3043 provocatione*
1191 2983 1321 3038 cautum,
1345 2990 1385 3034 ue,

212 3041 226 3093 i
243 3051 437 3112 provocasset,
456 3043 550 3120 virgis
569 3043 738 3098 caederetur
755 3045 888 3098 securive
906 3052 1070 3110 necaretur,
1096 3051 1126 3099 et
1150 3045 1215 3122 lege
1234 3045 1335 3100 Porcia
1357 3059 1385 3096 ac

171 3059 623 3252 ae¹ipr⁰¹ii²gwi⁰⁶i¹⁰⁰iibne
647 3115 750 3238 cisReqq¹
766 3123 883 3240 praetqr
899 3115 1016 3242 puiques
1045 3117 1140 3240 virgtis
1168 3115 1253 3240 caedp
1277 3115 1386 3235 licereti

172 3202 200 3238 v.
244 3203 282 3236 rr.
368 3224 375 3238 .
477 3225 484 3238 .
506 3205 520 3242 e
578 3205 614 3240 sc.
656 3225 663 3238 .
708 3205 778 3240 arr.
820 3205 879 3241 er.
918 3225 925 3237 .
989 3204 1041 3242 evo
1065 3207 1101 3242 su
1116 3205 1161 3242 em
1206 3205 1238 3242 os
1253 3205 1374 3243 errorre

151 3257 329 3327 praecipue
347 3224 561 3328 Impeiatorurn
580 3259 611 3312 in
631 3205 739 3312 Attius
757 3207 840 3322 furiis
866 3261 1020 3329 occupavit
1043 3261 1145 3336 virgae
1169 3206 1267 3313 licum
1293 3268 1322 3314 et
1345 3257 1386 3309 in·

172 3328 309 3380 stitutum
328 3335 372 3381 est
390 3331 568 3382 fustuarium
594 3345 634 3384 sc.
653 3329 842 3402 supplicium,
868 3329 1041 3396 (ξυλοκοπία)
1067 3329 1144 3402 quod
1166 3333 1226 3384 fuit
1252 3329 1385 3417 gravissi·
1419 3333 1420 3352 ³

171 3415 251 3450 mum
273 3407 301 3451 et
320 3397 462 3452 urbanum
481 3417 607 3472 quoque,
635 3399 683 3456 sed
701 3401 875 3472 plerumque
894 3401 1032 3456 militare.
1069 3403 1176 3456 Milites
1199 3403 1312 3480 flagitii
1335 3400 1384 3462 rei,

171 3469 300 3521 damuati
319 3477 348 3524 et
367 3488 382 3523 n
400 3469 518 3536 tribuno
535 3475 613 3526 iuste
631 3473 713 3538 tacti,
732 3473 780 3527 vel
800 3475 843 3526 sin
899 3474 908 3524 i
928 3482 957 3530 et
974 3474 1095 3544 aliquot,
1115 3474 1163 3528 sel
1181 3475 1300 3528 decimus
1317 3473 1384 3541 qnis-

171 3557 220 3608 quae
237 3547 310 3592 sorte
330 3541 411 3606 ducti,
437 3543 521 3614 (quae
547 3543 687 3596 decimatio
714 3545 767 3610 est)
792 3545 918 3599 fustibus
943 3546 1076 3617 saxisque
1101 3565 1117 3599 a
1141 3543 1386 3600 commilitonibus

170 3611 234 3682 peti
253 3619 282 3665 et
299 3610 473 3683 plerumque
492 3615 532 3668 ita
550 3615 643 3667 securi
661 3615 710 3670 vel
728 3616 854 3670 fustibus
881 3615 917 3670 ad
935 3635 1034 3672 necem
1058 3617 1137 3671 caedi
1162 3618 1304 3672 solebant.
1340 3615 1385 3668 Di·

171 3699 254 3735 versa
279 3681 313 3734 ab
343 3680 398 3736 hac
422 3701 513 3756 poena
538 3685 658 3757 capitali
683 3695 745 3741 erat
771 3689 933 3765 castigatio,
958 3706 1031 3760 quae
1049 3687 1174 3742 fustibus
1192 3690 1295 3754 fiebat,
1320 3687 1386 3740 baec

170 3755 580 3884 tittt'itltttttt
596 3757 848 3882 ,sqsqchunn
874 3759 983 3885 '¹¹³¹i‘3
1008 3759 1050 3888 ‘ll
1069 3759 1180 3888 Ti*
1197 3759 1387 3884 i⁰¹{⁰‘³·⁰⁸i

169 3895 363 3952 decimatione
380 3899 444 3951 mv.
464 3901 491 3964 s,
510 3904 537 3955 s.
556 3866 632 3953 nuk.
652 3847 688 3954 ia
706 3847 932 3974 ιῑνῗῗρῃῑῖἷιῗ
950 3869 1028 3974 ιι),
1051 3867 1089 3957 'as
1106 3849 1172 3956 usi
1195 3847 1385 3968 nffl'ffri.

169 3969 264 4040 intpp.
283 3968 359 4022 Vell.
378 3972 406 4034 2,
426 3973 469 4026 78.
490 3969 542 4027 Sil.
561 3973 588 4037 6,
607 3975 650 4028 43.
672 3970 751 4026 Gort
771 3974 807 4027 ad
825 3974 900 4027 Plin.
921 3991 964 4046 ep.
984 3977 1011 4038 2,
1032 3979 1076 4040 11,
1094 3978 1120 4032 8.
1146 3976 1222 4046 inpr.
1241 3975 1343 4045 Polyb.
1360 3973 1385 4036 b,

169 4041 298 4097 alt-³8.
330 4047 360 4094 et
384 4041 485 4112 Heyns
508 4043 540 4096 iu
564 4045 664 4116 Opusc.
692 4043 778 4098 Acsd.
803 4045 836 4098 T.
860 4046 914 4100 111.
939 4065 968 4118 p.
988 4049 1040 4103 184
1065 4063 1105 4116 sq.
1138 4047 1210 4111 [oste
1240 4045 1304 4100 edd.
1330 4051 1385 4098 vet.

170 4110 219 4164 sed
243 4111 311 4174 fasti
329 4111 385 4164 MS.
415 4113 485 4168 eddo
505 4113 584 4169 Picb.
611 4123 640 4170 et
666 4133 723 4170 rec.
744 4125 776 4169 ut
794 4121 821 4184 4,
845 4121 889 4174 24.
910 4123 954 4184 lt,
980 4119 1069 4174 844.
1098 4125 1128 4172 et
1146 4137 1190 4190 sp.
1210 4117 1288 4171 Vell.
1308 4119 1336 4182 2,
1355 4117 1387 4169 78

170 4181 318 4261 εκτι.,ιι1ιί
342 4181 401 4236 MS.
427 4185 505 4251 (met,
535 4187 612 4258 quod
638 4186 698 4240 late
721 4187 763 4240 ibi
788 4191 893 4244 asserit
917 4189 1068 4257 Heinsius3
1098 4189 1164 4243 liro.
1200 4185 1248 4242 Sic
1274 4197 1305 4242 et
1323 4185 1385 4248 ciri,

169 4253 264 4314 closae,
283 4253 363 4318 sorti,
381 4257 478 4324 oum,
496 4258 593 4324 ungui,
619 4259 710 4320 imbri,
729 4260 784 4323 ovi,
810 4261 893 4328 posti,
912 4261 991 4323 omui,
1018 4263 1082 4326 igni
1098 4261 1134 4313 al.
1169 4259 1213 4313 Cf.
1232 4260 1267 4313 ad
1287 4261 1324 4314 G.
1344 4261 1384 4314 45.

170 4339 200 4374 n·
222 4325 263 4378 ¹8·
289 4323 382 4394 intpp·
402 4325 461 4380 Sil·
487 4331 513 4395 ⁷2
539 4331 600 4388 3⁶8·
624 4331 653 4394 8,
678 4331 738 4387 ¹²⁵·
765 4335 810 4398 1⁰2
835 4333 895 4388 ‘¹⁶²⁸
928 4331 1064 4388 Ruffiim·
1089 4335 1157 4388 infit·
1183 4333 1284 4388 Grssms
1310 4331 1345 4384 Τ·
1363 4331 1384 4382 1·
1419 4377 1420 4380 ,
