2904 4798
185 184 249 250 tte
577 181 819 252 ANNALIUM
848 187 934 250 Llli.
958 185 1002 248 V.

184 349 286 404 liviae
304 349 432 427 smguis,
450 348 616 428 Agrippina
633 369 671 406 ex
686 351 763 408 iulia
781 353 898 439 seuquiis
916 351 1055 430 August&
1079 349 1157 422 Lipe.
1179 383 1213 394 -
1249 367 1405 404 communes

182 427 365 493 pronepotes.-
383 419 547 500 Agrippina
566 424 654 490 euim,
675 423 843 479 Germanici
862 441 945 490 uxor,
972 425 1071 495 neptis
1090 431 1153 478 erat
1170 421 1306 500 litigasti,
1331 423 1405 477 Ger-

184 495 314 550 manicus
333 503 422 564 nepos
439 493 555 562 Liviam
573 495 656 550 Brot.
677 527 709 538 -
745 501 839 551 meter
856 496 1004 566 impotens,
1024 501 1178 550 utcontra
1203 511 1278 547 neor
1294 495 1404 562 facitis.

182 585 212 623 v.
231 565 267 620 ad
284 569 312 632 i,
330 567 375 628 57,
394 567 419 620 3.
441 573 471 618 et
488 569 515 630 d,
535 569 580 634 tt,
599 570 625 623 1.
645 569 701 636 „ci
721 567 800 622 Suet.
821 567 894 644 Aug.
914 571 958 624 ll·
983 569 1061 638 iupr.
1081 565 1137 621 Dio
1155 569 1200 634 58,
1218 569 1244 622 2.
1272 567 1325 636 qui
1350 565 1407 619 boc

184 637 263 692 iuter
279 633 525 714 apophthegmata
544 639 606 692 eius
624 648 770 694 recenset:
803 639 1005 706 interrogante
1022 639 1153 708 quodum,
1173 653 1229 708 quo
1245 639 1362 690 ratione
1379 645 1405 690 et

183 716 247 764 orte
271 709 433 778 Augustum
457 709 500 762 ito
523 709 581 763 eidi
604 709 778 766 devinxisset
801 727 835 765 ec
861 727 950 781 poene
974 709 1148 776 subiecisset,
1179 699 1337 778 respondit,
1366 707 1406 762 ὅτι

183 775 251 848 αὐτή
273 797 301 833 se
325 777 442 845 ἀκριβῶς
465 787 663 851 σωφρονοῦσα,
689 785 737 836 καὶ
760 783 853 836 πάντα
871 778 904 835 ιὰ
922 779 1057 836 δοκοῦντα
1076 779 1150 850 αὐτῷ
1167 776 1254 848 ἡδέως
1277 785 1405 837 nuseium

183 853 231 905 eui
255 851 324 924 μήτε
348 847 415 904 oi‘iio
440 869 465 904 u
493 855 541 906 τοῦ
564 851 670 908 ἐκείνου
695 855 981 926 πολυπραγιιονοῡσα,
1009 855 1056 906 καὶ
1080 849 1113 905 τὰ
1141 849 1296 940 ‹ippodlem
1321 849 1405 906 αὐτοῦ

183 921 331 996 ἀθύρματα
348 921 417 996 μήτε
435 905 620 978 aturensium
640 909 860 994 apos-nomiae&
879 925 956 994 Lt'pe.
995 923 1059 990 „De
1084 925 1142 977 insi
1186 943 1197 976 ι
1223 925 1286 977 eius
1316 927 1406 977 comi-

182 1003 253 1062 tate,
271 995 427 1068 prudentia
451 1011 614 1074 magnoque
637 999 735 1052 auimo
757 1015 784 1051 v.
810 997 933 1054 Macrob.
960 995 1018 1050 Sat.
1038 999 1065 1060 2,
1084 999 1109 1052 5.
1150 1013 1195 1051 en.
1216 993 1253 1049 de
1271 995 1360 1052 clem.
1377 1001 1404 1060 1,

181 1069 210 1124 e.
230 1075 260 1122 et
278 1068 386 1122 consol.
405 1065 441 1120 ad
460 1069 547 1124 Marc.
567 1071 594 1124 2.
614 1071 640 1124 3.
661 1069 710 1126 4.“
727 1071 806 1124 Mur.
827 1097 860 1108 -
897 1083 959 1120 cum
977 1067 1090 1121 ortibus
1107 1066 1210 1120 meriti
1229 1073 1260 1120 et
1277 1069 1319 1130 (r.
1341 1067 1403 1120 lnd.

182 1139 237 1196 111.
256 1157 283 1196 r.
302 1137 459 1210 Aeyndeto)
477 1139 661 1194 simulatione
677 1139 735 1207 filii
753 1141 820 1195 bene
835 1139 1001 1208 compotita,
1020 1137 1158 1192 adhibens
1177 1137 1295 1191 modum
1357 1157 1405 1192 an-

182 1211 248 1266 dam
273 1227 307 1266 ac
331 1219 595 1282 temperamentum
623 1214 702 1266 inter
725 1221 803 1268 artes
827 1212 952 1288 Augusti
981 1210 1256 1278 simulationemque
1279 1208 1319 1262 Ti
1340 1211 1404 1272 erii,

182 1281 252 1336 adeo
276 1289 310 1334 ut
342 1298 409 1336 cum
440 1290 566 1352 utroque
589 1283 655 1338 tene
678 1285 831 1354 composito
857 1283 1021 1355 potentiam
1049 1281 1306 1336 etauctoritatem
1332 1281 1405 1350 apud

181 1353 259 1424 ipsos
287 1355 521 1417 conservaverim
553 1353 632 1408 Picis.
669 1355 891 1428 „Interpretors
925 1361 954 1408 et
980 1354 1096 1418 morito,
1122 1353 1170 1405 cui
1195 1361 1259 1405 erat
1282 1353 1404 1406 difficile

180 1423 300 1494 probari
320 1433 350 1478 et
366 1425 437 1478 bene
456 1434 654 1496 comparatum
671 1423 781 1494 baberi,
801 1428 862 1481 sive
880 1427 891 1478 i
914 1425 948 1490 si,
968 1427 1029 1478 sive
1043 1441 1096 1495 per
1113 1425 1219 1476 fernam
1234 1423 1271 1476 ob
1287 1441 1404 1502 maumas

181 1495 429 1566 multiplicesque,
448 1495 597 1550 interdum
616 1497 773 1574 ambiguas,
801 1515 884 1569 saepe
920 1513 988 1550 onas
1007 1497 1069 1550 eius
1087 1501 1178 1560 ertes3
1207 1503 1237 1548 et
1254 1495 1328 1564 filio,
1356 1495 1405 1548 Ti·

181 1565 273 1632 berio,
299 1585 387 1638 quem
406 1567 618 1622 dissociabilem
637 1578 667 1622 et
685 1571 840 1623 molestum
860 1567 997 1622 reddebat
1015 1574 1091 1621 tecta
1109 1575 1138 1620 et
1152 1567 1274 1620 obscura
1293 1573 1403 1632 natura,

181 1639 269 1692 unice
291 1639 480 1708 respondens,
515 1641 701 1705 conveniens,
729 1641 817 1718 dig-na
841 1642 903 1694 visa
929 1639 1064 1740 et‘mmi
1088 1655 1104 1692 e
1128 1638 1198 1690 fatis
1216 1637 1305 1702 lecta,
1335 1655 1404 1720 quae

181 1710 1231 1859 liliffltffttizltti‘silletensis,immobili
1249 1717 1404 1850 ml

182 1857 259 1916 sunt,
279 1851 304 1904 si
322 1852 387 1921 pari
406 1859 473 1903 sunt
491 1859 553 1906 arte
572 1861 602 1907 et
619 1855 769 1932 pugnandi
788 1855 969 1910 dexteritate.
996 1851 1045 1906 Sic
1063 1799 1130 1906 dene
1148 1853 1335 1920 compositum
1350 1869 1405 1920 par

180 1939 225 1994 ap.
246 1922 346 1978 llorat.
367 1921 424 1978 Sat.
446 1927 470 1988 1,
491 1925 518 1990 7,
538 1927 582 1982 ts.
619 1925 696 1980 Hinc
715 1925 822 1982 Seneca
847 1927 882 1980 de
908 1941 994 1996 prov.
1014 1941 1038 1978 c.
1058 1927 1084 1980 1.
1104 1923 1154 1976 ubi
1171 1941 1228 1994 per
1244 1933 1343 1978 totum
1363 1924 1404 1976 lo-

181 2011 248 2047 cum
266 1993 318 2048 sub
336 1993 389 2046 illa
408 1995 536 2070 isnagine
554 1996 765 2052 verbisludit:
784 1999 856 2051 Ecce
872 2013 928 2066 per
946 1997 998 2050 deo
1017 1995 1144 2064 dignum,
1172 1995 1219 2047 uir
1236 1996 1328 2062 fortir
1344 2011 1404 2048 cen

180 2066 258 2118 molo
275 2067 393 2133 fortune
411 2062 590 2134 compotitur.
628 2069 726 2145 Igitur
749 2069 893 2124 sententia
919 2067 1006 2121 huius
1032 2067 1090 2120 loci
1109 2074 1162 2132 est,
1181 2065 1296 2120 Liviam
1315 2067 1404 2121 talem

179 2137 282 2202 fuisse,
302 2135 417 2208 qualem
437 2155 499 2191 essa
518 2141 689 2210 oportuerit,
716 2139 1005 2194 ut'consuetudinem
1029 2155 1095 2191 cum
1118 2138 1225 2192 morito
1243 2138 1357 2192 artibus
1376 2147 1404 2192 et

180 2209 343 2262 calliditate
360 2209 448 2280 pleno
467 2216 581 2262 etcum
599 2211 659 2276 tilio
677 2210 824 2265 abstrusae
842 2209 1037 2264 simulationis
1055 2209 1127 2264 bene
1145 2209 1290 2263 toleraret
1302 2217 1331 2263 et
1344 2213 1404 2262 sine

181 2279 325 2334 offensae
348 2287 419 2344 eret,
445 2278 474 2336 b.
496 2297 521 2335 e.
551 2289 581 2336 et
605 2283 696 2354 ipsam
721 2283 856 2336 callidem
876 2289 906 2336 et
930 2281 1125 2336 simulationis
1143 2298 1263 2358 gnaram
1282 2280 1403 2334 aanor

184 2349 292 2406 Watet.
336 2351 1116 2432 1111111117.Αςτ.4.η.ὄ.0.16.η.3.-
1153 2351 1403 2406 Funueeiusmo-

181 2422 284 2488 dicum,
304 2429 501 2476 testamentum
519 2425 568 2477 diu
587 2425 706 2478 irritum
724 2425 791 2494 feeit,
811 2427 848 2480 ci.
868 2423 924 2478 Dio
942 2427 987 2490 ⁵8,
1006 2427 1033 2480 l·
1053 2423 1132 2479 Suet.
1150 2422 1215 2480 Tib.
1241 2439 1266 2477 c.
1287 2427 1333 2479 ὅθ.
1359 2427 1401 2479 51.

180 2495 340 2572 „Caligula
364 2494 480 2548 tandem
506 2495 534 2550 le
573 2505 602 2550 ta
627 2513 663 2550 ex
690 2503 863 2552 testamento
882 2497 943 2550 eius
962 2512 1029 2548 cum
1047 2496 1104 2550 fide
1122 2511 1157 2548 ac
1175 2495 1239 2548 sine
1256 2495 1403 2550 calumnia

180 2573 397 2636 repraesentate
414 2567 567 2636 persolvit.
587 2583 615 2620 v.
637 2566 714 2624 Suet.
735 2569 795 2622 Cal.
816 2571 858 2625 16.
879 2577 909 2623 et
925 2565 981 2620 Dio
999 2569 1045 2634 59,
1065 2565 1112 2624 2·“
1135 2563 1242 2620 Woitb.
1263 2593 1296 2606 -
1327 2563 1404 2620 Loe-

180 2637 251 2691 dnto
270 2641 313 2690 eet
328 2653 383 2704 pro
402 2637 509 2691 rostris
528 2655 546 2692 o
564 2637 597 2692 0.
617 2639 751 2706 caesare,
772 2639 915 2715 Caligula,
933 2645 1096 2706 pronepote,
1114 2655 1143 2691 r.
1159 2637 1195 2692 ad
1213 2640 1306 2706 2¹81,
1327 2643 1355 2694 1.
1373 2645 1402 2692 et

180 2709 220 2762 ci.
239 2706 317 2763 Suet.
337 2707 398 2766 cal.
418 2711 462 2766 1⁰.
484 2737 517 2750 -
553 2709 603 2781 qui
619 2727 684 2764 moa
701 2727 796 2765 rerum
811 2711 920 2780 potitus
940 2715 991 2776 eet,
1010 2711 1049 2763 ei.
1068 2708 1104 2765 ed
1122 2713 1149 2777 1,
1167 2712 1196 2778 ὅ,
1213 2713 1240 2766 ὅ.

645 2852 837 2910 CAPUT
890 2853 943 2910 11.

261 2961 306 3024 As
334 2961 504 3040 Tiberius,
535 2961 624 3046 quod
651 2965 815 3044 supremis
845 2967 881 3024 in
907 2971 1049 3026 matrem
1082 2961 1199 3024 iudiciis
1228 2959 1400 3038 defuisset,

181 3043 267 3106 nihil
288 3053 414 3106 mutata
446 3048 646 3108 amoenitate
675 3049 775 3126 uitae,
805 3045 1069 3134 magnitudinem
1095 3047 1309 3133 negotiorum
1342 3065 1402 3128 per

179 3127 295 3190 literas
318 3131 496 3206 excusavit,
530 3129 743 3211 honoresque
774 3131 955 3192 memoriae
987 3133 1059 3190 eius
1087 3131 1128 3190 ab
1161 3138 1279 3192 senatu
1309 3129 1402 3216 large

179 3209 332 3274 decretos
354 3213 447 3294 quasi
472 3231 533 3295 per
562 3211 757 3274 modestiam
783 3213 963 3290 imminuit,
995 3215 1110 3296 paucis
1138 3209 1320 3274 admodum
1350 3231 1402 3273 re-

179 3295 282 3376 ceptis
316 3305 350 3356 ct
381 3293 505 3374 addito,
545 3316 584 3358 ne
616 3295 762 3359 coelestis
794 3297 910 3379 religio
945 3295 1183 3358 decerneretur:
1221 3297 1269 3358 sic
1302 3299 1401 3376 ipson

179 3377 336 3442 moluisse.
361 3379 468 3444 euin
490 3387 523 3441 et
552 3387 648 3462 perte
677 3376 824 3442 eiusdem
854 3380 1012 3462 epistolae
1040 3381 1210 3462 increpuit
1235 3380 1401 3440 amicitias

179 3461 372 3538 muliebres,
405 3461 534 3524 Fufium
565 3463 736 3526 consulem
770 3463 901 3546 oblique
932 3465 1174 3549 perstringens.
1223 3461 1256 3524 Is
1291 3466 1403 3546 gretia

179 3541 349 3628 Augustae
369 3545 542 3624 floruerat,
569 3555 665 3627 aptus
694 3545 876 3608 alliciendis
905 3549 1103 3609 seminarum
1133 3548 1266 3616 animis,
1306 3545 1402 3606 dicax

180 3623 268 3686 idem
301 3635 335 3688 et
365 3625 542 3690 Tiberium
581 3629 710 3690 acerbis
750 3631 876 3691 facetiis
915 3629 1060 3692 irridere
1093 3630 1223 3708 solitus,
1260 3649 1403 3711 quarum

180 3707 269 3792 apud
312 3717 523 3791 raepoteutes
546 3713 580 3771 in
603 3713 740 3794 longum
762 3715 923 3774 memoria
945 3721 1003 3775 est.

251 3795 277 3848 1.
322 3791 439 3858 iberiae,
495 3793 533 3847 od
550 3795 687 3862 supremis
705 3795 737 3847 in
755 3801 874 3850 matrem
891 3795 996 3862 officiis
1013 3793 1053 3862 (v.
1068 3793 1104 3848 ad
1122 3793 1242 3860 1,8,1.)
1261 3793 1402 3860 defuisset

181 3893 213 3906 -
232 3863 379 3930 coaluisse,
400 3867 439 3918 cf.
486 3865 514 3918 io
532 3867 577 3930 58,
596 3867 621 3921 2.
649 3875 678 3920 et
695 3865 777 3920 Suet.
801 3865 864 3920 Tib.
884 3871 928 3924 51.
949 3897 980 3908 -
1019 3865 1247 3936 magnitudinem
1273 3865 1401 3936 negotio-

180 3947 245 3988 rum
262 3935 415 4002 comanvil,
441 3955 468 3989 v.
488 3935 567 4003 adl,
586 3939 675 4003 aar.
696 3971 728 3980 —
765 3953 800 3990 ne
817 3937 946 3992 coelestis
964 3938 1071 4008 religio
1095 3937 1305 4004 decerneretur,
1333 3933 1400 3990 ‹irro-

178 4005 285 4068 θέωσις.
322 4007 431 4075 „Quam
449 4017 546 4062 tamen
562 4017 662 4080 postea
687 4011 715 4064 ei
738 4008 843 4064 tribuit
862 4009 999 4064 Claudius
1027 4010 1124 4088 effigie
1150 4011 1211 4064 eius
1238 4009 1271 4061 in
1292 4007 1401 4080 templo

180 4077 304 4156 Augusti
327 4085 493 4134 consecrata
517 4081 663 4151 sacrisque
692 4081 846 4148 institutis,
879 4098 951 4154 quae
975 4081 1105 4138 Vestales
1136 4083 1277 4146 iacerent,
1309 4082 1400 4134 edicto

180 4150 278 4216 etiam,
297 4158 330 4202 ut
347 4168 403 4221 per
419 4167 526 4204 nomen
545 4153 605 4205 cius
622 4153 750 4208 feminae
768 4153 908 4207 iurarent.
927 4171 955 4209 e.
967 4151 1023 4208 Dio
1041 4157 1088 4222 6⁰,
1106 4157 1131 4212 ὅ.
1152 4161 1181 4207 et
1199 4151 1279 4206 Suet.
1300 4151 1399 4207 Claud.

181 4221 225 4302 ll:
245 4219 418 4274 Consecuta
436 4239 469 4276 ee
486 4221 636 4278 aclaudio
654 4219 755 4278 babitu
774 4231 804 4278 et
821 4225 940 4278 nomiae
960 4225 1091 4292 lunonis,
1110 4241 1275 4298 quanquam
1297 4241 1331 4278 eo
1351 4240 1400 4276 no·

181 4305 261 4344 mma
282 4289 386 4345 affecta
408 4309 425 4346 a
447 4294 542 4363 poetis
565 4294 654 4352 etiam
677 4295 753 4352 rire.
782 4313 811 4350 r.
837 4295 975 4354 Prudeut.
1003 4297 1034 4350 in
1054 4295 1165 4366 Symm·
1189 4301 1217 4364 l,
1235 4297 1289 4354 ²51
1309 4313 1354 4366 sq.
1374 4301 1402 4348 et
