2828 4794
238 191 382 257 eaeor
406 193 545 261 saxu.
608 195 662 273 (a,
676 191 715 260 6.
727 195 798 261 ree.
821 195 861 259 s.
878 194 913 260 o.
931 197 996 276 u.)
1114 171 1116 180 '
1161 203 1220 268 131

40 363 153 426 pnetore,
181 375 241 412 non
258 359 309 429 qui
327 377 392 414 rem
403 368 443 413 ut
466 362 528 414 inte
582 378 612 414 m
630 360 775 428 audirent,
809 361 859 415 sed
885 355 937 433 qui
954 363 1022 416 lites
1041 364 1221 436 iniuriasque

39 431 202 486 attiitttflt'dnt.
236 430 281 485 cf·
300 431 327 496 8,
346 433 391 488 ω·
410 433 453 488 ⁶⁷·
473 436 500 498 ⁴,
518 377 664 488 gamin·
684 449 727 503 epu
746 435 774 499 ²,
793 437 835 488 ll·
855 433 883 498 ⁴,
902 437 930 490 9·
949 437 977 500 ⁶?
995 435 1040 490 29·
1079 435 1156 493 Gen.
1175 439 1221 504 w,

39 498 169 554 1116666.
206 501 329 568 Quaeret
348 503 502 574 quispiam,
535 521 589 556 cur
616 521 700 556 causa
727 503 763 558 de
789 505 957 574 repetundis
979 505 1147 568 16666616,Ι
1167 525 1223 562 nec

38 585 111 622 coram
127 580 267 642 praetore,
294 573 341 626 uti
365 573 438 627 olim
456 573 576 640 solebat,
609 576 648 628 sit
671 582 744 628 acta.
781 574 904 628 Scilicet
926 577 1072 630 Maecenas
1090 577 1134 629 Au
1157 589 1223 634 usto
1258 580 1261 590 '

37 639 58 692 id
72 643 300 712 suppeditaverat,
317 651 352 697 ut
369 653 515 700 senatores
535 661 693 716 eorurnqus
711 645 819 698 liberos
838 653 868 698 et
885 644 1007 713 uuor-es,¹
1026 647 1050 699 si
1069 664 1125 718 quo
1164 651 1223 703 cri·

36 715 210 798 nen'grarius
221 733 259 786 pe
298 717 469 782 straverint,
488 716 520 768 in
538 717 651 771 curiam
669 716 824 770 adduceret
836 718 1091 795 cognitionemque
1110 721 1223 774 senatui

36 793 198 850 permitteret.
219 805 247 841 v.
293 785 322 839 io
340 790 384 852 62,
402 787 470 842 31.“
493 785 599 840 Woiti.
635 788 858 856 Recuperatores
882 789 966 855 dicti,
999 789 1119 859 quiade
1137 791 1223 846 rebus

34 855 132 921 privatis
155 857 358 926 recuperandis
388 857 599 929 reddendisque
630 875 663 912 co
685 859 841 912 noscebant
866 860 908 913 ita
931 868 965 911 ut
1013 861 1057 912 uis
1079 877 1115 915 66
1139 880 1223 916 suum

35 929 217 994 recuperaret‚“
229 929 315 982 'Brea
327 928 372 986 Gi.
384 929 415 983 si
455 949 483 986 6.
494 929 529 982 66
538 929 655 982 iudiciis
664 877 691 996 i,
701 932 745 987 ii.
756 933 801 986 24.
815 931 960 983 Manutius
970 939 1001 984 et
1052 879 1104 988 ds.
1115 931 1221 991 66616.

36 1011 66 1048 or.
81 999 110 1051 de
124 997 238 1072 barusp.
258 1017 334 1072 resp.
354 1003 399 1065 2⁵,
437 1005 462 1057 4.
500 999 716 1070 Reciperotores
744 1009 773 1054 et
796 1001 960 1070 reciperare
984 1003 1042 1056 sori
1064 1011 1129 1056 tura
1147 1005 1243 1058 anti·.

35 1069 98 1135 quior
113 1071 142 1123 in
159 1071 305 1142 inscriptt.
326 1079 356 1125 et
365 1069 443 1125 MSS.
463 1071 610 1126 vetustiss.
627 1071 811 1154 optimisque,
829 1089 958 1126 necnon
976 1073 1008 1126 in
1055 1090 1101 1128 on.
1112 1075 1222 1146 Ancyr.

35 1147 53 1189 et
68 1139 118 1193 edd.
136 1149 207 1197 vett.
226 1139 256 1194 h.
276 1141 296 1196 t
316 1143 343 1208 i,
363 1143 405 1198 45·
425 1143 463 1200 al.
484 1152 513 1196 et
531 1142 693 1213 reciperare
714 1161 730 1196 a
748 1159 875 1212 recepere
893 1147 1061 1198 tenuatum.
1081 1164 1108 1200 v.
1131 1147 1221 1204 Gran.
1331 1193 1334 1200 .

34 1209 141 1270 etDrak.
166 1213 203 1267 ad
220 1213 284 1270 Liv.
305 1217 331 1279 t,
351 1215 394 1270 18.
412 1215 457 1280 26,
477 1217 521 1270 48.
540 1217 584 1278 43,
604 1217 629 1272 2.
666 1213 808 1268 Pecuniae
827 1231 908 1281 vero,
936 1233 1007 1285 quas
1033 1218 1223 1294 magistratus

32 1279 54 1330 in
67 1281 217 1350 providciis
237 1293 267 1338 et
284 1283 391 1340 Romae
410 1294 511 1340 contra
529 1285 610 1362 leges
629 1293 778 1356 ceperant,
797 1282 885 1351 (nam
909 1287 1004 1340 omnis
1023 1287 1068 1340 rei
1087 1287 1224 1358 publicae

32 1349 219 1408 aduinistratio
239 1365 301 1409 erat
318 1357 447 1432 gratuita
465 1365 495 1409 et
512 1374 548 1410 ne
566 1374 686 1410 munera
704 1355 833 1428 quidem,
850 1357 956 1411 nedum
973 1359 1111 1428 pecunias
1129 1359 1224 1430 accipi

32 1419 123 1485 licebat)
140 1425 173 1478 ab
199 1426 239 1480 iis
264 1425 355 1496 repeti
371 1435 506 1498 poterant
531 1429 563 1481 in
581 1427 697 1481 iudiciis
717 1435 746 1481 et
764 1435 875 1494 senatu,
905 1445 1025 1500 eamque
1050 1429 1084 1483 ob
1110 1447 1224 1484 causam

32 1491 86 1547 latae
102 1496 175 1566 leges
193 1500 411 1568 repetundarum
428 1516 467 1552 sc.
486 1500 677 1570 pecuniarum
703 1497 751 1553 vel
770 1499 805 1552 de
822 1499 988 1568 repetundis
1012 1517 1052 1553 sc.
1077 1502 1223 1572 pecuniis,

30 1565 133 1630 prinus
146 1567 303 1640 Calpurnia
320 1590 337 1623 6
353 1569 386 1623 1..
408 1569 566 1640 Calpurnio
583 1569 686 1624 Pisone
704 1571 773 1624 trib.
791 1568 834 1640 pl.
856 1590 880 1625 a.
893 1569 930 1624 U.
949 1573 1012 1628 6114.
1086 1571 1225 1626 aconsti-

29 1641 74 1686 tuta
98 1647 138 1692 est
185 1643 261 1696 rima
279 1641 408 1712 quaestio
435 1649 588 1712 perpetua,
621 1659 648 1698 v.
669 1639 730 1698 cic.
750 1643 832 1708 Verr.
852 1643 879 1709 4,
898 1643 942 1698 26.
962 1641 1032 1696 666
1058 1645 1112 1710 ,2,
1130 1645 1221 1714 21.p.

31 1658 333 1774 icat.13.iirut.27.i
358 1711 456 1766 Acilio
485 1731 502 1766 a
525 1711 570 1769 Μ’.
590 1713 687 1766 Acilio
706 1711 864 1767 Glabrione
889 1713 1019 1795 66661.
1045 1703 1222 1781 (cicitur.
1280 1737 1285 1753 ¹

30 1779 220 1850 16116616,
238 1781 374 1850 Seruilio,
393 1783 537 1850 Cornelio,
556 1783 645 1838 Iulio.
686 1783 797 1838 Acerba
824 1786 884 1838 fuit
910 1784 1044 1852 Servabo,
1075 1785 1135 1840 lata
1153 1804 1169 1838 6
1188 1785 1222 1838 G.

29 1843 130 1906 Servilio
149 1854 271 1908 Glaucia
294 1865 429 1926 praetore
453 1875 477 1912 a.
498 1855 532 1912 U.
552 1859 615 1924 653,
641 1855 676 1908 66
694 1873 750 1926 qua
769 1873 798 1908 v.
819 1853 880 1910 Cic.
900 1855 985 1910 Verr.
1012 1861 1039 1922 1,
1058 1859 1085 1912 9.
1104 1874 1133 1926 p.
1150 1855 1221 1910 1166.

29 1916 49 1970 Ρ.
64 1923 83 1974 1.
100 1927 124 1978 4.
161 1925 263 2002 Sigon.
283 1923 318 1978 de
336 1927 394 1982 iud.
414 1927 442 1992 2,
461 1929 506 1984 27.
527 1937 556 1981 et
579 1929 658 1997 inpr.
677 1925 854 2002 Fragmenta
878 1925 955 2004 legis
974 1925 1119 1980 Serviliae
1137 1945 1222 1997 repe-

28 1991 166 2062 tundarum,
186 2013 261 2081 quae
280 2015 315 2050 ex
333 1997 389 2054 tab.
408 1999 501 2072 aereis
519 1999 652 2052 restituit
674 1995 785 2050 Klenze
804 1997 898 2054 Berol.
918 1997 999 2052 1825.
1038 1997 1094 2052 Sed
1111 1998 1222 2054 acerri-

28 2067 294 2139 estamplissima
312 2069 397 2136 Iulia,
417 2069 453 2122 de
471 2087 528 2142 qua
545 2089 573 2125 v.
592 2069 628 2122 ad
648 2069 692 2131 14,
711 2069 755 2124 28.
779 2067 825 2122 cf.
845 2067 880 2122 ad
899 2073 943 2134 li,
962 2069 990 2134 6,
1010 2071 1046 2124 2:

414 2191 610 2246 CAPUT
664 2189 797 2248 exit.

87 2296 154 2362 Nec
180 2300 318 2361 Petrum
357 2301 602 2386 cognitionibus
637 2301 776 2361 satiatus
820 2297 954 2362 iudiciis
988 2297 1154 2364 assidebat
1180 2303 1220 2372 ‚in

25 2391 107 2442 6666
127 2383 318 2460 tribunalis,
341 2403 382 2444 ae
404 2393 592 2466 praetorem
622 2383 732 2444 curuli
762 2379 954 2464 depelleret,
983 2383 1152 2466 multaque
1179 2403 1220 2448 eo

25 2475 112 2524 coram
133 2463 295 2527 adversus
316 2466 475 2530 ambitum
497 2475 531 2527 et
553 2467 738 2552 potentium
769 2484 889 2547 preces·
913 2465 1103 2528 constituta.
1153 2463 1220 2528 Sed

24 2535 81 2603 dum
105 2549 245 2608 ueritati
277 2549 473 2628 consulitur,
500 2549 638 2612 libertas
676 2547 964 2630 corrumpebatur.
1014 2545 1117 2614 Inter,
1135 2569 1219 2632 quae

24 2620 81 2686 Pius
105 2627 265 2694 Aurelius
294 2639 429 2693 senator
455 2639 600 2714 questus,
636 2632 722 2694 61616
756 2631 908 2713 publicae
944 2630 1019 2693 viae
1051 2629 1219 2714 ductuque

23 2722 157 2786 aquarum
180 2713 361 2776 labefactas
382 2713 474 2776 aedis
496 2735 582 2790 suas,
604 2714 767 2776 auxilium
788 2715 925 2774 Petrum
947 2715 1130 2778 invocabat.
1154 2715 1217 2776 Re-

23 2790 190 2858 sistentibns
213 2799 336 2858 aerarii
364 2798 574 2878 praetoribus
603 2797 759 2860 subvenit
782 2795 903 2856 Caesar
925 2799 1135 2880 pretiumque
1162 2818 1216 2860 ae-

24 2867 93 2936 dium
113 2879 254 2940 Aurelio
275 2881 407 2958 tribuit,
429 2878 616 2966 erogandae
637 2899 698 2962 per
720 2879 857 2941 honesta
879 2881 1038 2960 pecuniae
1059 2882 1224 2960 cupiensa'
1319 2949 1323 2955 ,

22 2971 94 3028 quam
115 2963 282 3024 virtutem
304 2961 361 3024 diu
383 2966 536 3042 retinuit,
558 2985 659 3046 quum
681 2969 808 3024 ceteras
840 2969 986 3024 exueret.
1037 2963 1216 3042 Propertio

23 3033 108 3104 Celeri
129 3047 317 3126 praetorio,
339 3049 467 3112 veniam
489 3045 618 3108 ordinis
640 3046 681 3106 ob
704 3052 931 3126 paupertatem
947 3046 1085 3124 petenti,
1107 3043 1217 3108 decies
1284 3042 1286 3050 '

22 3129 190 3190 sestertium
220 3129 363 3214 largitus
390 3138 451 3207 est,
480 3132 558 3190 satis
586 3135 768 3210 comperto,
805 3135 959 3209 paternas
987 3128 1018 3186 ei
1046 3127 1215 3226 angustias

23 3222 78 3266 esse.
118 3209 299 3274 Tentantis
322 3211 434 3274 eadem
456 3213 539 3274 alios
560 3213 704 3294 probare
725 3229 856 3272 causam
878 3209 1008 3270 senatui
1027 3209 1216 3290 16666666·

23 3285 108 3359 pidine
129 3295 323 3357 severitatis
345 3297 380 3356 in
402 3297 443 3357 iis
464 3297 575 3372 etiam,
599 3314 680 3378 quae
702 3295 767 3356 rite
788 3295 923 3371 faceret,
945 3291 1102 3358 acerbus:
1125 3292 1215 3356 unde
1271 3311 1279 3324 “

23 3377 100 3434 ceteri
120 3377 296 3440 silentium
327 3387 360 3440 et
388 3387 618 3462 paupertatem
645 3375 844 3440 confessioni
874 3383 908 3436 et
939 3375 1097 3438 beneficio
1119 3392 1222 3458 prae-¹

21 3466 149 3528 posuere.

70 3561 91 3612 1.
119 3559 181 3613 Nee
194 3559 312 3613 Petrum
329 3559 540 3629 cognitionibus
558 3561 684 3614 sotiatur
701 3558 821 3612 iudiciis
838 3557 985 3626 assidebat
1002 3557 1034 3611 in
1052 3573 1138 3611 cornu
1156 3559 1214 3613 tri-

21 3619 117 3695 mutae,
154 3634 198 3688 ct.
222 3631 277 3684 Dio
301 3636 346 3698 67,
365 3637 397 3688 ,7.
423 3641 453 3687 et
484 3633 561 3686 Suet.
595 3631 660 3685 Tib.
685 3634 730 3687 33.
763 3631 813 3683 661
839 3629 912 3682 Ern.
947 3628 1019 3682 haec
1044 3632 1211 3684 annouvit:

21 3695 110 3753 aitrau
128 3701 170 3759 id.
193 3703 242 3826 qd.
261 3721 276 3754 6
296 3703 335 3756 66
354 3702 432 3757 Suet.
452 3719 525 3773 pors
540 3703 690 3772 primorie,
713 3701 743 3758 h.
762 3719 786 3757 6.
805 3701 928 3778 angulus
946 3699 1023 3753 alter
1045 3701 1154 3770 quicun
1176 3719 1212 3754 ue

20 3764 127 3837 inparte
152 3775 199 3825 tri
219 3791 258 3825 66
288 3774 313 3826 16
338 3775 528 3844 quadrilateri
550 3775 702 3830 anteriori.
739 3773 924 3848 Magistratus
948 3771 1048 3824 sedent
1066 3773 1099 3823 in
1116 3767 1163 3824 me
1183 3773 1211 3824 io
1272 3797 1282 3806 ·

20 3837 144 3910 tribunali,
184 3843 296 3898 iudices
323 3845 401 3898 inira
424 3845 584 3902 tribunal.“
604 3846 650 3900 cf.
674 3845 701 3910 8,
726 3847 770 3902 67.
799 3846 827 3908 4,
854 3845 899 3898 bd.
943 3841 1021 3896 Suet.
1049 3841 1147 3898 Claud.
1166 3843 1211 3897 12.

19 3905 107 3970 166.
133 3917 165 3982 s,
186 3919 214 3971 1.
234 3947 267 3958 -
302 3916 396 3970 ames
422 3934 461 3970 ω.
488 3917 573 3982 seris,
599 3925 633 3970 ut
659 3917 694 3972 6.
719 3919 747 3980 6,
772 3917 816 3971 ss.
852 3914 894 3968 6.
914 3931 946 3968 ss
964 3931 993 3966 v.
1012 3912 1047 3965 sa
1064 3915 1092 3978 6,
1111 3915 1155 3966 ss.
1177 3939 1210 3950 -
1307 3943 1312 3956 .

20 3992 150 4053 ttcarons,
172 4003 205 4041 v.
224 3983 259 4038 ad
276 3989 304 4049 6,
322 3990 349 4042 9.
368 3996 441 4044 extr.
461 4021 493 4032 -
531 3989 665 4041 odansue
690 3987 824 4040 enititum
842 3993 869 4040 et
883 3984 1043 4054 potentium
1058 3995 1157 4051 preces
1174 3999 1209 4048 a,
1271 3995 1274 4002 “

18 4051 40 4104 ss.
60 4055 90 4109 ad
108 4063 137 4121 1,
155 4060 188 4124 2,
210 4059 234 4112 7.
278 4055 413 4112 Sciebant
435 4052 565 4116 advocati
588 4067 638 4113 aut
662 4057 863 4130 deprecatores
887 4055 989 4109 adduci
1013 4053 1209 4134 potentissimi

18 4121 137 4180 sistatis:
158 4127 241 4198 quod
258 4131 400 4200 repressit
417 4127 560 4196 Tiberius,
586 4131 653 4201 quia
672 4129 813 4182 iustitiam
832 4125 1049 4196 corrumpebat3
1076 4122 1154 4192 laps.
1175 4155 1208 4165 -

18 4187 54 4244 ici
68 4199 131 4250 dam
150 4199 277 4252 veritati
294 4199 453 4254 consulitur
468 4203 632 4272 praesentia
650 4200 806 4270 Principis,
830 4197 949 4251 libertos
967 4195 1206 4264 comntpebotur.

16 4265 204 4327 ..barusim
223 4273 373 4329 sententia.
410 4273 542 4327 16616166
565 4273 680 4328 decreta
707 4275 823 4342 oportet
845 4285 907 4324 esse
932 4267 1023 4322 libera
1045 4283 1099 4320 nec
1117 4267 1204 4320 inter

903 4341 948 4404 9*
