2774 4784
316 157 550 226 sanonum
571 155 737 224 ruem.
779 155 808 242 s.
831 138 892 222 x1‘.
1138 151 1226 210 mx

19 331 83 432 ipsc
103 351 249 432 poenas
275 329 478 424 fateretur,
509 331 566 422 15,
592 327 653 416 30,
703 325 807 404 Nero
832 324 872 398 in
898 321 1095 426 Capitolio
1120 349 1225 402 oene-

18 443 105 500 ratus
127 427 231 521 deos,
258 453 365 526 muns
385 428 525 504 Vestae
549 451 689 526 quoque
715 422 885 529 templum
911 426 1054 515 miscet,
1070 441 1228 528 repente

16 543 146 604 amtor
181 553 260 632 per
287 542 398 602 crtus
433 543 603 620 tremens,
640 550 704 601 seu
734 525 874 599 numine
899 537 1125 616 exterrente,
1162 549 1227 606 cett

17 627 205 718 [ausorum
232 625 497 702 recordatione
521 647 699 724 nunptam
724 625 855 700 timore
879 645 1029 714 oemunt,
1061 620 1227 700 deseruit

17 729 194 832 inceptum,
223 727 283 820 16,
299 728 354 804 15.
384 727 562 801 Ostorius
576 741 705 800 metum
718 723 863 802 Neroni
880 723 1038 818 fecerat,
1064 747 1109 796 ne
1124 725 1227 800 inua-
1256 743 1260 752 ·

16 825 104 899 deret
116 825 297 929 pavidum
318 851 337 901 s
420 840 518 900 eret
535 840 692 930 reperta
703 847 825 928 nuper
840 822 1093 897 coniuratione
1106 825 1229 922 magis
1318 879 1324 890 ·

17 928 231 1017 exterritum,
257 927 307 998 H.
321 849 437 1018 ml.
469 925 633 1002 Senator
659 920 914 998 inclinantibus
926 921 1154 1026 primoribus
1171 927 1230 998 ius

18 1023 196 1100 iurandum
220 1027 406 1128 concepit,
431 1048 501 1121 quc
528 1025 701 1098 certatim
726 1043 846 1098 omncs
862 1023 1112 1118 magistratus
1139 1021 1230 1098 deos

18 1139 115 1198 tutes
139 1122 393 1216 advocabant,
424 1122 520 1200 nibil
544 1147 616 1227 ope
641 1145 710 1196 sua
734 1122 886 1217 factum,
925 1143 994 1218 quo
1020 1123 1231 1218 cuiusquam

18 1222 103 1296 salus
120 1221 351 1314 laederetur,
371 1247 485 1319 neque
514 1247 553 1296 se
576 1222 780 1328 praemium
811 1235 877 1294 aut
901 1217 1072 1296 bonorem
1098 1245 1144 1296 en·
1168 1247 1231 1296 ea·
1286 1228 1292 1242 '

18 1321 172 1396 leuitate
198 1325 331 1397 ciuium
357 1324 513 1428 cepisse,
553 1319 728 1424 trepidis.
744 1335 782 1394 et
805 1318 922 1394 verba
948 1319 1043 1394 iuris
1077 1319 1232 1397 iurandi

15 1447 76 1522 per
113 1423 250 1496 cariae
282 1435 387 1494 artes
420 1421 664 1512 mutantibus,
707 1421 788 1516 puis
821 1417 970 1517 flagitii
1002 1421 1231 1496 conscientia

20 1523 126 1594 inerat
153 1533 248 1612 εει,
273 1521 321 1594 de
345 1523 443 1594 lama
469 1531 506 1594 et
531 1521 757 1610 rumoribus,
791 1521 889 1594 Anu.
917 1519 953 1608 2,
980 1519 1038 1594 76.
1091 1519 1232 1596 laonia

17 1621 125 1710 fauce
149 1645 225 1694 non
248 1617 558 1724 pertimescenda,
579 1621 615 1710 2,
633 1621 692 1695 77.
718 1616 1007 1716 Relinquendum
1024 1619 1231 1695 rumoribus

19 1734 31 1788 t
146 1774 160 1811 ,
188 1742 258 1816 quo
284 1734 495 1794 senescant:
534 1717 744 1816 plerumque
771 1719 983 1794 iunocenter
1009 1720 1151 1796 recenti
1177 1721 1231 1796 in-

19 1743 147 1892 lm
155 1820 334 1922 impares,
347 1819 383 1910 2,
398 1819 456 1897 82.
483 1815 604 1894 Falsa
623 1831 788 1920 tempore
806 1841 880 1893 aas
911 1819 990 1891 atio
1016 1833 1231 1913 uanescunt,

18 1917 48 2005 3,
61 1919 116 2008 44,
142 1917 284 1994 Famae
307 1941 395 2008 mos,
421 1931 556 1991 cuncta
581 1918 621 1990 in
644 1919 762 1992 maius
786 1943 850 1992 cre
878 1943 950 2008 ere,
968 1917 1003 2008 6,
1021 1917 1080 1994 30.
1114 1917 1234 1994 Fama

17 2019 128 2113 magis
161 2041 269 2113 ptam
294 2019 333 2091 oi
367 2031 473 2090 stare
499 2041 561 2091 res
587 2017 676 2108 eius,
716 2015 773 2111 13,
798 2019 833 2095 8.
864 2017 920 2094 15.
945 2019 1006 2094 59.
1033 2019 1082 2092 Η.
1108 2019 1145 2108 2,
1170 2020 1231 2094 20.

19 2114 125 2189 Fano
150 2119 191 2192 in
214 2119 321 2190 nouit
347 2117 493 2220 coeptis
517 2113 762 2210 ualidissima,
781 2116 839 2210 13,
857 2119 912 2194 19.
945 2115 1056 2193 Nittt
1080 2131 1155 2192 tcm
1181 2119 1233 2192 iu·
1267 2141 1271 2154 ·

18 2215 145 2289 stabile
184 2240 288 2312 quam
318 2215 432 2312 famo,
461 2215 517 2308 14,
542 2217 603 2294 58.
642 2213 761 2290 Fama
792 2233 956 2314 augetur
981 2219 1058 2292 otio
1085 2216 1235 2292 creden·

17 2317 112 2406 tium,
155 2317 205 2388 H.
244 2317 276 2406 1,
306 2317 361 2390 17.
399 2312 549 2390 Famam
587 2313 682 2390 male
719 2319 919 2392 coercitam
960 2317 1235 2422 supprimentes

16 2429 166 2509 augent,
190 2415 226 2508 2,
252 2413 312 2492 83.
351 2412 469 2489 Fama
502 2417 588 2518 ipso
623 2417 752 2518 spatio
785 2413 930 2512 gliscit,
955 2418 992 2511 5,
1021 2419 1078 2494 10.
1118 2413 1237 2492 Fama

18 2513 160 2586 multitu
185 2511 343 2588 inbelle
368 2511 481 2604 valet,
511 2515 599 2610 Agr.
626 2515 660 2592 9.
697 2513 815 2588 Fama
838 2541 911 2590 non
936 2539 1082 2622 semper
1116 2529 1236 2608 errat,

17 2611 215 2707 aliquando
230 2627 266 2686 et
280 2611 409 2710 clegit,
428 2614 487 2689 25.
514 2613 632 2688 Fama
657 2609 704 2687 de
729 2615 873 2712 ignotis
887 2619 1017 2712 maior,
1033 2617 1092 2694 30.
1120 2615 1237 2714 Igno·

19 2724 91 2781 turn
123 2735 223 2786 omne
256 2736 333 2816 pro
367 2710 565 2808 magnifico
597 2727 678 2798 cst,·
717 2713 763 2787 de
798 2715 915 2810 glasia
948 2721 1100 2816 eiusque
1134 2717 1238 2812 eupi-

18 2810 104 2880 dine
128 2823 167 2882 et
188 2815 413 2907 perennitate
427 2814 524 2884 Arm.
546 2811 581 2904 4,
598 2811 656 2888 35.
684 2810 796 2890 Suum
822 2817 951 2912 cuique
976 2816 1086 2890 decue
1108 2829 1238 2919 poste·

20 2911 118 2982 ritas
157 2908 342 3015 rependit,
376 2910 411 2999 4,
438 2909 497 2989 38.
548 2909 684 2986 Famae
716 2927 855 2987 contem
886 2930 926 2988 tu
961 2928 1239 2990 contemnantur

17 3008 189 3100 virtutes,
218 3012 275 3100 ll,
301 3010 335 3084 6.
362 3008 480 3083 Fama
505 3011 544 3084 in
566 3025 745 3114 posteros
766 2939 1053 3115 pulclerrimum
1075 3015 1239 3118 proemi-

17 3108 236 3198 ω,15,16.
266 3105 463 3186 Certamen
481 3111 636 3184 uirtutis
661 3123 698 3184 et
725 3111 876 3188 ambitio
902 3113 1053 3212 gloriae
1078 3113 1241 3208 felicium

18 3201 193 3280 manua
207 3209 377 3304 affectus,
402 3207 451 3280 H.
467 3207 502 3300 4,
521 3209 554 3283 6.
581 3207 711 3284 Etiam
736 3233 779 3285 sa
811 3213 969 3288 ientibus
994 3211 1131 3318 cupida
1157 3212 1240 3310 glo-

21 3307 110 3376 riae
131 3309 326 3382 nouissima
350 3309 510 3400 exuitur,
536 3309 622 3404 Agr.
645 3311 682 3385 5.
709 3235 900 3388 Militares
925 3313 1077 3410 gloriae
1102 3309 1240 3424 cupido

21 3405 181 3500 ingrato
205 3405 449 3510 temporibus,
488 3407 617 3504 quibus
649 3409 808 3484 sinistra
846 3437 942 3510 erga
967 3416 1162 3488 eminentes
1189 3415 1243 3486 in-

24 3507 249 3606 terpretatio
283 3529 351 3578 nec
381 3508 497 3579 minus
526 3507 733 3610 periculum
768 3533 814 3583 ec
847 3535 985 3610 magna
1009 3515 1111 3608 fama
1138 3536 1243 3614 pam

23 3627 70 3672 ex
98 3602 203 3695 nola,
227 3606 262 3682 9.
297 3605 421 3700 famae
446 3606 555 3680 etiam
581 3605 667 3680 boni
693 3632 808 3712 saepe
833 3609 1040 3710 indulgent,
1067 3615 1125 3690 40.
1162 3614 1243 3688 Aa·

25 3703 217 3776 miratione
242 3717 279 3777 te
311 3705 442 3806 potius
475 3727 580 3800 quam
613 3707 880 3810 temporalibus
914 3709 1085 3786 laudibus
1121 3727 1170 3806 et,
1209 3717 1245 3790 si

25 3814 166 3874 mistro
187 3801 415 3908 suppeditet,
440 3803 682 3878 aemulatione
708 3803 927 3883 decoremus.
980 3810 1022 3886 Is
1046 3837 1156 3888 cerus
1181 3813 1244 3890 lto-

27 3921 125 3984 uor‚
157 3925 196 3974 ea
228 3903 516 3977 coniunctissimi
549 3905 719 4000 cuiusque
774 3909 886 3998 ictas.
923 3951 971 3966 -
1036 3911 1087 3987 Ut
1120 3913 1246 3988 uultus

28 3995 209 4093 mnium,
234 4003 291 4076 ita
318 4000 516 4075 simulacra
539 4001 667 4076 uultus
687 4005 732 4077 im
758 4007 868 4084 scilla
885 4033 933 4084 ac
944 4012 1121 4087 mortalia
1139 4030 1245 4088 suut:

29 4095 156 4184 [cmo
175 4103 300 4174 nentis
322 4117 488 4192 aeterna,
515 4125 619 4198 quam
645 4117 769 4180 tenere
793 4121 830 4182 ct
848 4113 1057 4214 exprimere
1076 4135 1147 4187 uon
1171 4137 1247 4218 per

29 4195 187 4270 menan
208 4203 398 4275 materiam
423 4213 459 4274 et
484 4215 613 4294 artem,
641 4200 709 4278 sed
733 4208 807 4282 tuis
833 4209 1092 4314 ipsemoribus
1105 4215 1243 4316 possis.
1359 4293 1360 4296 ,

68 4329 148 4394 (ln.
165 4329 221 4385 Tae.
249 4335 280 4390 T.
302 4335 323 4390 l.
978 4327 1009 4390 D
