2828 4794
185 217 245 282 uo
514 225 529 253 ν
579 208 826 302 Auuamuu
847 214 931 278 ma.
952 210 995 275 u.

1175 285 1285 330 A·

183 384 276 438 tantia
294 389 324 434 et
342 381 506 446 veneratio)
532 395 587 450 pro
614 380 698 432 novis
723 379 805 432 vitiis
828 377 1016 444 habebantur,
1053 376 1228 446 omninoque
1252 381 1280 428 et
1300 389 1374 444 prere

184 463 213 508 et
230 453 352 524 honesta
375 453 438 505 eius
463 451 597 520 instituta
616 451 682 504 odio
701 457 794 516 erant,
822 457 975 532 propterea
993 449 1070 519 quod
1088 467 1104 500 a
1123 447 1246 500 moribus
1264 447 1374 516 ipsorum

182 522 502 580 alienaerant.“1ira.
523 521 570 575 Gi.
590 525 635 585 15,
654 523 698 578 ul.
728 549 760 560 -·
787 528 813 574 et
833 537 899 592 quea
918 522 1043 593 ipramm
1060 517 1185 571 maribus
1208 525 1259 571 cet.
1294 517 1323 568 ln
1338 515 1375 566 his

183 597 281 650 verbis
300 593 373 648 latet
391 593 548 664 explicatio
568 593 705 664 quaedam
723 593 833 663 prioris
853 593 1022 655 sententiae,
1041 589 1141 644 Tacito
1156 607 1213 643 non
1228 591 1375 710 infrequens

181 664 369 734 ni023W01f.
408 697 440 708 -
465 664 623 718 maioribus
640 663 699 717 MS.
721 673 749 718 et
768 663 832 717 edd.
857 672 914 719 vet.
934 663 1012 735 quod
1030 669 1205 716 revocarunt
1229 659 1295 716 Wal
1328 663 1376 707 .et

182 738 289 792 Kieaol.
308 736 435 790 uteribus
453 735 516 790 edd.
537 736 623 791 Bern.
643 743 672 788 et
690 735 763 789 aliae
782 753 797 788 e
816 737 891 791 coni.
911 738 985 788 Mur.
1004 735 1085 806 hips.
1104 733 1196 786 Gron.
1232 729 1308 795 „Hoc
1329 729 1376 781 ele·
1398 791 1399 794 Ἴ

204 811 300 864 antius
320 826 381 862 esse
401 816 430 862 et
448 806 577 883 dignius,
597 823 690 878 neque
709 807 740 860 in
759 799 855 860 rdrbis
875 806 960 860 video
984 822 1078 876 neque
1103 805 1134 856 in
1161 820 1203 856 re.
1228 799 1328 866 Parthi,
1351 805 1376 849 ut

182 829 310 936 Prientis
337 889 440 956 gentes
466 878 570 945 solent,
608 879 640 930 in
664 879 796 932 omnibus
824 876 909 931 rebus
936 877 1079 930 obstinate
1104 875 1265 929 retinebant
1284 871 1377 943 patrios

181 969 295 1018 mores3
314 951 473 1005 maturetur
491 949 596 1016 aliena,
616 951 678 1002 sive
696 950 822 1003 virtutes
841 950 904 1002 sive
922 949 1005 1013 vitia,
1028 939 1276 1018 aspernabantur.'
1301 941 1377 1008 Quare

183 1031 211 1077 et
229 1041 262 1078 re
285 1041 331 1077 em
349 1040 368 1075 a
384 1020 527 1075 maiorum
544 1017 689 1074 institutis
706 1021 849 1073 divertam
872 1019 1113 1096 dedignabantur.
1157 1017 1232 1070 Hinc
1258 1015 1314 1066 sine
1337 1012 1377 1063 du·

180 1096 229 1148 bio
256 1041 431 1148 Parthorum
460 1092 586 1148 moribus
611 1091 706 1144 atiena
729 1091 826 1145 eadem
858 1099 925 1148 suut
952 1091 1047 1145 attera
1076 1087 1232 1142 moretm
1266 1079 1377 1140 eorum.“

183 1163 290 1220 Waut.
319 1167 364 1222 Gt.
384 1169 415 1232 o,
431 1166 474 1220 32.
497 1194 527 1205 -
546 1163 676 1232 perinde,
696 1182 723 1218 r.
744 1163 807 1216 Ind.
827 1162 866 1217 11.

634 1351 828 1412 CAPUT
882 1353 952 1408 111.

265 1479 375 1566 Igitur
408 1479 612 1558 Artabanus,
644 1479 883 1542 Arsacidarum
912 1497 931 1539 e
959 1477 1131 1562 sanguine,
1173 1471 1259 1558 apud
1289 1469 1379 1534 Dahas

182 1563 328 1642 adultur,
350 1565 482 1644 cruitur
504 1565 678 1646 primoque
701 1581 883 1650 congressu
906 1565 996 1622 fusus
1019 1567 1154 1642 reparat
1176 1563 1263 1621 vires
1283 1573 1380 1640 regno-

72 1709 77 1719 ,
182 1667 245 1730 que
267 1648 414 1729 potitur.
464 1645 566 1708 Victo
605 1647 741 1709 Vononi
774 1647 965 1732 perfugium
995 1643 1154 1704 Armenia
1192 1643 1265 1718 init,
1297 1653 1380 1700 vacua

181 1741 262 1794 tunc
283 1731 439 1812 interque
458 1729 662 1791 Parthorum
684 1738 718 1791 et
738 1729 902 1790 Romanas
924 1745 1003 1809 opes
1026 1725 1130 1788 inlida
1151 1727 1195 1787 ob
1217 1725 1314 1786 soclus
1329 1719 1380 1779 An·

181 1813 284 1890 tonii,
321 1814 376 1894 qui
413 1811 622 1875 Artavasden
666 1833 780 1899 regem
818 1812 1057 1874 Armeniorum
1096 1813 1206 1891 specie
1239 1805 1399 1868 amicitiae¹

183 1897 347 1974 illectum,
381 1893 458 1957 dein
489 1898 615 1968 oatenis
637 1905 825 1974 oneratum,
854 1905 1023 1976 postremo
1050 1895 1275 1954 interfecerat.
1318 1887 1381 1946 Eius

183 1979 272 2040 filius
293 1979 465 2058 Artaxias,
484 1980 645 2042 memoria
666 1981 771 2062 patris
795 1979 890 2040 nobis
916 1979 1077 2054 infensus,
1104 1975 1332 2038 Arsacidarum
1355 1968 1380 2027 vi

184 2081 286 2143 seque
307 2081 513 2148 regnumque
534 2071 662 2134 tutatus
685 2071 743 2126 est.
788 2061 904 2123 Occiso
932 2060 1071 2122 Artaxia
1097 2079 1160 2142 per
1189 2057 1297 2120 dolrem
1321 2069 1382 2134 pru

183 2147 395 2228 pinquorum,
418 2143 513 2206 datus
536 2165 555 2208 a
577 2144 719 2218 Caesare
739 2145 908 2206 Armeniis
930 2143 1095 2228 Tigranes
1123 2141 1339 2221 deductusque
1356 2136 1383 2193 in

167 2247 323 2328 ¹regnum
347 2249 366 2290 a
387 2223 529 2291 Tiberio
551 2227 698 2294 Nerone.
742 2227 814 2290 Neo
836 2228 978 2313 Tigrani
999 2225 1198 2288 diuturnum
1226 2223 1383 2305 imperium

184 2313 251 2374 tuit
271 2330 377 2394 neque
399 2311 516 2374 liberis
539 2315 623 2391 eius,
668 2331 830 2394 nanquam
853 2309 986 2372 societis
1006 2328 1099 2371 more
1122 2321 1260 2371 externo
1280 2308 1311 2365 in
1331 2319 1384 2362 ma·

182 2396 380 2470 trimodiam
402 2414 617 2481 regnumque.
648 2334 747 2458 qDein
769 2397 864 2456 iussu
885 2393 1029 2481 Augusti
1051 2394 1229 2474 impositus
1249 2391 1384 2454 Artavas·

182 2476 240 2540 des
262 2485 297 2540 et
317 2497 385 2539 noo
404 2477 477 2540 sine
498 2476 592 2540 clade
613 2487 728 2540 nostra
751 2477 908 2540 deiectus.

253 2594 522 2651 1-Arratana011.
542 2613 571 2650 v.
591 2595 627 2649 ed
645 2612 671 2648 c.
691 2593 971 2651 1.·n.1.N.xv11.
996 2591 1181 2650 Artbabauue
1209 2591 1252 2646 ed.
1277 2591 1336 2644 Ber.
1360 2615 1383 2626 —

183 2667 393 2722 Arsacidarum
411 2681 426 2722 e
444 2666 594 2734 raamias,
612 2675 748 2720 materna*
763 2668 889 2742 origine,
909 2667 984 2735 apud
1001 2663 1100 2720 Dabar
1119 2667 1252 2728 aduttus3
1276 2681 1302 2715 r.
1320 2657 1384 2716 add,

183 2739 228 2804 41,
247 2741 273 2793 2.
293 2733 391 2792 Dahae
416 2735 541 2822 populus
569 2736 709 2808 Scythiae
735 2735 794 2792 Oxo
818 2737 849 2790 fl.
870 2740 986 2791 vicinus
1015 2747 1044 2791 et
1064 2737 1164 2808 Caspii
1187 2736 1275 2790 maris
1298 2727 1386 2790 accola,

183 2807 234 2863 ubi
252 2825 332 2862 nuno
349 2807 507 2876 Dahastan3
533 2809 618 2862 Brot.
647 2807 693 2862 Gi.
713 2813 757 2874 ll,
779 2813 823 2871 1⁰.
851 2807 946 2863 Strab.
966 2809 1015 2862 xJ.
1033 2827 1064 2880 p.
1083 2813 1145 2864 352.
1167 2809 1244 2860 Plio.
1263 2809 1288 2866 6,
1307 2805 1344 2857 lt.
1361 2829 1386 2840 -·

184 2887 304 2952 reparat
322 2877 409 2948 viret,
428 2880 461 2934 fu
483 2899 499 2934 a
518 2897 549 2933 oa
571 2889 600 2934 ta
617 2880 654 2932 ad
671 2889 783 2934 montes
802 2880 922 2946 Mediae,
949 2889 983 2932 ut
1001 2879 1116 2952 loseph.
1142 2881 1174 2934 A.
1196 2877 1220 2931 1.
1241 2883 1288 2942 18,
1301 2878 1323 2930 3.
1341 2881 1387 2924 trt-

186 2951 246 3020 diu
271 2949 350 3022 lips.
387 2984 421 2996 -
476 2951 533 3004 iota
581 2950 667 3006 oaoar'
684 2953 850 3021 perfugium
867 2952 1007 3006 Armenia
1025 2953 1119 3007 maior
1143 2950 1214 3018 fuit,
1240 2951 1332 3022 primo
1348 2941 1387 2995 Se·

186 3023 291 3088 leucia,
309 3021 344 3078 de
363 3039 420 3095 quo
438 3021 553 3094 loseph.
573 3023 648 3089 l.c.;
668 3021 747 3092 Lipa.
770 3052 802 3062 -
821 3039 919 3090 uacua,
947 3041 975 3076 v.
995 3024 1123 3092 ao1,³,
1151 3026 1177 3078 2.
1204 3031 1234 3077 et
1253 3025 1280 3085 1,
1306 3019 1344 3073 46,
1369 3017 1387 3066 ¹·

188 3121 221 3134 ··-
240 3095 319 3151 iuter
336 3091 506 3148 Parthorum
532 3101 561 3148 et
578 3093 721 3149 Romanas
739 3112 814 3165 opes,
844 3094 1046 3149 Romanorum.
1075 3113 1101 3148 v.
1124 3094 1159 3148 ad
1178 3098 1204 3159 1,
1225 3099 1251 3158 t,
1270 3095 1294 3148 8·
1318 3083 1389 3151 ltili

162 3175 164 3179 ’
187 3183 241 3220 cnr
258 3163 373 3222 Parthis
392 3168 493 3233 tuerit,
513 3181 569 3238 pro
587 3175 657 3221 noto
676 3167 798 3232 omittit,
818 3167 918 3228 statim
936 3167 971 3220 ad
988 3168 1078 3220 aretur
1093 3165 1218 3226 Antonii
1233 3173 1389 3236 properanti

189 3238 278 3306 Wolf.
304 3239 401 3304 „Vere
419 3239 521 3292 ocetue.
558 3237 731 3292 Artavasdes
750 3241 829 3292 enim
847 3237 885 3290 ll.
905 3239 1066 3292 Antonium
1086 3239 1117 3290 in
1138 3236 1319 3308 expeditione
1335 3231 1390 3280 Par·

188 3307 269 3364 tbioa
287 3308 449 3363 deseruisse
468 3309 560 3376 risus,
578 3307 729 3362 fallacibus
749 3312 783 3363 ab
801 3325 834 3364 eo
853 3309 950 3364 literis
969 3311 1091 3372 excitus,
1116 3311 1149 3364 in
1177 3305 1276 3362 vincla
1292 3302 1390 3365 liabitas

189 3388 218 3434 et
236 3381 268 3436 in
286 3378 439 3452 triumpho
464 3379 670 3434 Alexandriam
701 3381 804 3434 ductus
836 3389 889 3435 est.
925 3399 953 3434 r.
985 3379 1042 3434 Dio
1073 3372 1117 3445 41),
1150 3383 1194 3437 25·
1223 3383 1266 3436 31.
1293 3380 1333 3432 33.
1354 3373 1394 3425 39·

188 3453 234 3509 to.
262 3449 337 3504 Plut.
358 3451 389 3504 in
407 3451 516 3504 Anton.
557 3453 646 3507 .939.
672 3449 767 3509 Strab.
787 3452 837 3507 xl.
888 3455 976 3509 .524.
999 3455 1062 3509 53⁰.
1087 3452 1163 3506 vell.
1183 3454 1212 3518 2,
1231 3447 1298 3504 81.“
1318 3444 1391 3512 'litt-

131 3559 135 3566 ι
189 3521 393 3592 „Artaoaadeo
406 3523 517 3576 dicitur
533 3468 609 3574 llus.
631 3529 660 3576 et
679 3521 773 3580 Strab.
794 3523 828 3575 ll.
848 3471 884 3575 li
903 3525 953 3578 sed
968 3525 1128 3580 Artabazes
1146 3521 1263 3594 loseph.
1283 3522 1312 3576 B.
1330 3513 1394 3572 1.1³

190 3601 265 3649 ω.
282 3593 329 3659 15,
346 3597 373 3650 4.
392 3595 419 3649 ὅ.
439 3592 527 3648 Dioni
544 3595 589 3658 54,
608 3597 635 3650 9-
655 3601 685 3648 et
702 3595 742 3649 al.
762 3595 838 3648 Plut.
859 3595 891 3648 in
910 3596 1012 3650 Crasso
1029 3614 1060 3668 p.
1079 3595 1164 3653 55⁴ss
1182 3595 1254 3648 Eru.
1283 3625 1315 3635 —
1332 3590 1394 3642 tale·

190 3666 238 3719 ru'e
255 3668 412 3732 oneratum,
440 3666 611 3741 „argenteis
637 3666 767 3738 primum
795 3668 949 3720 incastris
974 3675 1004 3722 et
1027 3669 1123 3722 aureis
1142 3670 1174 3721 in
1191 3661 1349 3736 triumpho.
1370 3673 1393 3708 t·

190 3737 246 3791 Dio
257 3737 302 3800 te,
312 3735 357 3791 ³9.
368 3739 413 3792 to.
421 3735 499 3790 Vell.
510 3739 537 3803 2,
547 3739 592 3793 81.
613 3769 645 3778 -
653 3743 796 3806 postremo
815 3739 1008 3806 interfecerat,
1028 3756 1087 3794 non
1106 3740 1204 3793 statim
1222 3745 1290 3809 post
1307 3734 1395 3786 trium-

190 3807 293 3880 phum.
331 3807 398 3861 Post
422 3825 552 3882 pugnam
578 3809 696 3864 demum
713 3809 862 3865 Actiacam
881 3810 1045 3882 Cleopatra,
1074 3819 1109 3864 ut
1134 3809 1246 3864 auxilie
1264 3807 1297 3862 ab
1315 3801 1396 3858 bledo·

191 3899 259 3934 rum
277 3895 309 3933 re
331 3895 346 3932 e
365 3879 547 3950 impetraret,
565 3887 652 3952 caput
669 3880 835 3935 Artavasdis
853 3881 890 3935 ad
907 3883 994 3935 illum
1012 3883 1103 3938 misit.
1132 3901 1160 3938 v.
1178 3881 1236 3934 Dio
1255 3881 1300 3944 5⁰,
1319 3881 1344 3932 1.
1360 3873 1397 3928 ²7·

193 3955 238 4016 51,
257 3952 283 4006 Β.
346 3948 415 4004 ilios
433 3949 477 4004 Au
500 3959 581 4006 ustus
600 3951 745 4006 retinebat
762 3961 884 4025 propter
902 3955 1027 4009 iniurias
1045 3972 1101 4024 per
1118 3954 1259 4008 Artaxem
1275 3944 1399 4018 Romanis

193 4021 300 4080 illatae.
328 4022 385 4076 Dio
402 4025 448 4088 51,
469 3969 512 4079 ll·
548 4023 621 4077 Eius
643 4023 722 4088 fitius
745 4033 815 4077 natu
841 4027 985 4079 maximus
1002 4025 1157 4093 Artaxias,
1186 4025 1240 4096 qui
1266 4019 1340 4094 apud
1361 4015 1399 4094 lo·

164 4161 167 4168 1
194 4093 277 4165 seph.
296 4092 385 4150 Arch.
406 4095 450 4162 15,
468 4096 495 4149 ὅ.
520 4091 669 4167 Ἀρταξίας,
686 4096 763 4180 apud
779 4095 866 4152 Dion.
885 4099 930 4160 ⁴9,
948 4100 993 4154 39.
1014 4095 1140 4170 {tardere
1163 4097 1255 4151 audit.
1292 4093 1399 4168 Arrace

196 4165 344 4224 damnem
362 4171 418 4218 net.
455 4165 571 4220 Partem
589 4167 745 4222 Armeniae
764 4168 798 4222 ab
815 4169 943 4222 Antonio
960 4169 1071 4224 blediae
1096 4187 1150 4224 rex
1176 4176 1206 4222 et
1234 4167 1311 4222 idem
1328 4163 1399 4216 Aru·

194 4235 295 4292 rudes
313 4237 432 4291 nomine
448 4247 617 4309 acceperat3
637 4237 787 4305 Polemon,
804 4257 859 4294 rex
876 4241 971 4307 Ponti,
990 4241 1159 4296 Armeniam
1177 4239 1333 4294 minorem.
1351 4231 1399 4285 An·

195 4309 277 4361 tonia
295 4316 391 4363 autem
409 4315 510 4362 cono-n
529 4309 680 4363 Gaesarem
706 4313 839 4382 profecto
857 4329 924 4368 cam
943 4315 1076 4370 exercita
1093 4313 1190 4368 Medus
1214 4329 1231 4364 a
1250 4305 1360 4364 Parthis
1378 4301 1399 4352 el
