2774 4784
135 209 201 264 xrv
620 202 867 272 SCRIPTA

134 399 206 454 aaa
230 389 267 450 et
302 373 491 480 inperium
521 367 694 466 Traiani,
727 373 931 450 uberiorem
963 371 1251 468 samariamque

136 477 282 568 teriaca,
307 477 489 550 senectuti
513 477 685 580 reposui.-
708 501 821 570 „nam
844 476 911 553 illo
936 475 1017 548 loco
1043 476 1294 548 Historiarum
1321 473 1365 546 fi*

135 579 290 668 mantio,
331 577 403 649 hoc
433 576 552 649 Nerva
582 573 691 650 diuus
730 575 946 672 appellatur.
1003 573 1166 648 Annales
1197 597 1287 645 vero
1327 599 1348 645 a

2 674 6 682 ’
135 678 318 750 Historias
342 687 424 748 tum
450 677 593 748 diversa
616 677 730 748 luisse
755 700 877 771 opera,
910 686 992 748 tum
1012 676 1164 747 'diverso
1186 683 1340 768 tempor

136 776 315 872 avulgata,
340 787 421 848 urm
445 775 521 848 illis
546 776 662 848 titulis
687 777 870 870 insignita,
895 775 978 846 aliis
995 799 1140 872 quoque
1164 797 1364 868 argument

136 878 185 948 tis
211 877 427 972 probabitur
450 878 486 971 §-
502 877 568 950 vl.
619 876 744 948 Nodos
768 901 790 946 a
807 875 1049 949 Woltmanno
1075 897 1188 948 naxos
1210 875 1264 960 (in
1283 873 1364 946 Ue-

136 978 231 1047 bcrs.
247 977 330 1048 ¹das
357 977 442 1048 Tac.
469 977 514 1049 Τ.
533 975 579 1047 V.
612 1000 648 1070 p.
667 975 739 1050 281
759 973 828 1070 sq.)
860 977 935 1046 iam
969 975 1155 1070 expedivit
1185 975 1365 1046 Weiker-

136 1087 197 1148 tus
222 1077 262 1146 in
286 1062 416 1150 Ubera.
443 1075 479 1147 d.
506 1077 592 1148 Tac.
619 1076 662 1148 T.
679 1077 709 1147 1.
735 1099 771 1170 p.
789 1075 876 1148 XX.
893 1076 999 1148 XXI.
1027 1072 1085 1146 Ol.
1111 1076 1157 1146 ad
1177 1074 1275 1146 Ann.
1299 1073 1370 1164 la,-

137 1175 197 1252 40.
224 1185 261 1246 et
284 1175 345 1264 54.
370 1215 421 1228 -
469 1173 728 1248 Historiarum
752 1173 840 1245 libri
864 1185 1008 1246 tantum
1034 1182 1191 1270 quatuor
1214 1177 1375 1282 primasi

70 1297 72 1307 ·
137 1287 175 1348 at
197 1275 340 1348 XXVI.
366 1277 484 1370 capita
508 1275 629 1370 quinti
655 1285 853 1368 supersunt
884 1299 927 1345 ac
950 1297 1085 1345 novem
1110 1273 1198 1344 libri
1221 1273 1376 1380 integrit

136 1376 416 1465 interciderunt,
450 1375 586 1469 quibus
612 1384 738 1444 auctor
762 1383 877 1445 totam
903 1373 1047 1446 Flavias
1072 1376 1206 1445 domus
1230 1391 1377 1484 regna-4

137 1476 239 1548 tricis
265 1475 456 1546 historiam
481 1476 527 1544 ab
553 1497 583 1543 a.
603 1472 649 1546 U.
668 1473 753 1548 824.
780 1473 882 1545 ada.
908 1473 992 1550 849.
1019 1483 1249 1569 pertaxuerat
1272 1490 1378 1574 pro-j

137 1575 336 1669 viciamque
361 1573 580 1668 Vespasiani
602 1583 780 1665 mntem,
805 1573 936 1644 breves
960 1597 1078 1669 eoque
1101 1573 1259 1645 camaras
1278 1571 1379 1652 Titii

137 1675 293 1754 virtutos
319 1683 356 1744 et
379 1673 584 1744 immanem
610 1673 815 1746 Domitiani
841 1672 1093 1746 crrrdalitatom
1118 1671 1380 1744 sambram-t

138 1784 204 1844 rat
256 1771 459 1844 Annalium
484 1774 586 1843 anim
612 1773 785 1863 sedecim,
811 1772 1061 1844 Historiarum
1079 1771 1365 1869 qrratuordccim

137 1871 254 1943 libros
288 1872 413 1963 luisse,
446 1872 510 1942 vix
543 1873 682 1966 ambigi
711 1875 857 1968 putarit
909 1872 1008 1945 Illud
1033 1874 1074 1944 in
1100 1873 1257 1944 dubium
1281 1880 1382 1958 non*

138 1981 593 2144 iais⁰⁰ql⁸l¹al⁰⁶ii¹¹¹
615 1969 1292 2160 tttittttttttbmtlt
1313 1993 1368 2140 t:

138 2169 219 2242 MS.
246 2170 344 2244 Flor.
393 2123 670 2264 Langobaidico
691 2171 917 2265 adscriptum
943 2181 1016 2242 ast:
1042 2166 1210 2243 Cornelii·
1230 2161 1368 2240 Taciti

139 2267 236 2342 liber
268 2283 423 2343 octaous
455 2267 614 2342 demutas
647 2294 694 2342 ea
723 2269 826 2344 licit:
872 2271 946 2343 iuci
977 2271 1007 2342 it
1040 2292 1156 2344 unaue
1189 2266 1367 2357 demus,

139 2368 226 2440 libri
244 2371 314 2443 ΠΙ.
341 2371 436 2442 Hist.
462 2371 503 2442 in
528 2369 636 2442 MSS.
702 2369 765 2441 arl.
791 2369 896 2443 Bodl.
946 2395 995 2442 as.
1049 2365 1217 2442 Cornelii
1249 2363 1367 2441 Taci-

140 2468 172 2541 ti
184 2483 349 2548 octonum
357 2465 582 2542 diurnalium
595 2466 778 2543 historiae
791 2475 989 2566 Augustae
1002 2467 1146 2545 lilarX
1150 2467 1284 2544 VIIII
1299 2494 1367 2541 cu-

101 2631 107 2650 ,
170 2565 273 2642 licitt
307 2569 443 2670 incipit
467 2569 658 2642 vicesimus
682 2567 860 2663 feliciter,
895 2569 982 2641 libri
999 2573 1063 2644 IV.
1090 2573 1186 2644 Hist.
1213 2573 1253 2642 in
1279 2569 1366 2642 MS.

136 2590 235 2741 Mad.
287 2663 399 2742 Gora.
424 2661 552 2740 Taciti
568 2665 664 2740 liber
682 2665 766 2744 XX.
793 2665 973 2772 explicit:
999 2671 1075 2744 iaci
1104 2673 1135 2744 it
1155 2667 1261 2745 XXI.
1284 2669 1368 2742 An-

136 2767 242 2839 ‘nalas
266 2793 354 2841 vero
379 2778 416 2840 at
428 2767 612 2840 Historiae
628 2769 668 2838 in
683 2767 792 2842 MSS.
811 2781 847 2841 et
861 2771 942 2841 edd.
963 2769 1045 2842 Put.
1103 2771 1166 2842 'vii
1191 2781 1229 2842 at
1241 2769 1366 2842 Rben.

145 2868 176 2940 l.
202 2867 238 2940 2.
265 2865 300 2942 3.
327 2869 577 2939 inscribuntur
604 2865 800 2940 Annalium
825 2868 884 2939 vel
909 2865 1169 2944 Historiarum
1203 2867 1261 2941 val
1288 2863 1369 2941 Ac·-

142 2967 277 3039 tiaoura
311 2964 533 3041 diurualiura
563 2966 612 3040 ab
638 2991 789 3042 eaceasu
813 2971 981 3065 Augusti
1006 2967 1096 3044 libri
1120 2967 1274 3042 sedecia
1300 2971 1370 3062 qui

142 3067 653 3262 tt'ttlttlltttttt
675 3071 967 3256 attilii
985 3069 1369 3241 ttttttt'tt·

1356 3221 1368 3259 2

142 3267 244 3360 quod
277 3268 426 3340 Tacitus
458 3268 499 3336 in
524 3267 731 3340 Annalibus
765 3281 944 3340 extremas
969 3269 1129 3364 Augusti
1161 3291 1369 3363 omnesque

142 3365 297 3456 Tiberii,
321 3364 425 3456 ¹Caii,
458 3364 605 3438 Claudii
639 3393 679 3439 ac
704 3369 858 3440 Neronis
893 3391 951 3439 ras
983 3370 1125 3440 tradere
1156 3363 1275 3439 voluit
1306 3369 1366 3454 (u.

143 3465 241 3536 Ann.
273 3467 304 3556 l,
334 3465 388 3551 l.)
421 3475 457 3535 at
489 3467 529 3536 in
563 3466 660 3539 libro
676 3468 790 3540 xvl.
816 3467 948 3539 ultima
978 3469 1135 3540 Neronis
1168 3468 1241 3540 fata
1272 3466 1369 3537 rese-

101 3583 103 3592 ’
142 3575 284 3636 nmtur.
335 3565 418 3636 Hoc
451 3563 668 3660 intelligitur
701 3577 781 3639 tum
817 3592 861 3637 ex
898 3569 1136 3663 inscriptione
1170 3566 1249 3638 MS.
1274 3565 1366 3660 aeg.

145 3659 186 3735 0.
223 3659 390 3737 Cornelii
430 3657 558 3738 Taciti
594 3663 785 3739 Historici
822 3663 983 3739 illustris
1012 3665 1132 3742 XXX.
1174 3663 1368 3754 libranum,

144 3785 235 3859 quos
260 3760 418 3853 aedidit,
442 3763 659 3858 fragrueuta
685 3765 868 3867 incipiunt
900 3777 1005 3838 atax
1035 3768 1156 3838 verbis
1181 3765 1368 3857 Hierony-

143 3865 199 3936 mi
223 3866 265 3934 in
289 3874 486 3934 comment.
519 3866 559 3936 in
585 3863 798 3936 Zachariam
823 3863 859 3954 3,
888 3865 944 3940 14.
978 3864 1111 3957 „Haec
1136 3864 1255 3938 aucuia
1276 3861 1368 3964 pla-

143 3963 291 4036 uisaiue
307 3957 502 4066 Iosephus,
527 3965 590 4059 qui
604 3959 795 4038 ludoicum
813 3965 972 4067 scripsit
996 3961 1191 4038 historiam
1216 3976 1252 4035 et
1277 3959 1369 4034 mul-

145 4075 184 4135 to
217 4061 376 4159 najara,
415 4085 521 4158 para
552 4061 709 4159 legimus
739 4065 778 4137 ia
800 4061 1013 4166 prophetis,
1052 4087 1114 4138 eos
1146 4063 1369 4136 sustiuuisse

144 4175 417 4234 conmemorat:
445 4157 639 4239 Cornelius
664 4186 803 4258 auoque
832 4157 1001 4254 Tacitus,
1032 4165 1096 4259 qui
1117 4177 1209 4265 poet
1233 4165 1368 4256 Augu·

145 4273 237 4334 amm
261 4283 373 4355 uaqrre
397 4259 451 4334 ad
472 4277 621 4336 uortera
634 4261 840 4338 Domitiani
854 4265 956 4338 uitas
975 4261 1174 4338 anaarutu
1200 4263 1369 4359 triginta
