2904 4798
311 209 454 276 CAPUT
476 209 550 276 XX.
568 209 659 276 xxl.
694 207 1075 289 (1111811111)
1236 210 1298 276 tot

81 381 114 434 in
133 378 225 434 Galba
242 395 268 432 c.
287 381 313 434 4.
332 378 383 432 abi
400 393 459 432 non
477 376 606 443 Tiberio,
626 375 676 432 sed
693 375 824 455 Augusto
841 379 1024 457 praesagium
1041 377 1097 432 boc
1111 375 1226 443 tribuit,
1245 393 1299 432 nec

81 451 117 504 de
136 449 256 504 consule
275 449 374 517 Galba,
400 449 450 504 sed
473 465 574 520 puero.
612 448 658 502 lta
675 457 792 504 censeat
814 449 931 521 aliquis,
956 449 1128 506 Suetonium
1153 448 1203 502 vel
1226 448 1298 502 alios

80 529 212 576 auctores
232 528 362 574 secutum
381 520 430 574 vel
448 521 588 574 memoria
607 520 735 590 lapsum3
759 522 813 576 etsi
831 523 930 592 potuit
946 531 1013 578 uter
1054 521 1204 576 ediverso
1227 527 1299 573 tem·

80 609 152 664 pora
169 592 354 663 praedixisse.
392 589 448 646 Sed
465 593 544 646 itane
562 591 659 645 verbis
677 593 825 646 iisdem?“
843 592 921 662 Lipa.
942 595 988 649 of.
1007 613 1023 648 a
1062 597 1088 660 1,
1106 593 1133 657 d,
1155 595 1180 646 1.
1200 589 1300 656 „Quid

80 665 106 716 si
125 665 264 730 dicemus,
293 661 426 718 Tacitum
444 663 551 732 duplex
577 666 761 747 praesagium
779 664 905 748 Augusti
928 675 958 722 et
975 663 1088 720 Tiberii
1113 660 1298 716 confodisse?

79 754 146 790 nam
165 735 255 790 verba
281 750 376 790 aeram
399 749 432 788 ac
456 733 563 788 breuem
585 741 742 802 potentiam
764 737 933 805 signeficans
956 754 1016 791 non
1034 734 1213 790 conveniunt
1231 733 1298 786 eatis

80 807 177 860 verbis
195 813 226 860 tu
245 805 409 875 artandoqaie
427 805 595 872 degeatobie
613 807 791 874 imperium.“
809 809 878 861 lirn.
907 807 963 863 Sed
980 822 1044 862 aera
1059 805 1189 875 potentia
1207 804 1299 880 signi-

78 877 186 931 ficatur
204 893 275 931 voce
294 877 468 948 quandoque,
487 873 525 942 (v.
544 877 581 930 ad
598 881 625 941 1,
642 885 670 944 1,
689 881 714 934 7.
733 886 763 933 et
781 884 807 943 1,
825 884 853 946 o,
871 880 909 948 1.)
937 888 967 934 et
987 878 1081 934 dreoia
1097 877 1186 930 verbo
1211 876 1299 944 degu-

79 949 181 1015 stabis,
209 955 242 1002 ut
260 949 388 1002 delibare
415 945 547 1002 bonorem
564 966 610 1018 ap.
629 949 693 1008 Lir.
712 950 743 1013 b,
762 953 805 1006 11.
842 951 917 1006 Nam
945 952 987 1006 ita
1009 955 1188 1018 usurpantur
1210 945 1299 1000 rerba

77 1028 208 1088 gratare,
238 1020 400 1087 temerare,
428 1020 530 1085 libare,
555 1020 690 1088 delibare,
719 1020 889 1092 metaphora
905 1023 998 1092 petita
1015 1015 1123 1076 a‘cibis
1143 1019 1192 1072 vel
1210 1017 1298 1081 vinis,

78 1108 151 1160 quaa
168 1091 297 1162 primum
316 1099 365 1144 aut
383 1091 493 1146 leviter
511 1098 540 1146 et
556 1091 661 1162 primia
681 1111 704 1146 s.
718 1093 896 1164 primoribus
915 1093 1004 1147 labris
1023 1090 1133 1162 (prima
1148 1089 1297 1144 labrorum

77 1161 176 1232 parte)
195 1169 360 1238 gustantm,
379 1181 409 1214 v.
428 1180 453 1216 c.
472 1169 594 1231 gratare
609 1161 818 1233 physiologiam
832 1164 938 1233 primia
956 1163 1047 1218 lubria
1065 1162 1128 1216 Gic.
1155 1161 1191 1215 de
1209 1161 1246 1212 N.
1260 1157 1296 1212 D.

79 1239 106 1299 1,
124 1236 151 1290 8.
172 1234 324 1300 degaeetare
342 1232 455 1303 aliquid
473 1235 508 1288 de
525 1234 632 1300 fabalia
651 1235 712 1292 Cic.
731 1235 768 1290 ad
785 1235 844 1290 Att.
864 1239 917 1302 1³,s
927 1238 972 1292 to.
997 1233 1123 1288 delibare
1141 1231 1233 1286 obiter
1250 1245 1298 1282 ar·

78 1311 122 1356 tec
154 1303 234 1357 Ovid.
264 1305 342 1358 Fast.
368 1309 394 1370 1,
422 1309 481 1364 169.
506 1299 651 1374 γεύεσθαι,
682 1301 885 1376 dromedarios,
912 1300 1109 1376 προγεύεσθαι.
1152 1302 1299 1358 Similiter

78 1375 199 1430 odorari
213 1372 420 1442 philosophiam
444 1377 539 1432 0.19.
565 1378 641 1446 quod
664 1380 784 1450 proprie
806 1379 842 1434 de
864 1379 983 1432 canibus
1006 1377 1115 1432 dicitur
1139 1372 1297 1452 sagacibus.

79 1474 112 1484 -
132 1446 251 1500 Graecia
268 1447 361 1500 verbio
379 1446 411 1498 in
429 1445 500 1501 lanc
517 1449 686 1504 coutentium
704 1449 844 1505 allocutae
871 1448 935 1504 scil.
955 1457 1006 1506 eat.
1038 1448 1085 1502 Gt.
1106 1445 1170 1500 ind.
1190 1445 1244 1498 111.
1269 1461 1298 1496 11.

77 1517 201 1586 Ellipeea
220 1518 245 1573 1.
260 1536 288 1568 a.
315 1549 349 1560 -
374 1518 413 1570 Et
437 1525 477 1582 ta,
503 1517 601 1584 Galba,
625 1522 788 1591 quandoque
817 1521 981 1590 degustabis
1005 1518 1164 1588 inspeciem,
1189 1516 1299 1570 Graece

75 1591 125 1676 aab
150 1585 183 1642 σύ
209 1587 345 1676 11111111,-
367 1585 531 1675 riyeporelac
554 1585 639 1698 yeipp
666 1591 742 1662 apud
765 1591 881 1717 loseph.
912 1599 942 1646 et
967 1591 1055 1646 Dion.
1074 1591 1107 1642 ll.
1127 1589 1163 1672 ll.
1191 1588 1238 1672 eal
1254 1581 1299 1651 σὺ,

75 1661 918 1789 titttaf'‘t“tttttltttttttnt·itt...‘i‘
931 1665 1242 1797 tramittit,
1259 1659 1298 1782 ⁰5:

75 1803 114 1858 ad
131 1806 158 1866 1,
176 1806 221 1871 17,
242 1807 267 1861 1.
287 1833 319 1844 -
338 1803 420 1856 cuias
437 1803 616 1872 apiscendae,
635 1805 838 1872 addiscendam
856 1806 927 1860 Ern.
953 1831 986 1844 -·
1012 1805 1087 1873 apud
1108 1801 1245 1867 1111111111,
1270 1819 1298 1852 1.

75 1873 114 1927 ad
134 1879 158 1937 1,
177 1877 203 1940 1,
222 1875 248 1930 6.
268 1881 297 1928 et
315 1873 381 1927 ind.
401 1875 440 1928 11.
460 1893 489 1933 v.
509 1877 602 1943 Apud.
632 1905 666 1917 -
692 1875 871 1947 Tlraeyltam
894 1877 957 1933 edd.
983 1893 1041 1930 rec.
1075 1873 1252 1928 Thrasullum
1270 1878 1300 1925 et

79 1945 241 1998 Trasullum
265 1944 327 2000 edd.
355 1953 413 2002 ret.
442 1955 510 2000 ante
532 1947 649 2005 Ernest.
676 1948 721 2002 Cf.
742 1949 777 2002 ad
796 1955 822 2014 1,
841 1953 867 2012 1,
886 1951 912 2004 1.
953 1947 1118 2017 Tltraeyllae
1142 1942 1300 2001 celeberri-

75 2035 142 2070 mua
160 2015 388 2082 Mathematicus,
407 2015 644 2086 Tiberiioomes‚
673 2019 889 2074 contubernalis
909 2026 939 2072 et
954 2036 1044 2088 praec
1082 2026 1139 2080 tor,
1161 2018 1213 2087 qui
1237 2017 1299 2069 for·

76 2096 153 2140 tasse
172 2095 201 2140 et
219 2088 309 2141 libros
327 2089 446 2158 scripsit
464 2088 498 2142 de
516 2106 549 2143 re
567 2089 687 2156 medica,
706 2106 778 2162 quos
796 2091 909 2161 saepius
927 2089 1057 2144 laudat?
1071 2089 1157 2146 iuius.
1177 2106 1205 2140 v.
1217 2086 1297 2141 Suet.

76 2160 110 2210 in
128 2157 201 2233 Aug.
220 2160 264 2214 88.
283 2159 316 2212 in
333 2155 398 2212 Tib.
419 2161 463 2214 11.
482 2163 526 2216 81.
547 2160 579 2212 in
598 2159 659 2213 Gal.
679 2165 720 2218 lo.
746 2160 866 2225 111οὸ7,
887 2163 930 2216 15.
950 2163 995 2227 68,
1014 2161 1057 2218 17.
1082 2163 1128 2216 18.
1157 2159 1233 2228 inpr.
1252 2160 1299 2221 57,

76 2233 121 2284 11.
141 2228 270 2282 luvenal-
290 2230 318 2295 6,
336 2231 399 2286 578.
419 2229 470 2282 ubi
487 2239 572 2284 vetus
591 2228 809 2286 Scholionest:
832 2229 1002 2296 Tlraaillue,
1020 2231 1175 2284 multarum
1192 2229 1300 2281 artium

75 2299 227 2352 erientiam
255 2301 413 2367 proferena,
443 2307 587 2366 postremo
612 2318 642 2356 ee
666 2301 745 2354 dedit
768 2299 934 2356 Platonicae
956 2309 1049 2355 aeetae
1067 2317 1102 2353 ac
1120 2299 1222 2354 deinde
1239 2315 1299 2352 ma-

76 2366 165 2422 illesi:
191 2384 246 2440 qna
262 2370 414 2438 praecipue
431 2361 525 2438 otgarii
543 2371 619 2439 apud
640 2371 795 2437 Tiberium,
820 2389 882 2426 cum
905 2388 957 2441 quo
984 2373 1035 2425 aab
1052 2367 1157 2424 bonore
1175 2369 1300 2422 eiusdem

75 2440 152 2494 artie
169 2440 360 2510 familiariter
376 2441 467 2505 eisin
495 2458 575 2512 quem
591 2449 691 2511 postea
711 2442 843 2498 Tiberine
870 2443 1016 2512 ininsula
1033 2441 1132 2496 Rlodo
1154 2440 1299 2508 praecipi-

75 2518 141 2564 tare
159 2509 247 2565 voluit
266 2511 298 2564 in
311 2511 447 2580 pelagum
464 2514 548 2582 quasi
566 2514 709 2568 conectam
723 2515 898 2583 praeassieaae
916 2514 1084 2582 (promissae
1106 2513 1183 2568 coni.
1209 2511 1299 2576 Pith.)

75 2582 289 2640 dominationis.
327 2582 858 2656 0111111111.91111111111111111,
885 2585 973 2654 fugit.
1125 2599 1128 2605 ·

516 2745 709 2800 CAPUT
762 2736 858 2800 xxt'.

161 2853 322 2918 Quotiens
345 2871 447 2934 super
467 2853 527 2916 tali
550 2855 685 2942 negotio
707 2854 924 2934 consultaret,
951 2853 1040 2917 edita
1065 2853 1182 2915 domus
1204 2861 1298 2936 parte

74 2953 114 2996 ac
141 2935 256 2997 liberti
291 2936 391 2998 unius
417 2938 620 2998 conscientie
649 2937 817 3000 utebatur.
875 2937 907 2999 Is
944 2939 1118 2999 literarum
1149 2937 1298 3020 ignarus,

74 3036 219 3100 corpore
241 3017 366 3096 valido,
395 3039 457 3101 per
479 3021 555 3081 avia
576 3040 615 3082 ao
636 3019 777 3102 derupta
812 3021 903 3096 (nam
931 3023 1018 3082 saxis
1044 3019 1161 3081 domus
1189 3020 1298 3079 immi-

72 3102 145 3178 net)
167 3103 320 3182 praeibat
340 3121 427 3175 cum,
450 3104 545 3164 ouius
567 3111 675 3165 artem
702 3105 848 3185 experiri
874 3102 1031 3164 Tiberius
1057 3103 1239 3174 statuisset,
1265 3109 1299 3162 et

71 3183 333 3329 regredientem,
372 3187 400 3246 si
432 3186 590 3248 vanitatis
619 3194 677 3247 aut
697 3184 852 3248 fraudum
882 3188 1027 3267 suspicio
1049 3188 1240 3261 incesserat,
1262 3185 1297 3243 in

69 3287 113 3328 su
137 3269 260 3330 iactum
281 3287 372 3330 mare
394 3269 648 3350 praecipitabat,
676 3289 718 3330 ne
739 3267 839 3332 index
861 3269 974 3330 arcani
1003 3271 1187 3330 exsisteret.
1231 3268 1298 3352 lgi-

70 3360 131 3434 tur
152 3349 352 3430 Thrasyllus
381 3349 499 3413 iisdem
521 3353 661 3434 rupibus
683 3351 851 3430 inductus,
879 3359 1052 3434 postquam
1079 3359 1297 3434 pereunctan-

69 3443 142 3496 tem
169 3441 396 3498 commoverat
422 3436 604 3518 imperium
626 3436 691 3518 ipsi
713 3443 748 3498 et
768 3439 881 3497 futura
902 3436 1058 3497 sollerter
1088 3437 1298 3517 patefaciense

70 3521 318 3602 interrogatur,
339 3537 383 3578 an
405 3537 493 3582 enam
514 3537 639 3602 quoqne
658 3519 831 3602 genitalem
852 3518 959 3581 boram
971 3521 1188 3599 comperisset:
1209 3537 1296 3600 qoem

72 3611 139 3664 tam
160 3618 286 3677 onnam,
308 3601 429 3682 quatem
450 3601 530 3665 diem
552 3601 705 3666 11111111
726 3602 787 3664 Ille
807 3605 936 3684 positus
957 3600 1104 3664 siderum
1132 3623 1171 3666 ac
1192 3604 1297 3685 spatia

70 3682 242 3746 dimensus
263 3683 405 3748 haerere
426 3687 548 3768 primo,
571 3685 649 3748 dein
670 3698 850 3770 pavescere
878 3693 922 3764 et,
949 3693 1107 3769 quantum
1136 3687 1296 3768 introspi-

71 3773 179 3844 ceret,
199 3768 305 3854 magia
327 3770 489 3856 armagis
511 3768 662 3853 trepidus
683 3768 913 3832 admirationis
940 3777 974 3832 et
1001 3776 1107 3830 metus
1127 3777 1297 3852 postremo

58 3849 248 3930 'eademne
282 3849 460 3934 ambignum
488 3852 554 3916 sibi
580 3873 620 3915 ac
650 3874 753 3936 prope
787 3853 928 3917 ultimam
964 3853 1131 3915 discrimen
1162 3853 1295 3915 instare.

71 3931 165 3994 Tum
185 3935 373 4016 complexus
403 3955 478 3998 eum
500 3935 659 4000 Tiberius
687 3939 873 4020 praescium
894 3935 1124 4014 periculorum
1151 3943 1185 3997 et
1205 3937 1297 3996 iaco-

72 4018 199 4078 lumem
234 4019 308 4079 iore
340 4026 515 4103 gratatur3
549 4039 695 4104 quaeque
722 4020 853 4083 dixerat
884 4019 989 4081 oracli
1023 4021 1097 4082 vice
1133 4019 1296 4101 accipiens

71 4102 165 4162 inter
184 4101 321 4164 intimos
342 4103 526 4164 amicorum
547 4111 649 4169 tenet.
1181 4129 1186 4140 ·

147 4240 172 4292 1.
192 4237 350 4306 superlati
369 4237 483 4306 negotio
503 4239 565 4294 edd.
585 4257 643 4294 rec.
663 4257 698 4295 ex
719 4242 831 4297 emend.
852 4239 930 4293 Piala.
956 4247 1070 4308 ruperto
1096 4238 1211 4309 negotio
1237 4238 1294 4292 MS.

73 4329 101 4365 v.
123 4306 159 4362 ad
177 4311 203 4372 1,
222 4309 268 4374 83,
286 4309 313 4364 l.
333 4325 418 4378 cuper
436 4311 551 4379 negotia
570 4311 632 4366 edd.
653 4321 712 4366 vet.
738 4321 806 4368 ante
825 4311 904 4369 Picb.
929 4327 1014 4379 anper
1037 4329 1067 4366 eo
1097 4329 1122 4368 n.
1148 4329 1188 4366 ac.
1213 4329 1296 4383 prae-
