2774 4784
360 303 364 312 ¹
408 209 699 300 rnorrrso.
723 213 764 281 11.
896 200 898 213 ’
1158 213 1208 268 xv

43 385 229 462 utemur
243 385 430 477 asarmot,
457 387 734 482 (Hieronymus
751 395 873 456 autem
892 385 938 456 ab
964 407 995 456 a.
1014 381 1104 456 Chr.
1121 381 1205 458 331.

43 488 154 562 ulto.
184 489 281 578 vixit,
315 512 390 583 quo
420 497 589 582 tempora
619 488 743 558 virum
777 485 1035 586 doctissimum
1066 485 1106 556 in
1138 483 1208 554 hac

44 612 68 656 re
85 611 194 658 mnaso
216 587 314 658 haud
337 585 529 681 probabile
554 587 623 672 est)
658 597 740 656 tum
772 605 817 655 ex
851 585 994 656 ambitu
1027 583 1206 655 Historia

42 713 113 757 mn:
144 711 222 756 nam
237 707 426 758 numerus
451 687 545 758 XIV
568 685 751 756 librorum
776 683 894 778 plane
928 683 1066 755 sufficit
1095 684 1206 754 rebus

41 785 149 872 Galbae,
177 783 345 874 Othonis,
379 783 532 873 Vitellii,
564 784 791 878 Vespasiani,
830 785 906 857 Titi
941 794 977 854 et
1001 783 1206 854 Domitiani
1283 843 1293 876 s

41 885 201 954 enarrandis
224 885 263 956 in
287 883 475 973 Historiis,
501 885 570 954 etsi
595 893 751 978 quatuor
784 883 873 954 libri
905 885 1045 978 priores
1077 907 1125 954 ne
1150 883 1206 952 in-

41 995 142 1074 ugrum
171 985 318 1078 quidem
350 984 542 1054 biennium
576 993 613 1054 et
636 984 770 1056 decem'
800 975 1206 1077 posterioresspatium
1296 1069 1304 1079 .

41 1083 89 1152 iere
107 1106 267 1154 annorum
290 1083 432 1155 XXVI.
459 1083 505 1154 ab
531 1107 561 1152 a.
588 1080 635 1156 U.
661 1082 745 1156 824.
772 1083 816 1154 ad
842 1108 873 1154 a.
901 1083 985 1158 849.
1025 1081 1207 1176 compleo-

40 1191 135 1252 tuntur.
179 1181 273 1254 lllud
298 1184 400 1254 enim
424 1183 634 1270 biennium,
657 1205 733 1276 quo
758 1192 829 1252 tres
855 1184 1098 1277 Imperatores
1129 1203 1207 1273 reg·

40 1289 180 1370 naverunt,
203 1281 331 1352 miultis
355 1305 401 1378 ac¹
421 1281 647 1374 gravissimis
672 1281 863 1351 eventibus
889 1283 1033 1374 insigne
1057 1281 1138 1370 luit,
1171 1290 1208 1350 et
1308 1364 1309 1368 Ἰ

39 1403 169 1450 numerus
191 1379 372 1452 librorum
397 1381 507 1450 rebus
532 1380 653 1473 gestis,
688 1403 764 1452 non
789 1382 894 1452 annis
928 1381 1207 1452 accommodan-

39 1479 85 1548 dos
102 1490 153 1550 est
198 1481 296 1552 Hinc
321 1480 466 1574 primus
497 1502 644 1573 quoque
669 1478 873 1552 Annalium
906 1479 1002 1551 liber
1032 1503 1108 1552 non
1133 1480 1207 1551 nisi

39 1577 111 1666 dnos,
137 1580 194 1649 sed
218 1580 394 1675 quinque,
438 1579 503 1673 qui
537 1602 625 1650 eum
650 1581 849 1673 excipiunt,
885 1581 977 1651 dnos
1003 1590 1039 1651 et
1063 1579 1213 1672 viginti,

38 1699 64 1744 a
80 1689 208 1770 quatuor
232 1678 413 1772 postremi
437 1678 715 1772 quatuordecim
732 1703 854 1751 annos
875 1679 1209 1773 comprehendunt

39 1773 179 1848 Praeterea
200 1777 387 1872 perbrevis
412 1776 483 1850 tuit
507 1779 718 1850 dominatus
742 1779 820 1850 Titi
845 1788 882 1850 et
905 1779 1068 1850 maxima
1088 1777 1208 1872 quinti

38 1871 95 1944 libri
113 1901 185 1969 pars
207 1879 284 1948 iam
308 1877 487 1970 pertinuit
512 1877 558 1948 ad
582 1877 786 1970 primordia
809 1879 970 1973 imperii,
1009 1878 1110 1974 quod
1136 1879 1207 1951 Ve-

37 1975 180 2064 spasianus
203 1977 420 2048 obtinuerat.
471 1974 682 2069 Itaquevel
707 1975 773 2046 has
800 1978 848 2047 ob
875 1999 1000 2050 causas
1033 2001 1111 2048 non
1145 2001 1207 2048 au-

37 2069 150 2144 diendus
178 2085 232 2146 est
264 2073 488 2146 Niebuhrius
513 2075 575 2146 int
615 2074 747 2146 Rhein.
775 2075 949 2147 Museum
983 2077 1044 2148 fiir
1068 2073 1205 2147 Philol.

38 2167 112 2256 ut
138 2171 258 2266 usos
273 2195 326 2268 sq.
360 2174 426 2244 ubi
450 2175 666 2266 suspicatur,
704 2173 871 2269 triginta
889 2171 1137 2270 notaminibus
1167 2177 1208 2246 in

36 2266 209 2364 Hieronymi
232 2272 256 2342 l.
271 2271 297 2342 l.
326 2270 422 2344 solos
448 2273 697 2344 Historiarum
728 2272 844 2346 libros
878 2275 1072 2368 designari.
1132 2272 1208 2346 Sed

35 2368 166 2442 medum
188 2370 278 2442 aliae
304 2379 341 2440 et
364 2372 558 2464 graviores.
610 2372 704 2443 Nam
728 2373 781 2442 ita
804 2373 966 2462 Tacitus,
991 2375 1057 2468 qui
1087 2374 1209 2446 brevi-

36 2473 112 2538 non
132 2471 166 2540 in
190 2471 299 2542 rebus
325 2477 361 2540 et
385 2471 509 2543 verbis
534 2471 689 2558 amabat,
727 2473 844 2542 nimia
868 2470 1078 2566 prolixitate
1110 2472 1208 2543 lasti·
1274 2513 1296 2566 ,ι

35 2563 106 2636 dum
134 2580 283 2642 creasset
317 2567 526 2658 lectoribus,
566 2580 603 2640 et
636 2569 890 2664 Hieronymus
924 2571 1059 2643 diserte
1100 2573 1206 2644 dicit:

35 2657 179 2744 „Paciae
206 2683 322 2770 porr
353 2670 616 2763 Augustum
640 2666 873 2763 usquead
902 2684 1091 2744 mortem
1115 2669 1207 2744 Do-

34 2762 176 2840 aiu'oui
197 2769 299 2840 nitor
324 2761 524 2840 Cossorum
548 2765 663 2842 XXX
683 2766 922 2842 columinibus
946 2765 1159 2844 eoorooit.“
1310 2781 1318 2794 ·

101 2865 129 2936 4.
152 2864 325 2940 Annales.
377 2868 430 2940 Hi
463 2877 547 2962 post
562 2917 565 2924 -
578 2868 760 2940 Historias
798 2871 937 2963 scripti,
970 2895 1090 2964 neque
1124 2877 1208 2940 ante

34 2959 105 3032 oU.
126 2963 201 3041 868.
227 2965 317 3036 Chr.
350 2967 428 3041 ll5.
456 2965 593 3064 vulgati
618 2978 713 3038 sunt.
766 2966 865 3040 Illud
891 2971 1061 3063 cognosci
1085 2979 1208 3062 potest

34 3080 61 3126 ‘²¹
83 3061 165 3134 dnn.
192 3067 247 3152 ll,
278 3067 334 3140 ll.
366 3066 437 3138 hoc
471 3091 515 3136 ex
539 3067 637 3138 Ann.
665 3067 701 3157 2,
736 3066 794 3140 61.
823 3079 859 3139 et
891 3069 925 3158 4,
959 3069 992 3141 4.
1034 3089 1208 3162 usupra

34 3157 312 3236 stauracium
337 3165 419 3236 fine.
470 3165 675 3236 Annalium
699 3177 836 3238 restant
860 3167 949 3238 libri
973 3167 1029 3239 IV
1054 3168 1207 3262 priores,

35 3267 123 3330 aava
143 3265 280 3334 circiter
305 3289 389 3358 pars
413 3265 546 3360 quinti,
572 3275 707 3354 sextus,
732 3290 843 3359 quem
867 3291 891 3337 e
914 3267 1044 3361 quinto
1061 3269 1207 3362 primus

35 3353 169 3432 disiunxit
189 3363 355 3458 Lipsius,
379 3375 415 3434 et
438 3363 495 3436 Xl
509 3403 558 3418 -—
573 3365 676 3436 XVI.
705 3389 726 3434 e
752 3368 887 3460 quibus
912 3367 979 3439 XI.
1015 3369 1138 3461 prima
1171 3375 1207 3437 et

36 3449 105 3527 lli.
126 3471 280 3534 extrema
304 3475 405 3558 parte
430 3463 585 3534 mutilus
610 3473 675 3536 est.

241 3645 290 3717 Il.
342 3643 501 3718 DUBIA
526 3643 702 3720 TACITI
727 3643 951 3730 SCRIPTA.

106 3774 130 3845 l.
152 3774 339 3875 Dialogus
363 3777 411 3852 de
435 3775 662 3872 oratoribus,
689 3782 735 3853 de
760 3805 832 3878 quo
859 3808 892 3854 v.
919 3785 954 3878 ς.
983 3781 1086 3856 XIV.
1233 3851 1235 3854 .

46 3961 51 3974 Ι
102 3872 317 3974 bAugoati
340 3881 423 3953 otto
449 3894 486 3952 et
513 3881 698 3953 instituto.
725 3907 759 3950 v.
786 3885 884 3953 Ann.v
911 3881 946 3974 3,
971 3883 1030 3956 24.
1083 3884 1205 3956 Huius

37 3957 118 4038 loelli
139 3979 317 4049 scribendi
341 3979 538 4058 eonsilium
564 3991 708 4074 ceperat
733 3981 893 4073 Tacitus,
926 3985 957 4053 ai
982 3985 1095 4054 vitam
1122 4007 1205 4078 pro-

37 4059 169 4146 docturus
191 4090 286 4150 asset
310 4079 356 4151 ad
381 4081 460 4152 eius
485 4081 775 4173 exsecutionem,
809 4105 922 4178 quam
956 4093 1079 4156 tamen
1104 4107 1205 4156 mors

38 4179 220 4247 iraematnra
243 4179 479 4273 intercepisse
504 4179 658 4250 videtur.

103 4267 132 4342 3.
163 4273 445 4352 Veratianae
478 4294 514 4352 et
554 4271 724 4353 Troiani.
766 4303 800 4350 v.
826 4279 922 4353 Hist
953 4282 984 4372 l,
1022 4283 1052 4354 l.
1107 4282 1205 4363 Quas
