2774 4784
45 235 48 248 .
165 197 284 284 mu·
664 203 890 270 onnocus

165 379 289 443 nostro
319 371 480 462 interest,
514 371 696 446 sollertius
730 375 996 470 examinarunt,
1029 401 1149 476 neque
1186 331 1377 476 siliquam

172 468 426 562 Woltrooonrrs
458 474 499 543 in
532 472 674 568 Proleg.
702 473 748 544 ad
774 474 932 570 translat.
958 467 1095 551 Germ.
1131 501 1288 574 operum
1315 481 1376 552 Ta-

165 571 231 644 citi
255 571 300 643 T.
318 569 365 642 V.
391 595 427 666 p.
446 570 520 661 257
545 595 600 668 sq.
628 573 672 646 T.
697 571 764 645 VI.
789 597 826 668 p.
853 575 898 651 19
923 601 977 672 sq.
1033 575 1204 654 Gramina
1235 579 1276 648 in
1311 581 1377 650 Ma-

165 671 270 764 gaain
295 669 355 741 liir
380 670 517 742 tiffentl.
542 671 706 744 Schuleu
729 675 808 744 und
822 671 1072 768 Schullehrer,
1097 677 1377 752 Bremen1790.

164 771 210 843 T.
234 771 262 841 Ι.
290 769 392 844 Fasc.
414 772 443 842 1.
471 795 507 866 p.
535 770 718 847 37-56.
746 783 782 844 et
798 770 1023 870 Goeriogr'us
1048 780 1089 848 iu
1114 777 1201 849 diss.
1229 777 1280 848 de'
1301 779 1378 848 Dia-

164 868 241 964 logi
275 870 321 941 de
354 872 557 944 oratoribus
587 874 815 968 praestantia,
848 873 987 948 Lubec.
1024 877 1128 954 1829.
1168 877 1209 946 P.
1226 875 1255 948 I.
1293 899 1378 972 quae

165 969 213 1040 ad
249 980 506 1063 argumentum
538 973 618 1044 eius
659 982 805 1067 spectat.
868 973 1017 1047 Horum
1058 977 1378 1048 commentationes

164 1067 261 1166 lectu
287 1078 374 1140 sunt
397 1069 651 1164 dignissimae,
677 1072 741 1142 sed
766 1073 887 1146 aditus
913 1074 960 1146 ad
985 1099 1044 1146 eas
1070 1073 1231 1147 difficilis
1256 1077 1328 1146 erit
1350 1085 1378 1144 et

163 1165 372 1262 permultis,
417 1170 613 1266 praecipue
650 1172 832 1242 iuventuti
865 1171 1111 1262 scholasticae,
1159 1169 1378 1266 praeclusus.

162 1267 262 1340 Hinc
295 1268 407 1338 satius
450 1289 530 1338 esse
564 1269 654 1338 duxi
684 1291 878 1362 excerpere
910 1271 1065 1364 potiora,
1117 1293 1210 1365 quae
1249 1269 1309 1340 illi
1350 1281 1378 1342 et

163 1367 358 1460 praecipue
384 1365 604 1460 Goeringius
638 1367 983 1460 animadvertenmt,
1019 1391 1130 1464 quam
1162 1367 1310 1439 silentio
1345 1393 1378 1440 ea

163 1466 462 1560 praetermittere,
488 1475 551 1536 aut
574 1463 713 1538 horum
747 1467 913 1539 virorum
939 1469 1073 1539 scrinia
1098 1477 1134 1539 et
1166 1467 1378 1561 sapientiam

163 1563 374 1660 compilare,
408 1573 471 1634 aut
502 1563 654 1636 lectores
685 1566 871 1637 remittere
909 1568 988 1638 sive
1022 1567 1069 1638 nd
1094 1565 1212 1637 tontes
1235 1567 1283 1636 iis
1310 1589 1378 1636 non

162 1675 318 1759 apertoS,
352 1664 429 1734 sive
462 1663 509 1734 ad
533 1663 655 1735 solum
687 1659 939 1756 Breviorium,
971 1666 1072 1761 quod
1095 1664 1249 1758 Dialogo
1282 1687 1378 1760 prae·

161 1765 288 1859 posui:
330 1787 418 1834 narn
451 1785 496 1834 eo
529 1765 682 1858 quidem
715 1761 888 1860 pleraque
926 1767 1168 1854 continentur,
1202 1765 1378 1858 equibus

162 1874 243 1936 rum
268 1863 431 1953 materia,
457 1871 538 1934 tum
572 1863 692 1934 forma
716 1861 828 1935 huius
869 1861 1044 1960 colloquii
1078 1861 1221 1935 elucere
1245 1865 1378 1958 possit3

162 1964 228 2036 sed
254 1962 390 2037 omissa
415 1971 501 2034 sunt
526 1986 601 2034 non
626 1987 741 2058 pauca
765 1971 802 2034 et
827 1963 958 2034 acriori
981 1963 1153 2057 indagine
1179 1963 1301 2056 digna.

260 2063 295 2158 ς,
322 2061 411 2136 XX.
462 2062 508 2134 In
532 2061 639 2132 libris
673 2062 865 2134 rhetoricis
907 2063 955 2134 de
991 2062 1175 2157 colloquio
1217 2063 1378 2132 virorum

163 2163 360 2234 doctorum
381 2171 525 2256 praeter
549 2160 630 2253 alia,
657 2185 750 2258 quae
775 2163 859 2234 trita
884 2171 970 2234 sunt
1004 2169 1040 2234 et
1076 2159 1249 2256 vulgaria,
1282 2185 1378 2256 prae-

104 2331 107 2338 .
162 2263 297 2357 cipitur
320 2263 498 2358 primum,
523 2271 566 2334 ut
589 2262 763 2334 maceries
787 2262 866 2332 eius
884 2272 960 2333 tam
974 2263 1015 2333 in
1038 2262 1253 2332 universum
1272 2283 1378 2356 quarn

161 2362 201 2434 iu
227 2360 380 2457 singulis
405 2361 570 2456 partibus
595 2385 670 2432 non
697 2362 744 2432 sit
768 2359 885 2432 furitis
910 2373 947 2435 et
971 2359 1074 2451 levis,
1111 2383 1231 2456 neque
1259 2360 1377 2432 ieiuna

162 2471 199 2533 et
232 2463 344 2551 arida,
381 2457 502 2557 neque
536 2463 648 2532 nimis
674 2461 839 2532 abstrusa
873 2469 909 2532 et
933 2461 1131 2550 recondita,
1171 2459 1377 2531 alacundir

162 2571 200 2632 et
224 2561 420 2632 festivitate
444 2560 572 2650 aliena,
599 2560 663 2632 sed
688 2561 807 2654 gravis
833 2569 869 2632 et
893 2562 1053 2655 copiosa,
1082 2561 1256 2648 sermoni,
1284 2561 1377 2654 inge

162 2658 234 2732 niis
269 2669 305 2732 et
338 2661 505 2730 moribus
537 2659 746 2750 hominum,
790 2661 854 2756 qui
888 2659 1114 2755 disputantes
1145 2659 1377 2730 inducuntur

162 2759 436 2832 accommodata
460 2769 497 2830 et
521 2783 542 2832 e
567 2759 672 2830 cuius
697 2759 926 2854 expositione
950 2784 1026 2830 non
1059 2760 1185 2830 minus
1216 2757 1377 2830 unliun

162 2883 274 2956 quam
307 2858 504 2954 voluptatis
536 2859 618 2953 capi
648 2869 776 2953 queat,
817 2859 951 2930 deinde
982 2869 1024 2930 ut
1056 2859 1179 2952 forma
1215 2859 1377 2930 eiusden

161 2969 377 3053 argumento
403 2967 439 3031 et
463 2957 626 3030 sermoni
651 2955 824 3030 familiari
849 2967 1034 3053 congruat,
1059 2968 1101 3030 ut
1140 2981 1281 3048 omme,
1322 2961 1377 3053 qu}

161 3058 433 3154 colloquuntur,
459 3059 491 3129 si
516 3083 591 3129 non
624 3057 696 3129 alta
721 3067 758 3129 et
793 3057 1006 3152 multiplici,
1037 3057 1167 3129 saltem
1191 3081 1377 3130 commun

161 3159 366 3232 eruditione
390 3159 526 3230 imbuti
552 3159 624 3229 siut
650 3169 757 3254 atque
782 3159 951 3252 ingeniis,
983 3159 1150 3228 moribus
1176 3167 1212 3228 et
1235 3157 1377 3238 indicii]

161 3257 372 3348 dissimiles,
396 3267 438 3330 ut
457 3259 611 3353 quisque
628 3282 757 3330 eorum
782 3253 956 3332 iodicium
972 3254 1084 3330 animi
1102 3255 1202 3330 citro
1220 3251 1376 3330 damnus

161 3357 322 3454 effectus
344 3356 537 3460 proferet,
564 3359 655 3454 (cap.
681 3355 758 3444 27.)
784 3356 821 3427 h.
837 3381 869 3430 e.
897 3367 933 3428 et
958 3355 1074 3428 libere
1099 3367 1146 3448 et,
1178 3366 1221 3428 ut
1245 3359 1373 3428 amico

162 3457 275 3548 decet,
301 3455 475 3546 humane,
499 3457 550 3528 ita
573 3467 615 3530 ut
639 3457 829 3528 neminem
855 3455 1015 3530 offendat
1049 3467 1086 3528 et
1123 3457 1176 3527 sic
1201 3457 1376 3528 amicitia-

159 3559 337 3628 iacturam
361 3557 477 3646 iaciat,
521 3566 563 3628 ut
599 3559 644 3627 ab
681 3558 729 3627 iis
760 3555 904 3651 singula
933 3558 1031 3628 iusto
1062 3557 1216 3652 quidem
1241 3557 1376 3630 ordine

159 3681 236 3729 non
260 3679 348 3728 vero
383 3655 726 3728 mathematicorum
759 3653 819 3726 vel
852 3655 1162 3752 philosophorum
1188 3679 1229 3726 ac
1261 3655 1376 3726 rheto

161 3781 258 3846 rum,
293 3757 358 3828 sed
390 3755 589 3828 hominum
622 3754 937 3828 confabulantium
968 3780 1072 3830 more
1106 3765 1376 3850 pertractentur

160 3867 202 3928 ut
235 3857 350 3927 oratio
383 3857 553 3928 omnium
586 3867 624 3927 et
655 3855 813 3927 elocutio
846 3857 895 3926 sit
927 3879 1020 3950 pura
1044 3866 1081 3926 et
1105 3855 1236 3944 fluens,
1270 3880 1376 3928 versu

160 3957 262 4028 statis
288 3967 324 4029 et
348 3957 574 4046 urbanitatis,
598 3953 736 4051 leporis
762 3966 799 4026 et
824 3953 1017 4028 hilaritatis
1042 3953 1162 4049 plena,
1201 3955 1247 4025 ab
1274 3956 1376 4027 initi.

160 4056 207 4128 ad
243 4055 358 4128 linem
397 4057 457 4128 sui
491 4053 625 4128 similis
665 4065 704 4129 et
738 4066 888 4127 naturae
925 4055 1145 4150 ingenioque
1186 4053 1376 4138 cuiuslibe

160 4167 411 4245 consentanea,
444 4167 488 4227 ut
519 4156 678 4252 denique
704 4156 829 4226 omnia
852 4156 903 4226 ita
928 4165 965 4226 et
990 4155 1214 4226 disserantur
1239 4165 1277 4225 et
1301 4155 1376 4248 per

160 4267 333 4349 agantur,
374 4267 415 4328 ut
448 4279 491 4327 ea
523 4280 597 4328 non
632 4253 763 4348 legere,
797 4253 863 4326 sed
888 4253 1015 4327 audire
1040 4263 1076 4326 et
1101 4277 1250 4328 cernere
1275 4255 1375 4326 nobi
