2890 4790
132 285 137 292 ,
184 199 248 270 scs
513 219 514 226 ¹
573 197 818 268 Auamma
851 197 936 277 ms.
957 197 1015 266 tv.

186 365 310 422 intendit
327 367 356 452 ⁴!
375 363 440 424 23.ιι
457 364 551 451 Dlerl.
587 365 646 422 Sic
655 375 685 421 st
702 383 758 422 non
772 365 915 438 prmissa
929 363 1083 452 prouincia
1098 363 1286 452 dignationem
1301 363 1371 450 cdli:

185 440 267 492 derat
286 437 370 492 Aelia
387 439 505 494 umus
522 439 551 506 3,
568 441 616 496 77.
640 437 726 495 natio
744 440 905 494 munirem
942 437 1048 494 Omnes
1063 437 1237 507 suducsbsnt,
1258 435 1305 492 has
1327 438 1372 490 tals

185 509 296 565 honore
314 509 502 588 dignissimos
521 511 611 568 fuisse
629 519 658 566 st
676 511 826 566 immerito
844 510 967 566 orbatas.

583 751 599 762 ,
691 701 890 752 ψ

431 927 1146 1020 ANNALIUM

662 1089 923 1166 uramara

628 1271 956 1284 ma-m--a-n

532 1411 808 1480 BREVIARIUM
834 1413 953 1480 LIBRI
980 1413 1038 1476 IV.

252 1563 322 1632 Gap·
342 1567 367 1622 l.
394 1531 492 1620 Astis·
510 1563 613 1623 Seiani
630 1567 716 1636 origo
734 1575 761 1621 et
779 1583 880 1620 mores.
917 1569 942 1624 2.
966 1565 1023 1623 Via
1044 1567 1080 1620 al
1105 1579 1136 1620 ea
1160 1567 1201 1620 ad
1224 1565 1378 1620 dominatio·

182 1649 245 1690 nern
268 1637 346 1705 iacta
368 1636 530 1692 astartibus
545 1639 744 1705 praetorianis
761 1638 793 1692 in
817 1629 1078 1692 castra'conductis
1104 1645 1132 1691 et
1159 1637 1309 1691 clientibus
1329 1637 1379 1688 suis

180 1708 220 1761 ad
236 1705 356 1762 lusores
371 1707 521 1776 pecccatis.
557 1713 583 1765 3.
602 1711 733 1764 Insidiae
750 1711 785 1763 al
803 1711 899 1764 eadem
922 1717 1049 1764 structae
1071 1709 1168 1762 Druso
1198 1709 1306 1762 Tiberii
1320 1710 1378 1774 itio.

180 1781 207 1835 4.
230 1778 310 1846 Toga
333 1780 432 1834 uirilis
454 1785 566 1848 sumpta
588 1796 608 1834 a
625 1782 722 1836 Druso
752 1782 916 1836 Gmnanici
941 1782 1012 1848 filio.
1049 1783 1159 1836 Fictum
1190 1781 1298 1836 liberii
1324 1780 1378 1833 iter.

179 1853 206 1906 3.
230 1849 364 1906 Publicus
395 1858 498 1906 status.
528 1851 669 1908 Nurnerus
693 1859 721 1908 et
739 1855 802 1908 loca
833 1853 987 1922 Dgionum,
1016 1850 1177 1908 cohortium
1200 1853 1379 1921 classiumque·

179 1922 207 1978 9.
228 1921 368 1976 Ciuitatis
386 1930 412 1975 et
431 1923 549 1994 imperii
558 1924 654 1980 ratio.

250 1995 276 2046 7.
296 1995 322 2048 3.
342 1993 472 2048 Saevitia
484 1993 595 2048 Tiberii
612 2012 630 2048 a
647 1995 708 2062 filia
726 1995 863 2062 coercita,
882 2001 910 2049 et
928 2001 1013 2050 aucta
1029 1993 1129 2052 Seiani
1142 1993 1276 2072 potentia
1298 1995 1381 2048 Druso

176 2077 229 2134 per
251 2065 526 2125 uenenumsulrtato.
561 2065 735 2122 Constantia
760 2065 910 2136 Principis,
930 2073 958 2121 et
985 2067 1188 2120 commendatio
1216 2066 1334 2122 Neronis
1354 2080 1381 2117 aa

179 2135 271 2189 Drusi
293 2137 417 2202 filiorum
437 2137 611 2191 Germsanici.
646 2143 674 2196 9.
696 2139 807 2192 Tl'iberii
824 2139 973 2192 simulatio
990 2146 1018 2192 et
1037 2139 1123 2204 ivenus
1141 2139 1244 2192 Drusi.
1282 2143 1320 2194 19.
1345 2141 1380 2191 11.

178 2202 267 2260 Falsa
292 2207 327 2261 de
346 2209 446 2262 Drusi
472 2216 563 2262 marte
584 2211 672 2275 sarna.
711 2213 754 2266 12.
778 2211 873 2264 Fauor
899 2209 999 2279 pupuli
1022 2211 1126 2264 noaino
1142 2206 1307 2264 amnentur
1322 2207 1383 2274 filiis

177 2276 329 2350 normaque
350 2281 442 2334 matri
458 2280 650 2350 Agrippinas,
675 2287 704 2336 et
721 2282 849 2336 insidiae
866 2281 909 2337 iis
926 2287 1054 2336 structas
1070 2297 1090 2336 a
1107 2281 1225 2336 samo.
1261 2285 1303 2338 13.
1313 2281 1382 2334 Moe·

178 2367 231 2404 rar
251 2351 363 2406 ricerii
386 2352 541 2427 mitigatus
568 2353 647 2408 ruris
666 2353 805 2407 ciuilibus.
842 2352 881 2406 le
903 2353 1014 2408 ationes
1032 2359 1060 2406 et
1078 2353 1283 2408 accusationes.

250 2425 291 2478 14.
318 2423 389 2478 lura
413 2413 565 2494 asylirum.
601 2423 770 2480 Histriones
786 2441 822 2489 ep
839 2371 931 2481 ltaiia
952 2415 1040 2494 pulsi.
1077 2427 1121 2480 13.
1148 2423 1253 2479 Olitus
1276 2421 1382 2476 allerira

178 2505 212 2545 eu
230 2491 324 2548 Drusi
340 2495 414 2560 filiis
432 2503 459 2548 et
478 2493 586 2548 Lucilii
602 2491 704 2564 longi.
740 2495 895 2552 Damnatio
921 2493 1030 2549 Lucilii
1054 2495 1216 2564 Capitonis.
1257 2493 1382 2564 renuptae

177 2565 211 2617 in
227 2565 302 2617 Asia
320 2566 461 2618 decretum
482 2565 597 2620 Tiberio
620 2567 762 2638 matrique
788 2567 852 2621 eius
873 2581 908 2620 ac
932 2568 1054 2624 senatui.
1092 2565 1185 2620 Grata
1214 2575 1243 2622 et
1269 2565 1383 2620 modesta

176 2635 300 2690 Neronis
318 2637 414 2690 aratio
432 2637 465 2690 in
482 2645 591 2692 senatu.
627 2641 671 2695 13.
689 2637 780 2708 lseges
798 2639 833 2694 de
850 2638 964 2702 diutine
982 2645 1009 2692 el
1034 2637 1180 2702 flaminica
1198 2637 1285 2694 Diali
1308 2651 1382 2703 ruga·

76 2739 80 2752 .
178 2714 233 2762 tae.
270 2707 371 2762 Maius
394 2709 536 2762 salarium
558 2725 698 2778 numasque
721 2709 807 2764 lonas
834 2709 1001 2765 Vestalium.
1045 2713 1088 2770 17.
1118 2710 1191 2764 Vota
1219 2709 1383 2764 sacerdotum

176 2779 319 2832 sollennia
335 2795 389 2846 pro
406 2777 551 2850 Principe,
570 2797 694 2834 necnon
710 2799 765 2852 pra
783 2781 946 2834 Nerone‘aa
963 2779 1076 2838 Druso:
1132 2797 1166 2834 ae
1184 2781 1316 2835 adulatio
1332 2777 1384 2831 dit·
1416 2847 1417 2850 Ἰ

174 2851 264 2918 plicet
285 2849 416 2908 Tiberio.
456 2855 496 2908 13.
515 2855 558 2908 79.
587 2853 752 2906 Germanici
775 2853 939 2920 familiares
967 2851 1064 2906 Titius
1088 2798 1216 2907 goinus
1242 2861 1271 2908 et
1297 2851 1326 2906 0.
1343 2847 1382 2902 Si-

177 2921 236 2975 lius
258 2921 388 2976 accusati
411 2937 430 2975 a
447 2922 560 2978 Seiano.
597 2923 681 2978 Mors
699 2924 864 2979 voluntaria
881 2922 976 2978 Silii.v
999 2925 1043 2980 29.
1062 2923 1151 2978 'Uxor
1175 2927 1241 2980 sias
1264 2924 1296 2977 in
1318 2936 1382 2975 esss-

177 2993 249 3047 tium
266 3001 340 3048 asta.
378 2995 585 3050 Accusatorum
600 2995 740 3064 praemia.
775 2993 942 3054 Moderatio
969 2995 1013 3048 Μ.
1040 2993 1150 3064 Lepidi.
1187 2999 1234 3052 21.
1261 2995 1341 3050 Mors
1355 2989 1381 3042 l·

178 3063 294 3120 Pisanis
312 3081 330 3118 a
349 3063 458 3119 Granio
477 3065 613 3120 accusati.
651 3065 776 3120 Gravior
798 3081 891 3136 paena
915 3065 1015 3124 Cosmi
1039 3067 1138 3120 Seueri
1160 3068 1297 3135 procacis
1319 3061 1381 3116 scri·

173 3138 278 3207 ptoris.
315 3139 359 3194 22.
378 3137 490 3190 Plautii
507 3137 621 3192 Siluani
635 3137 782 3207 moetoris
799 3135 915 3204 lacinus
933 3145 961 3191 el
978 3151 1056 3192 mors
1077 3138 1254 3192 uoluntaria.

246 3211 291 3266 23.
309 3209 355 3266 24.
374 3211 418 3266 25.
438 3207 512 3262 Novi
527 3216 620 3262 motus
643 3215 670 3261 et
693 3225 770 3263 mors
798 3207 997 3274 Tacfarinatis
1021 3225 1040 3262 a
1057 3207 1089 3261 P.
1108 3207 1261 3263 Dolabella
1284 3210 1382 3276 repenle

176 3279 315 3348 oppressi.
357 3281 401 3336 26.
430 3279 628 3349 Triumphalia
652 3287 736 3334 antea
755 3279 862 3334 Blaeso
888 3280 957 3334 data
982 3279 1147 3334 Dolabellae
1167 3279 1281 3349 pelenti
1312 3279 1381 3332 dene·
1416 3323 1417 3330 .

175 3358 292 3418 gantur.
312 3351 406 3404 Donis
424 3350 575 3422 titulisque
592 3357 716 3404 ornatur
732 3348 919 3418 Ptolemaeus,
939 3351 989 3424 qui
1005 3367 1067 3404 eum
1084 3351 1245 3406 adiuuerat.
1271 3353 1312 3408 27.
1326 3351 1383 3403 Ser-

176 3423 232 3474 uile
249 3422 351 3474 lelium
368 3429 474 3476 molum
498 3439 517 3475 a
535 3421 668 3476 Gurtisio
686 3429 714 3476 et
738 3439 757 3476 a
774 3422 1051 3491 Staia'oppressum.
1088 3425 1133 3478 23.
1152 3425 1197 3479 29.
1217 3425 1263 3480 33.
1288 3423 1318 3477 0.
1340 3417 1383 3472 Vt'·

175 3491 241 3545 lius
258 3491 381 3546 Serenus
400 3493 491 3561 exsul,
519 3494 570 3564 qui
587 3493 750 3564 Principem
768 3503 831 3548 octo
849 3500 916 3546 ante
939 3497 1028 3547 annas
1051 3493 1218 3560 offenderat,
1246 3497 1384 3546 occasum

175 3579 194 3616 a
213 3563 273 3628 filio
291 3569 320 3616 el
337 3565 495 3632 Amorgum
512 3569 684 3634 reportatus.
715 3565 850 3620 Pramsia
868 3565 1044 3618 delatoribus
1062 3581 1080 3616 a
1098 3564 1234 3633 Rinclpe
1253 3575 1382 3618 sontem
1416 3615 1417 3620 ,

174 3637 218 3690 31.
238 3635 332 3688 Poena
359 3637 541 3691 acmanto
566 3645 593 3691 el
611 3637 642 3689 P.
662 3637 758 3690 Suillo
775 3635 906 3702 emissa,
931 3635 1042 3690 Pinnio
1066 3635 1137 3690 (lato
1165 3636 1311 3705 &rogatu
1345 3635 1382 3688 37.

106 3753 108 3760 ,
174 3707 220 3762 33.
244 3705 387 3760 Iudicium
416 3707 513 3760 Taciti
540 3709 575 3761 de
598 3708 673 3760 iilrra
697 3724 758 3760 suo.
794 3711 839 3764 34.
859 3711 902 3764 33.
927 3707 1089 3762 armetur
1113 3708 1226 3764 cordus
1246 3705 1386 3760 annalium

175 3774 303 3846 scriptor
317 3778 508 3848 laudatorque'
525 3779 615 3832 Bruti
637 3785 665 3832 et
684 3777 784 3832 cassii
808 3784 977 3836 mumius..
1002 3779 1140 3846 Defensio
1161 3779 1226 3836 cius
1252 3785 1281 3832 st
1299 3777 1385 3830 cotun·

174 3851 255 3902 laria
273 3866 358 3902 nsors.
395 3849 479 3903 Libri
504 3849 632 3915 cremati,
662 3851 713 3906 sed
730 3851 874 3920 ecsrnpiar
890 3865 989 3907 earum
1009 3867 1028 3904 a
1045 3850 1108 3916 filia
1131 3849 1312 3908 occultatum.
1346 3845 1385 3902 39.

176 3919 320 3974 Exsilium
337 3919 493 3990 calpurnii
508 3919 650 3975 salviani.
688 3919 822 3976 Isilertas
841 3921 989 3991 Cyzicenis
1006 3923 1146 3990 adempta.
1187 3921 1294 3978 Vilius
1311 3919 1386 3972 Sere·

175 4008 228 4044 nus
252 3993 443 4046 commutator
466 3992 583 4046 Fonteii
607 3992 768 4060 Capitonis·
804 3997 848 4050 37.
867 3996 911 4050 38.
942 3992 1050 4062 Templi
1075 3991 1166 4048 aanor
1188 3991 1224 4046 at
1249 3988 1385 4058 Hispanis

75 4065 77 4072 ’
174 4063 304 4116 decretus
325 4063 440 4118 Tiberio
457 4069 485 4116 et
504 4065 540 4116 al
556 4079 590 4116 eo
607 4070 728 4132 spretus.
1131 4093 1139 4106 -

244 4137 288 4188 39.
307 4137 350 4189 40.
371 4133 472 4186 Liuiae
487 4133 706 4189 matrimonium·
717 4151 737 4188 a
753 4134 860 4190 Seiana
875 4135 998 4204 petitum
1015 4142 1042 4190 et
1059 4137 1184 4190 modeste
1192 4135 1386 4202 denegatuma

178 4199 302 4255 Tiberio.
340 4209 384 4259 41.
404 4208 450 4260 42.
477 4205 611 4259 Secessus
633 4208 669 4260 al
689 4205 922 4276 vraedtrrmtpr·
945 4221 1049 4262 suam
1066 4224 1087 4262 a
1099 4207 1207 4263 sam
1225 4213 1256 4260 et
1273 4217 1386 4274 persua·

176 4286 231 4322 sus.
271 4277 315 4328 43.
336 4274 508 4342 Legationes
525 4277 697 4332 Graecorum
715 4277 832 4334 auditae
850 4281 885 4334 de
902 4278 966 4334 iure
982 4279 1128 4348 mularum
1139 4275 1387 4337 esreuauratiose
