2904 4798
155 209 217 274 508
543 201 786 268 ANNALIUM
820 203 902 264 1218.
932 199 991 264 Vl.

157 375 296 430 scientiae
315 376 390 428 coni.
417 372 494 426 idem
513 370 591 424 Pich.
618 379 647 424 et
671 385 754 438 alpes·
771 369 858 436 saladi
877 387 904 423 n.
925 370 1029 423 Kiessl.
1060 371 1159 424 Malim
1183 385 1269 438 saper
1296 377 1375 423 tanto

158 445 422 516 n.scil.i1nperio.
455 471 487 482 -
516 443 681 506 incesserat,
707 461 736 494 r.
765 441 800 494 ad
823 442 850 506 3,
874 444 1010 506 16,1-4,
1034 443 1080 504 68,
1101 448 1125 497 l.
1147 450 1177 494 et
1200 441 1263 494 lnd.
1285 442 1323 497 11.
1345 475 1373 483 -

155 517 374 588 praecipitabat,
394 515 433 566 cf.
453 514 488 567 ad
505 516 533 579 2,
552 517 642 580 34,·1.
664 523 693 567 et
711 517 739 578 l,
757 517 801 578 85,
823 520 845 570 t.

227 593 252 645 2.
272 591 472 640 commoverat.-
491 585 626 638 affectum
647 586 758 638 laetitia
777 603 864 656 snper
887 585 949 638 illis
974 587 1134 664 praesagiis
1159 603 1188 638 se
1212 584 1379 638 ostenderat

158 661 292 713 Tiberius
318 667 347 712 et
369 665 534 728 propterea,
559 673 593 710 ne
617 655 701 709 indes
720 657 781 708 eius
806 658 850 709 rei
875 657 1021 720 existeret,
1045 657 1200 711 eonsilium
1227 655 1263 708 de
1287 655 1379 707 exitio

158 731 310 800 Thrasylli
330 736 462 799 ceperats
484 727 590 784 Waltlt.
611 759 644 772 -
663 743 700 780 an
719 742 800 780 snam
817 726 952 792 (Tiberii)
980 745 1088 798 quoque
1109 729 1265 797 genitalem
1282 726 1380 780 horunc

158 801 353 870 comperisset;
371 815 452 869 paean
469 806 527 852 lma
544 799 727 863 (moriturus)
751 815 864 864 annam,
884 801 991 868 walcra
1011 799 1085 852 diem
1103 799 1225 864 lateret,
1251 797 1381 863 (habitu-

159 891 209 926 rus
229 875 316 934 esset)
337 904 366 914 -
386 871 498 939 positus
515 869 641 924 siderum
658 885 692 922 ac
709 871 807 938 spatia
826 871 976 938 dimensas,
1002 889 1030 925 r.
1057 873 1092 926 ad
1109 875 1136 936 l,
1155 875 1200 934 tt,
1220 876 1243 925 1.
1271 871 1381 939 quatem

158 945 234 1000 diem
251 942 423 1006 luseram.
443 943 479 994 ad
497 961 523 995 c.
542 945 585 998 20.
607 961 635 997 n.
652 947 680 996 1.
703 969 734 980 -
750 957 900 1010 pavescere
917 960 1017 996 omnes
1042 944 1103 998 edd.
1128 947 1294 1009 pavescente
1321 939 1380 992 MS.

158 1031 307 1084 pavescens
325 1031 401 1068 corr.
422 1013 480 1065 lac.
500 1013 591 1067 Gron.
612 1014 693 1082 proh.
712 1014 783 1069 Ern.
805 1022 833 1067 et
851 1013 965 1068 Walth.
995 1045 1027 1056 -
1051 1020 1185 1083 qnantum
1209 1013 1382 1080 introspice-

161 1094 205 1140 ret
222 1085 317 1154 magis
341 1102 375 1138 aa
400 1085 496 1152 magis
520 1085 659 1154 trepidas,
687 1088 726 1136 cf.
753 1085 813 1138 lnd.
835 1085 888 1138 111.
914 1104 941 1141 r.
962 1086 1195 1154 Comparationis
1220 1100 1287 1136 asse
1305 1087 1332 1138 2.
1355 1103 1381 1136 a.

161 1164 266 1228 quanto
285 1158 359 1212 coni.
382 1154 462 1208 aeid.
493 1155 573 1220 „Sed
592 1163 725 1225 wantum
743 1173 797 1225 pro
817 1157 866 1209 vul
890 1200 895 1210 .
917 1163 1021 1226 quanto
1039 1157 1089 1221 (sc.
1110 1157 1213 1233 magis)
1231 1156 1268 1206 H.
1289 1159 1316 1218 2,
1337 1159 1381 1210 99.

162 1231 224 1282 lsiv.
243 1232 288 1294 ³2,
307 1229 334 1282 5.
353 1225 449 1280 Valer.
469 1227 515 1282 ΕΙ.
537 1233 562 1294 1,
581 1229 662 1282 741.α
685 1227 782 1294 Wopl.
820 1175 918 1280 maim
942 1237 1039 1282 tamen
1063 1236 1196 1298 quantam
1214 1227 1244 1278 h.
1260 1227 1279 1278 l.
1305 1227 1382 1279 acci-

161 1317 230 1371 pere
248 1315 303 1369 pro
322 1297 354 1350 in
390 1305 508 1350 santam
525 1316 565 1352 sc.
585 1299 712 1362 modum,
736 1306 769 1350 ut
787 1294 855 1352 ὅσον
871 1295 947 1369 γ’ἒμὲ
975 1299 1088 1366 εἰδέναι,
1115 1307 1254 1384 Quantum
1282 1300 1383 1360 sciam,

135 1417 138 1426 .
161 1388 216 1442 pro
243 1371 270 1430 ἐς
298 1389 319 1423 s.
346 1367 382 1437 ἐφ
392 1365 472 1436 ὅσον,
502 1387 546 1441 ap.
572 1369 722 1440 Aristoph.
746 1370 820 1422 Nub.
848 1389 875 1422 v.
896 1371 973 1426 1364.
1002 1379 1031 1424 et
1058 1367 1110 1422 dea
1127 1369 1179 1437 ηδη
1197 1369 1292 1422 δοκεῖν
1311 1367 1384 1434 αὐτῷ

162 1441 292 1511 Thucyd.
311 1443 337 1506 6,
357 1443 400 1496 25.
438 1441 487 1495 Sic
506 1447 639 1512 quantam
658 1445 701 1507 tt,
722 1445 765 1497 lt.
786 1449 815 1494 el
833 1441 902 1518 Agr.
923 1445 965 1496 17.
985 1441 1031 1497 Gi.
1051 1443 1087 1496 ad
1105 1441 1139 1494 G.
1160 1444 1204 1496 46.
1230 1457 1259 1492 n.
1279 1443 1323 1496 tt.
1355 1450 1385 1492 et

162 1511 299 1567 Matthiae
318 1515 418 1568 Gram.
440 1513 492 1566 Gr.
511 1531 539 1582 p.
560 1515 620 1570 184.
651 1545 682 1556 -
710 1513 841 1582 trepidae
858 1511 1063 1566 admirationis
1080 1519 1107 1565 et
1125 1519 1227 1576 metas,
1251 1513 1291 1566 cf.
1318 1513 1383 1564 lnd.

163 1586 218 1638 111.
245 1603 272 1638 v.
298 1584 449 1638 Adiectioa
474 1584 595 1638 relativa
619 1583 760 1637 Genitivis
778 1584 882 1638 obiecti
900 1585 1005 1637 iuncta.
1037 1615 1070 1626 -
1095 1591 1123 1636 et
1146 1583 1312 1636 incolumem
1330 1600 1385 1652 pro

163 1656 285 1710 eedinc.
305 1674 334 1708 v.
354 1655 434 1722 adl,
455 1659 498 1722 13,
518 1659 544 1710 2.
576 1687 606 1698 -
626 1661 778 1723 gratulari
804 1655 856 1719 „ln
874 1673 896 1710 o.
918 1656 1059 1730 gmtsndo
1085 1657 1166 1720 dicit,
1190 1655 1295 1726 aperit.
1336 1653 1385 1706 Sic

164 1733 189 1792 1,
208 1731 252 1783 39.
273 1727 423 1792 increpans
441 1745 478 1780 sc.
501 1743 570 1788 esse,
588 1727 637 1780 val
656 1727 836 1798 increpando
863 1727 970 1792 dicens
998 1727 1043 1792 (ut
1061 1727 1096 1780 ll.
1116 1731 1144 1791 t,
1164 1725 1221 1793 44.)
1245 1734 1274 1777 et
1300 1726 1386 1778 nciee-

163 1806 256 1862 ratur,
276 1797 409 1851 oratione
429 1799 644 1851 miserationem
662 1815 732 1866 praa
751 1817 781 1852 sa
797 1800 910 1852 ferente
928 1797 1056 1863 disserit,
1078 1801 1120 1863 13,
1139 1801 1181 1853 td·
1207 1796 1385 1862 defendebat,

163 1871 194 1922 in
211 1867 537 1924 detensionedicebatss
566 1867 673 1925 Waltla.
699 1869 742 1922 Gi.
767 1869 803 1922 sd
822 1874 847 1934 1,
866 1872 911 1934 39,
936 1869 963 1922 4.
992 1895 1024 1908 -
1049 1885 1173 1938 quaeque
1197 1869 1315 1920 eliserat
1346 1885 1384 1920 sc.

164 1939 343 2008 Thrasyllus.
380 1939 423 1992 De
442 1956 475 1992 eo
494 1942 532 1994 cl.
550 1938 693 1993 Scholion
712 1940 747 1994 ad
765 1958 789 1993 c.
808 1943 852 1996 2⁰.
873 1959 902 1992 n.
917 1941 943 1996 2.
964 1939 1152 2010 adscriptum.
1179 1938 1316 1992 Ceterum
1337 1938 1387 1990 Ti-

164 2011 261 2066 berius
280 2012 343 2082 ipss
361 2011 432 2065 olim
452 2011 514 2064 (lali
587 2010 749 2064 edixerat:
773 2010 806 2063 σύ
831 2027 859 2063 τε
881 2013 979 2069 τοῦτον
1001 2011 1102 2077 (hunc,
1122 2011 1152 2064 h.
1168 2028 1192 2064 e.
1211 2025 1269 2074 sne,
1288 2007 1386 2062 derare-

164 2085 216 2151 κῷς
234 2081 358 2148 ᾱὶοῐιιιη)
383 2079 549 2150 inaurasse,
567 2084 613 2134 acl
631 2081 662 2136 ai
681 2075 768 2138 ἄλλοι.
805 2083 848 2136 lta
867 2081 922 2136 Dio
939 2085 984 2149 68,
1004 2085 1048 2140 33.

592 2237 785 2292 CAPUT
838 2237 952 2294 XXII.

249 2343 315 2408 Sed
344 2345 428 2408 mihi
453 2345 534 2408 haec
561 2362 600 2405 ac
631 2345 712 2406 talia
740 2342 890 2406 audienti
916 2343 951 2404 in'
978 2347 1108 2408 incerto
1138 2344 1299 2408 iudicium
1328 2351 1390 2419 est,

167 2433 277 2493 latone
306 2447 360 2489 res
392 2428 584 2503 mortalium
611 2434 646 2488 et
679 2431 874 2490 necessitate
907 2427 1107 2490 immutabili
1134 2449 1175 2489 an
1206 2431 1297 2490 torte
1318 2428 1390 2488 vol-

165 2519 298 2573 vantur.
342 2511 474 2654 Quippe
494 2510 754 2592 sapientissimos
775 2523 939 2582 veterum,
970 2513 1090 2594 quique
1118 2522 1241 2573 sectam
1271 2528 1391 2573 eorum

167 2594 389 2672 aemulantur,
446 2597 573 2654 ivcrsos
601 2595 768 2674 reperias,
803 2612 843 2654 ac
874 2595 988 2654 multis
1020 2595 1153 2658 insitam
1186 2595 1392 2676 opinionem,
1437 2591 1438 2600 ’

168 2696 235 2738 non
257 2678 354 2737 initia
376 2681 495 2754 nostri,
528 2695 594 2736 non
615 2675 727 2755 finem,
756 2695 824 2736 non
846 2675 986 2758 denique
1013 2677 1164 2738 homines
1186 2676 1249 2738 diis
1269 2693 1391 2736 curae:

167 2759 243 2821 idco
266 2759 469 2820 creberrima
491 2767 524 2820 el
545 2759 656 2819 tristia
676 2760 711 2818 in
731 2759 848 2834 honos,
881 2761 966 2820 laeta
987 2757 1075 2840 apud
1092 2759 1282 2838 ,deteriores
1311 2775 1391 2819 csse.

169 2841 294 2905 Contra
323 2841 381 2902 alii
402 2843 517 2902 Fatum
539 2839 672 2923 quidem
695 2861 881 2926 congruere
909 2843 1010 2904 rebus
1040 2851 1170 2924 putant,
1203 2839 1261 2903 sed
1284 2861 1354 2902 non
1376 2861 1393 2899 e

168 2929 261 3011 vagis
283 2926 398 3002 stellis,
420 2945 538 2986 rerum
560 2923 648 3006 apud
670 2927 836 3006 principia
863 2934 897 2986 ot
917 2945 1019 2987 nexus
1041 2927 1245 2988 naturalium
1277 2943 1392 2986 causs-

169 3029 261 3070 rume
300 3026 339 3070 ac
366 3016 475 3070 tamen
504 3009 700 3070 electionem
729 3010 818 3070 vitae
846 3008 942 3072 nobis
974 3007 1185 3090 relinquunt3
1214 3027 1312 3090 quam
1334 3007 1394 3068 uhi

170 3093 322 3177 elegeris,
345 3099 473 3152 certum
495 3091 740 3152 imminentium
763 3090 934 3153 ordinem:
964 3111 1071 3174 neque
1097 3093 1183 3152 mala
1209 3092 1265 3154 rel
1295 3091 1394 3164 hona,

170 3195 253 3258 quae
273 3174 395 3258 vulgus
417 3182 525 3256 putet:
559 3175 693 3252 multos,
733 3177 792 3254 qui
813 3175 998 3237 conflictari
1029 3173 1179 3236 adversis
1199 3173 1394 3246 videantur,

169 3259 306 3342 beatos,
323 3266 359 3317 at
379 3257 567 3338 plerosque,
598 3277 783 3340 quanquam
804 3277 939 3343 magnas
966 3276 1026 3340 par
1053 3275 1144 3341 opes,
1174 3257 1395 3326 miserrimos,

170 3343 198 3404 si
220 3341 273 3401 illi
294 3359 430 3424 gravem
450 3345 620 3402 fortunam
642 3347 833 3402 constanter
854 3343 1010 3419 tolerent,
1039 3342 1075 3402 hi
1096 3343 1257 3424 prospera
1280 3341 1395 3402 incon-

172 3425 256 3488 sulte
277 3431 425 3485 utantur.
470 3423 628 3486 Ceterum
651 3423 804 3505 plurimis
826 3425 1017 3486 mortalium
1040 3443 1105 3486 uon
1121 3426 1292 3500 eximitur,
1315 3423 1395 3504 quin

172 3509 281 3590 primo
303 3508 462 3588 cuiusque
489 3515 570 3568 ortu
596 3515 738 3570 ventura
768 3505 995 3582 destinentur3
1025 3505 1082 3570 sed
1114 3505 1274 3589 quaedam
1302 3525 1397 3567 secus

193 3610 269 3651 uam
295 3587 383 3650 dicta
412 3591 480 3650 sint
500 3589 619 3654 cadere
641 3590 779 3652 fallaciis
800 3593 918 3676 ignara
939 3588 1135 3654 dicentium:
1158 3593 1204 3651 ita
1221 3591 1398 3670 corrumpi

172 3613 271 3736 ddem
291 3673 385 3749 artis,
416 3674 509 3734 cuiue
537 3673 626 3734 clara
654 3672 853 3736 documenta
881 3682 915 3735 et
936 3675 1076 3757 antiqua
1105 3682 1196 3734 aetas
1224 3681 1259 3734 et
1280 3683 1398 3733 nostra

173 3757 301 3819 tulerit.
346 3756 475 3837 Quippe
503 3757 612 3819 afilio
642 3755 790 3818 eiusdem
812 3755 984 3838 Thrasylli
1011 3755 1219 3839 praedictum
1248 3755 1399 3817 Neronis

174 3841 353 3984 irlnparium
387 3840 422 3898 in
450 3846 601 3922 tempore
633 3839 885 3918 memorabitur,
912 3859 955 3902 ne
981 3859 1070 3902 nuuc
1102 3841 1236 3922 incepto
1266 3839 1400 3924 longius

174 3943 194 3984 a
216 3942 323 3983 terim.

248 4008 268 4058 1.
289 4005 384 4070 fatone
403 4021 450 4058 res
467 4005 632 4060 mortalium
649 4013 686 4073 et,
705 4005 761 4060 hoc
780 4015 833 4071 est,
851 4002 895 4070 (r.
917 4007 952 4058 ad
971 4012 997 4073 l,
1016 4011 1060 4072 33,
1080 4008 1122 4072 2.)
1151 4005 1322 4060 necessitate
1348 4005 1402 4056 inr-

175 4075 307 4134 matabili
325 4093 362 4128 aa
380 4077 456 4142 [orte
474 4079 631 4143 volvantur,
651 4095 750 4132 aarum
769 4077 986 4132 vicissitudines
1006 4087 1156 4154 regantur,
1176 4078 1291 4130 utFore
1304 4078 1402 4130 omnia

176 4154 270 4199 aerem
288 4166 332 4218 ap.
352 4150 433 4222 Virg.
453 4147 517 4200 Ecl.
542 4152 571 4211 9,
590 4151 614 4204 5.
651 4149 752 4202 Fatum
777 4150 838 4202 sive
861 4151 1017 4202 necessitas
1047 4149 1244 4212 immutabilis,
1275 4143 1402 4218 Ἀνάγκη,

177 4221 283 4286 Μοῖρα,
301 4219 473 4290 Εἱμαρμένη,
499 4219 675 4290 Πεπρωμένη
698 4239 738 4276 sc.
758 4223 864 4288 Μοῖρα,
891 4221 990 4274 Germ.
1017 4221 1288 4296 Verhingniss,
1312 4215 1402 4274 Vor-

178 4289 335 4364 sehung,
359 4287 543 4359 providentio
566 4291 696 4358 deorum,
724 4309 779 4364 qua
806 4293 892 4346 etiam
916 4293 1032 4368 singula
1051 4301 1204 4369 reguntur.
1241 4293 1318 4346 Fors
1343 4295 1403 4346 sire
