2774 4784
282 199 697 307 unuouururrcrrr.
739 216 767 301 ξ.
790 214 849 280 uc
1069 163 1190 272 'xxm

27 383 94 456 uultu
110 387 189 458 risui
205 394 306 458 erant
316 385 507 476 Romanisj
531 394 573 456 ut
591 408 688 456 nova
700 385 865 458 doctrina
878 383 1187 478 Christianorum,

26 488 161 578 quitum
189 485 452 580 temporisvix
483 507 505 554 a
529 485 673 556 Iudaeis
703 485 1016 578 discernebantur,
1052 487 1188 558 iisdem

25 595 47 654 et
64 586 199 656 Gmcis:
236 584 338 680 quod
375 583 614 656 notissimum
651 607 696 674 er
722 583 817 656 Plin.
857 609 913 680 ep.
945 585 1002 676 10,
1040 585 1099 660 97.
1126 586 1186 661 98.

25 685 92 755 tetis
112 693 211 779 apost
241 683 299 772 17,
324 680 500 756 22-33.
528 692 565 754 et
576 684 697 777 prima
709 683 817 756 Pauli
836 685 940 778 epist.
960 685 1007 756 ad
1019 683 1206 757 Corinthu

86 935 152 1008 Alii
174 937 344 1010 Tacitum
370 945 611 1030 tyrannorum
636 936 815 1008 [autorem
846 961 888 1008 ac
913 947 1190 1033 praeceptorem

25 1035 224 1108 llachiavellio
267 1034 429 1107 similem
462 1035 575 1106 fuisse
612 1036 831 1108 arbitrantur
858 1031 897 1122 ⁷).
948 1035 1071 1108 Huius
1097 1059 1187 1108 vero

25 1137 158 1228 opinionis
198 1135 414 1231 perversitas
456 1159 501 1204 ex
543 1135 670 1229 quavis
712 1134 787 1207 lere
819 1133 1022 1208 Annalium
1053 1145 1090 1206 et
1120 1135 1188 1208 Hi-

24 1235 169 1306 ‚uramm
216 1237 349 1332 pagina
389 1233 519 1322 elucet,
561 1235 603 1304 in
649 1234 784 1330 quibus
830 1233 895 1306 ille
936 1236 1187 1330 incorruptam

25 1331 99 1404 ilem
129 1359 169 1406 eo
205 1343 373 1423 ostentat,
418 1333 518 1428 quod
558 1357 635 1404 non
672 1333 785 1406 modo
823 1335 913 1406 vitia
948 1343 1208 1430 tyrannorum.

24 1441 45 1500 et
83 1433 200 1527 flagitia
244 1431 435 1504 liberrime
481 1433 630 1526 castigat
674 1457 795 1528 neque
831 1432 908 1505 ulla
950 1433 1088 1528 obtegit
1118 1431 1190 1506 ele-

25 1541 101 1622 nne,
122 1527 183 1604 sed
204 1534 317 1604 etiam
342 1531 444 1603 haud
468 1533 604 1622 reticet,
639 1557 731 1628 quae
756 1531 814 1602 vel
844 1534 885 1604 in
916 1533 976 1604 bis
1008 1531 1190 1630 laudanda

23 1629 67 1698 siut
85 1631 130 1702 vel
153 1634 289 1704 iniuste
314 1631 360 1704 de
393 1631 441 1702 iis
476 1631 657 1702 dicantur:
695 1655 792 1702 nam·
814 1632 904 1704 boni
935 1631 1101 1706 historici
1134 1643 1189 1703 est

24 1729 82 1798 nihil
101 1730 171 1802 salsi
196 1732 332 1823 dicere,
346 1783 349 1788 -
362 1727 458 1802 nihil
489 1731 566 1801 veri
598 1731 776 1802 omittere.

84 1899 150 1971 Alii
172 1927 193 1973 e
218 1901 402 1974 contrario
428 1901 664 1992 contendunt,
690 1901 860 1974 Tacitum
890 1903 1003 1975 nimis
1028 1903 1190 1998 rigidum

23 1995 96 2069 laisa
122 2003 391 2096 Imperatorum
430 1999 703 2094 hominumque
740 1999 842 2073 illius
876 2003 955 2072 aevi
988 2025 1191 2094 censorem,

23 2097 176 2192 malignum
200 2111 238 2173 et
261 2107 596 2200 μισάνθρωπον,
630 2100 695 2194 qui
721 2101 847 2171 omnia
871 2099 930 2172 vel
955 2101 1195 2174 adulterasset

23 2199 255 2290 suspicionibus,
297 2199 353 2271 vel
385 2202 426 2270 in
464 2199 683 2270 deteriorem
721 2209 863 2292 partem
901 2203 1080 2272 traxisset.
1132 2199 1190 2272 Cl.
1266 2234 1273 2240 ·

22 2291 133 2368 Broterii
150 2300 269 2370 Praei.
300 2299 346 2372 ad
373 2299 458 2372 Tac.
480 2324 516 2394 p.
538 2299 608 2371 ΧΙ.
634 2299 761 2392 Neque
785 2301 995 2396 negandum
1020 2309 1086 2390 est,
1112 2300 1192 2372 eius

21 2391 123 2468 iudiciis
146 2399 190 2471 de
213 2400 341 2495 pravis
366 2399 533 2470 moribus
559 2407 648 2469 tuuc
673 2399 882 2491 vigentibus
912 2399 1194 2472 amaritudinem

22 2491 135 2587 aliquam
157 2499 280 2570 inesse
307 2509 344 2569 et
367 2497 579 2569 mordacem
606 2499 844 2568 acrimoniam
870 2496 929 2568 vel
954 2499 1053 2594 quod
1078 2497 1123 2571 V.
1147 2498 1191 2570 cl.

22 2587 135 2668 lreuzer
156 2623 343 2670 uenenum
369 2602 636 2698 vcpaurrxdv
671 2594 841 2691 appellat.
875 2597 927 2670 At
947 2599 1194 2694 reputandum

21 2713 134 2788 quoque,
169 2697 299 2792 quales
337 2709 426 2770 tunc
463 2697 601 2770 fuerint
637 2695 819 2786 homines,
858 2695 979 2793 qualia
1016 2707 1194 2792 tempora,

22 2792 131 2882 (quibus
154 2819 224 2869 noo
250 2818 340 2888 mos,
367 2819 440 2870 non
465 2798 535 2888 ius,
561 2793 762 2868 deterrimo
787 2817 948 2892 quaeque
980 2797 1125 2900 impune
1150 2819 1197 2870 uc

21 2889 96 2964 utra
116 2891 267 2968 lunesto
292 2896 409 2970 aritio
436 2909 546 2970 eraut
573 2895 670 2968 Anu.
698 2893 733 2985 3,
764 2895 824 2970 28
859 2897 1067 2992 quibusque
1097 2898 1196 2991 vige-

22 2985 77 3061 bant
97 2997 210 3065 omnia
236 2997 416 3068 vitiorum
441 3019 572 3090 genera
598 3005 642 3092 et
674 2995 917 3066 instrumenta
941 3003 1211 3089 tyrannorum,¹
1259 3053 1263 3060 .

22 3081 279 3186 lruoicatctr'r,
311 3117 425 3168 acccc
453 3093 567 3185 iussa,
596 3093 790 3167 continuae
823 3093 1091 3186 accusationes,
1123 3090 1196 3188 fol-

21 3181 86 3262 ἕπει
105 3194 288 3268 amicitiae
311 3196 409 3266 Anu.
428 3195 464 3286 4,
489 3191 549 3268 33.
575 3203 612 3266 et
636 3193 692 3264 vis
718 3191 1070 3286 praetorianorum)-
1085 3217 1197 3290 quam

23 3305 146 3374 euersa
167 3291 375 3366 liberorum
401 3295 581 3384 educatio,
608 3303 742 3390 quanta
768 3293 999 3364 adulatorum
1032 3303 1068 3364 et
1099 3291 1201 3364 dela-'

25 3393 116 3481 lorum,
152 3392 419 3468 adulteriorum
462 3405 499 3465 et
532 3401 745 3490 stuprorum
778 3391 978 3464 multitudo
1003 3385 1051 3484 ἦς
1089 3401 1197 3489 atque

29 3541 224 3562 a

67 3623 84 3690 ⁷)
98 3629 136 3684 Cl.
155 3631 306 3688 Boccaliui
324 3633 356 3686 in
375 3633 508 3688 Gordoni
527 3633 656 3687 discours
674 3631 745 3686 hist.
775 3631 841 3685 crit.
862 3639 892 3685 et
908 3631 993 3704 polit.
1019 3649 1070 3686 sur
1086 3630 1214 3700 Tacita·

28 3689 83 3769 ,fifh
98 3705 169 3760 1142.
187 3721 215 3789 p.
236 3708 281 3762 70·
302 3711 332 3758 et
357 3705 446 3774 veqba
463 3704 560 3758 Baltb.
579 3703 709 3758 Bonifaz.
735 3701 770 3756 de
788 3701 870 3757 Rom.
896 3701 965 3761 hist.
990 3703 1197 3774 scriptoribus:

34 3781 51 3814 u
63 3769 117 3824 edit.
133 3771 226 3828 Taciti
245 3795 262 3830 a
279 3775 330 3831 ur.
342 3775 436 3830 Grcu.
457 3784 557 3830 curata
574 3775 668 3828 Amet.
684 3773 780 3838 16⁷³.)
798 3773 951 3828 Adiectum
969 3774 1199 3842 calumniatores,

28 3827 68 3888 lut
86 3859 136 3898 erre
150 3843 287 3900 Latiarem
305 3845 522 3917 Xerrepbontem,
546 3847 671 3906 crudelis
695 3861 728 3898 ac
752 3845 930 3898 detestabilia
952 3845 1098 3900 muscam
1118 3845 1200 3900 utte-

29 3913 140 3974 Μία
155 3917 338 3988 coaptarem,
360 3935 416 3990 quc
433 3917 581 3988 Principes
599 3917 638 3972 od
655 3915 837 3987 tyrannidem
860 3933 915 3970 aon
931 3917 1125 3986 perfunctoria
1149 3916 1200 3971 red

29 3989 114 4038 ‘turco
129 3989 322 4044 intimatur.

70 4067 188 4142 'tuum
215 4095 335 4136 morum
359 4079 555 4152 corruptelam
578 4079 679 4134 Horat.
707 4079 752 4134 od.
781 4081 808 4146 3,
835 4081 862 4145 6,
890 4080 924 4136 17
943 4095 985 4162 rq.
1016 4077 1216 4156 gmissimic

32 4139 89 4197 arto
103 4147 257 4221 increpuit:
277 4151 408 4205 Fecunda
426 4151 523 4218 culpae
541 4149 654 4204 soeculo
672 4151 789 4218 nuptiae
806 4149 936 4204 numm
962 4149 1146 4219 requirerem
1171 4156 1198 4202 et

32 4223 83 4268 tw
96 4225 119 4270 et
134 4220 237 4278 ὼηιω,
275 4223 338 4278 Hoc
354 4225 432 4290 fonte
456 4221 587 4284 mpetu
610 4221 705 4274 cludet
728 4221 763 4274 ln
783 4221 913 4289 patrium
938 4221 1124 4291 populumque
1146 4220 1199 4284 tlu-

21 4289 63 4358 ,Πί
76 4317 101 4330 -
131 4290 192 4346 Nou
210 4290 257 4348 tia
274 4285 406 4352 iuuentus
424 4299 490 4348 orto
504 4291 673 4364 parentibus
690 4291 792 4360 luserit
812 4307 918 4364 aequior
935 4291 1076 4361 rugatae
1093 4287 1201 4346 herrico
1265 4343 1270 4349 .
