2904 4798
170 219 234 290 itt
563 217 807 286 ANNALIUM
833 218 920 286 LlB.
944 219 999 284 vt.

169 385 352 455 infectionis,
382 393 411 444 et
435 392 506 444 aar
528 383 672 445 munais
695 383 824 442 matus
842 385 922 464 regis
937 383 1133 456 promtior-se
1150 385 1187 442 ad
1205 385 1284 442 illud
1302 389 1402 460 prois-

169 458 325 516 rendomf‘
346 455 475 516 Braisoi.
500 458 628 517 Occultis
644 475 668 514 o.
679 466 868 530 opponuntur
881 459 1026 512 matianis
1043 457 1173 514 enatus
1188 460 1402 530 promptiorem

172 529 294 588 Wstst..
318 531 443 588 cenoso
459 530 575 586 omnilii
593 549 630 586 ex
648 529 760 584 emend.
779 529 887 584 Faerni
904 539 935 584 et
952 529 1089 584 Freinsh.
1127 546 1184 584 oen.
1203 531 1327 584 manilii
1344 529 1400 586 MS.

169 601 236 658 edd.
252 601 319 662 Bor.
335 601 428 660 then.
447 603 514 659 Ali.
532 618 589 658 ooo.
609 601 733 656 comiti
763 601 827 656 edd.
845 603 924 672 urps.
938 601 1019 656 Picb.
1036 602 1077 658 al.
1097 601 1176 674 qnod
1193 601 1401 673 pr'obatllcth.

167 673 204 732 td
217 672 284 732 tas
295 671 367 799 siff.
379 691 411 758 p.
423 677 485 734 iti.
504 681 539 728 ut
557 675 681 728 occulos
694 689 750 746 pro
764 672 828 728 adv.
843 675 973 746 positum
990 675 1039 729 sit.
1057 675 1167 728 consito
1185 673 1323 737 anans,
1336 690 1403 726 eon-

167 745 265 812 ciliot,
280 761 313 798 eo
337 747 397 816 igtt
407 748 592 802 coniecturae
601 747 736 800 virorum
750 745 911 799 doctorum.
922 747 957 784 Α
980 761 1064 816 qam
1071 745 1265 800 benevolentia
1278 743 1404 798 abiecti

167 815 296 888 imperio
303 815 453 874 Artabani.
464 817 656 874 beniooleatt'a
667 815 730 872 edd.
741 815 806 870 Ser.
818 813 947 872 etthan.
956 825 990 870 nt
1019 835 1089 872 aene
1098 816 1207 870 ubivis.
1215 849 1249 860 -
1257 817 1403 886 reliquant

164 887 358 961 praesidinm,
382 887 527 954 homines,
552 889 658 960 quibus
682 887 773 943 Edere
795 896 901 960 posset
922 921 956 932 -
1028 889 1059 942 ιιιΙ
1084 888 1259 954 intellectos,
1286 888 1403 942 intelli-

226 961 277 1028 tia,
303 961 436 1038 cognitio
460 959 539 1024 boni,
568 967 602 1014 nt
627 961 671 1024 1³,
689 961 736 1016 38.
761 957 794 1012 0.
813 962 856 1016 ts.
875 963 919 1018 Sl·
945 959 981 1016 G.
1001 963 1045 1018 Ἢ.
1069 960 1115 1014 Gi.
1140 958 1295 1016 at0.1a.
1324 963 1400 1014 mh

164 977 242 1098 mi,
275 1038 309 1085 ut
334 1031 411 1086 recti
436 1031 509 1108 Agr.
529 1035 554 1088 1.
580 1032 631 1085 ubi
657 1047 688 1085 v.
706 1037 776 1084 nota
794 1035 821 1086 1.
842 1063 874 1076 -
911 1031 1046 1086 miniari
1062 1031 1226 1097 sceleribus,
1257 1038 1295 1084 ut
1313 1030 1402 1101 paulo

162 1111 233 1160 ante
257 1103 373 1172 corpori
394 1103 524 1158 outodes
550 1103 681 1158 oderant.
708 1101 753 1156 cl.
774 1101 873 1168 adli,
892 1107 937 1170 1⁰,
957 1105 982 1160 3.
1010 1111 1040 1158 et
1064 1104 1127 1157 lud.
1147 1103 1200 1156 111.
1225 1119 1255 1154 r.
1274 1102 1404 1154 Datim

164 1174 327 1230 abiectiores.
340 1205 372 1218 -
391 1173 565 1230 contentane
583 1171 717 1244 Scythiae
734 1172 925 1228 adorientem
937 1174 1036 1246 caspii
1053 1176 1144 1230 maris
1163 1201 1197 1214 —
1214 1173 1352 1244 Hyrcani
1370 1172 1405 1226 ad

163 1254 299 1300 smmum
308 1245 407 1318 Caspii
421 1247 522 1311 maris,
541 1263 621 1300 nnnc
633 1245 659 1298 le
671 1245 870 1300 Mozoaderoa
883 1255 912 1302 et
923 1246 949 1299 te
959 1245 1089 1310 veroum
1106 1247 1190 1303 Brot.
1200 1277 1234 1288 -
1253 1245 1405 1315 Hyrcanis

165 1317 387 1387 Germaniisque
402 1334 457 1386 per
474 1317 648 1383 affinitatem
665 1316 787 1370 instem
805 1324 878 1383 erat,
902 1325 937 1370 ut
955 1319 999 1384 li,
1020 1321 1046 1376 4.
1075 1325 1105 1371 et
1122 1318 1160 1370 ll.
1179 1323 1206 1382 i,
1225 1317 1273 1374 68.
1302 1316 1349 1370 Gi.
1370 1316 1406 1370 ad

163 1405 191 1446 c.
210 1391 257 1446 4².
276 1407 307 1443 ιι.
326 1391 354 1444 l.
374 1389 592 1459 Corntoeie'sqae
610 1386 668 1442 MS.
688 1397 718 1444 et
741 1388 804 1442 edd.
825 1405 925 1443 omnes
950 1397 1069 1460 praeter
1087 1387 1170 1442 illam
1188 1389 1211 1442 1.
1233 1387 1286 1441 Fr.
1307 1389 1404 1442 Gron.

160 1459 200 1514 in
218 1477 275 1530 qua
293 1460 500 1530 Commodeque
518 1462 672 1530 scriptum.
709 1459 866 1514 Gonnoeio
884 1461 967 1536 regio
986 1461 1113 1516 Persidis
1132 1461 1278 1514 occident.
1307 1459 1404 1514 adsi·

161 1547 238 1586 num
257 1532 406 1586 Persicum
425 1533 491 1598 sita,
515 1549 594 1586 nunc
615 1531 742 1586 Keresos
767 1550 791 1584 s.
811 1530 953 1586 libis-noos
977 1551 1000 1588 s.
1026 1531 1175 1600 Sbirdjon.
1198 1549 1227 1582 v.
1249 1532 1401 1586 liannerti

163 1618 266 1680 geogr.
286 1605 321 1668 V,
341 1605 366 1659 l.
377 1619 415 1726 p.
434 1605 479 1659 66.
495 1633 526 1644 —-
553 1611 636 1672 atque
655 1621 668 1654 s
691 1619 716 1668 e,
736 1601 855 1656 interim
870 1617 956 1674 posse
974 1602 1099 1658 Portitor
1117 1601 1275 1657 absentiam
1293 1620 1402 1680 reg-um

164 1689 281 1744 aequae,
300 1673 357 1740 (Gi.
394 1674 440 1727 nd.
462 1674 516 1727 ΠΙ.
536 1693 565 1727 r.
585 1673 739 1728 Adiectioo
758 1673 882 1730 relation
901 1675 1044 1730 Geniliois
1062 1675 1167 1729 abiem
1184 1675 1297 1740 ιἰιιιοια)
1316 1691 1405 1743 proe-

164 1745 293 1798 sentibtte
318 1745 445 1812 mobiles,
477 1745 516 1798 od
538 1743 746 1814 poenitentiam
769 1747 896 1798 motoris
927 1747 1022 1814 „idem
1042 1747 1199 1800 consilium
1227 1745 1404 1818 chilperico

163 1815 347 1870 Francorum
367 1817 431 1892 regi
450 1815 548 1869 datum
568 1824 598 1868 et
616 1831 752 1888 mooeseu
772 1817 877 1883 simili,
896 1819 1011 1872 ratione
1029 1820 1102 1872 item
1119 1819 1194 1890 pari.
1219 1835 1247 1870 v.
1267 1817 1403 1872 Aimoin.

163 1887 274 2014 3⁶?ss
300 1885 380 2013 lxo.
414 1886 612 1955 praeuentus
640 1887 769 1956 mobiles,
798 1891 838 1944 cl.
863 1888 901 1944 ad
924 1889 961 1948 ll.
980 1893 1008 1960 3,
1026 1893 1072 1958 il,
1089 1891 1117 1948 2.
1145 1897 1176 1944 et
1201 1889 1264 1944 lud.
1290 1889 1353 1942 111.
1373 1906 1402 1940 r.

227 1957 290 2013 tau
353 1957 475 2016 'estimo

568 2065 761 2123 CAPUT
813 2069 996 2124 xxxvtt.

249 2157 295 2222 At
315 2157 487 2232 Vitellius,
524 2162 668 2244 profugo
690 2157 862 2222 Artabano
891 2167 926 2222 et
954 2163 1050 2222 flexis
1071 2159 1113 2224 ad
1134 2179 1261 2224 novum
1282 2181 1325 2223 re

190 2243 382 2326 cpularium
405 2244 535 2320 animis,
557 2242 712 2306 hortatus
734 2241 922 2322 Tiridaten,
945 2251 1062 2326 parata
1084 2263 1268 2329 capessere,
1290 2263 1335 2306 ro
1360 2265 1404 2306 ur

109 2403 116 2410 η
165 2261 337 2413 legionum
358 2327 592 2408 sociorumque
620 2329 728 2410 ripam
759 2325 801 2388 ed
822 2327 1004 2408 Euphratis
1026 2326 1128 2390 ducit.
1171 2327 1404 2390 Sacrificanti-

165 2409 241 2488 bus,
274 2427 374 2492 quum
404 2408 460 2470 hic
487 2427 582 2471 more
609 2407 757 2471 Romano
785 2409 1026 2474 suovetaurilia
1055 2409 1163 2483 daret,
1196 2411 1255 2473 ille
1277 2431 1404 2493 equum

165 2492 330 2576 placando
351 2493 440 2556 amni
462 2489 669 2570 adornasset,
692 2494 891 2555 nuntiavere
912 2495 1055 2571 accolae,
1078 2494 1283 2576 Euphratem
1305 2497 1404 2556 nulla

167 2575 329 2638 imbrium
348 2576 387 2638 vi
407 2583 525 2656 sponte
556 2583 591 2637 et
612 2577 810 2638 immensum
838 2576 965 2654 attolli,
993 2578 1091 2639 simul
1113 2577 1300 2640 albentibiss
1323 2599 1404 2660 spu-

166 2659 231 2721 mis
256 2659 305 2718 in‘
321 2657 456 2720 modum
485 2651 680 2720 diadematis
719 2661 854 2720 sinuare
883 2659 993 2736 orbes,
1028 2663 1213 2744 auspicium
1241 2665 1403 2745 pro'speri

166 2749 408 2827 transmersus.
452 2739 593 2806 Quidam
614 2739 769 2804 callidiore
795 2743 1107 2826 interpretabantur
1134 2745 1232 2806 initia
1260 2755 1403 2808 conatus

168 2823 314 2888 secunda
342 2838 451 2908 neque·
475 2821 648 2901 diuturna,
671 2827 749 2906 qnia
771 2843 900 2898 eornm,
935 2845 1018 2907 qnae
1045 2833 1139 2888 terra
1162 2829 1298 2891 caelove
1322 2849 1403 2912 por-

167 2905 402 2986 tenderentur,
437 2910 566 2968 certior
597 2907 691 2985 fides,
728 2909 904 2971 fluminum
935 2910 1101 2973 instabilis
1138 2919 1260 2974 natura
1298 2913 1402 2974 simul

169 2989 363 3055 ostenderet
390 2991 502 3052 omina
532 2998 741 3074 raperetque.
789 2991 854 3055 Sed
883 3001 986 3074 ponte
1016 2994 1156 3056 navibus
1187 2997 1308 3057 effecto
1332 3005 1402 3057 tra-

169 3077 336 3157 missoque
363 3075 514 3134 ereroitu
545 3077 674 3156 primns
703 3073 913 3157 Ornospades
939 3075 1056 3138 multis
1077 3079 1224 3162 equitum
1247 3079 1402 3152 millibus

169 3159 206 3220 in
227 3165 336 3218 castra
358 3159 461 3234 venit,
491 3158 585 3220 exsul
607 3157 775 3300 quondam
802 3167 838 3220 et
859 3155 1011 3238 Tiberio,
1042 3179 1144 3240 φιιιιιι
1175 3161 1400 3224 Dalmaticum

169 3239 295 3303 bellum
318 3240 508 3317 conficeret,
537 3241 604 3302 hau
658 3241 825 3342 inglorius
846 3243 1027 3304 auxiliator
1049 3263 1153 3328 eoque
1173 3245 1315 3308 civitate
1339 3245 1401 3306 Rc·

170 3341 267 3385 mana
289 3321 450 3398 donatus,
487 3343 576 3401 mor,
604 3331 750 3404 repetita
776 3325 926 3386 amicitia
947 3327 1049 3412 regis,
1082 3327 1189 3389 multo
1211 3326 1303 3410 apud
1326 3350 1400 3392 eum

171 3406 311 3483 honore,
331 3408 518 3488 praelectus
540 3409 676 3490 campis,
699 3409 755 3490 qui
775 3407 945 3491 Euphrate
967 3417 1001 3470 et
1018 3409 1125 3498 Tigre
1145 3411 1273 3474 inclitis
1295 3415 1402 3474 amni-

169 3489 233 3552 bus
256 3489 448 3552 circumflui
469 3489 731 3572 Mesopotamiae
760 3511 881 3554 nomen
904 3503 1115 3576 acceperunt.
1153 3491 1272 3578 Neque
1294 3497 1401 3556 multo

173 3579 250 3634 nost
270 3569 427 3634 Sinnaces
448 3581 549 3660 auget
570 3575 699 3656 copiam
733 3581 767 3636 et
788 3575 941 3638 columen
963 3577 1111 3659 partium
1131 3575 1325 3662 Abdageses
1347 3600 1401 3666 ga·

174 3675 249 3718 aem
276 3664 311 3718 et
333 3661 472 3736 paratos
504 3658 615 3742 regios
649 3655 775 3722 adiicit.
833 3657 995 3722 Vitellius
1035 3667 1219 3726 ostentasse
1250 3659 1400 3724 Romana

174 3739 373 3802 amaretis
400 3746 494 3802 ratus
523 3750 635 3802 monet
660 3739 838 3804 Tiridaten
858 3745 1100 3825 primoresque,
1122 3743 1222 3822 hunc,
1243 3743 1400 3806 Phraatis

174 3825 231 3885 avi
246 3831 281 3884 et
296 3821 412 3883 altoris
425 3817 589 3894 Caesaris,
610 3841 695 3906 qnae
709 3825 891 3908 utrobique
911 3825 1063 3908 pulchra,
1085 3827 1289 3906 meminerit,
1312 3829 1400 3907 illos,

174 3905 257 3969 obse
274 3905 369 3966 nium
390 3905 425 3965 in
445 3922 571 3993 regem,
592 3910 818 3970 reverentiam
845 3911 880 3969 iu
903 3927 974 3988 nos,
1007 3907 1107 3972 decus
1133 3911 1272 3994 quisque
1305 3931 1400 3974 soum

175 3997 210 4052 et
229 3925 331 4052 fidem
352 3990 546 4054 retinerent
589 3989 672 4051 Exin
701 4009 777 4052 oum
798 3991 984 4082 legionibus
1009 3993 1045 4055 in
1067 3991 1202 4076 Syriam
1224 3997 1398 4060 remeavit.

245 4111 272 4164 l.
291 4104 423 4160 lortettss
444 4106 596 4163 Tiridaten
614 4107 666 4176 (ol.
686 4109 722 4163 ad
740 4113 784 4176 11,
802 4112 830 4175 S,
848 4110 888 4178 1.)
909 4117 1017 4180 parole
1035 4111 1213 4185 (imperinm
1230 4111 1401 4168 Parthicum

174 4178 233 4232 sihi
251 4180 310 4232 iam
328 4178 476 4248 paratum)
496 4195 652 4248 capessere,
676 4183 716 4236 ci.
734 4181 771 4235 ad
789 4185 833 4248 ll,
853 4187 878 4238 1.
907 4191 936 4237 et
954 4181 1018 4236 tat
1039 4183 1092 4238 111.
1113 4203 1144 4238 v.
1162 4183 1314 4252 lutetias·
1331 4187 1400 4240 Ver·

175 4251 277 4304 omnm
291 4265 320 4302 n.
340 4251 365 4302 t.
387 4281 420 4297 -
456 4266 540 4320 quum
556 4249 604 4307 tta
620 4269 699 4308 neore
713 4255 841 4308 liorsono
858 4255 1065 4310 monetmrilio
1084 4257 1175 4323 daret,
1199 4265 1235 4310 nt
1251 4259 1401 4326 exercitus

176 4321 362 4378 lma-aretur.
381 4341 408 4374 v.
428 4323 464 4406 ad
482 4323 523 4378 il,
537 4325 564 4392 t,
583 4328 672 4391 ΕΗ.
709 4325 919 4384 suovetaurilia
946 4327 1008 4383 edd.
1028 4343 1129 4408 omnes
1146 4336 1265 4402 praeter
1282 4327 1351 4384 ald.
1371 4331 1400 4382 in
1439 4399 1440 4402 Ἴ
