<?xml version="1.0" encoding="UTF-8"?>
<!DOCTYPE html PUBLIC "-//W3C//DTD XHTML 1.0 Transitional//EN"
    "http://www.w3.org/TR/xhtml1/DTD/xhtml1-transitional.dtd">
<html xmlns="http://www.w3.org/1999/xhtml" xml:lang="en" lang="en">
 <head>
  <title>
</title>
<meta http-equiv="Content-Type" content="text/html;charset=utf-8" />
  <meta name='ocr-system' content='tesseract 3.04.00' />
  <meta name='ocr-capabilities' content='ocr_page ocr_carea ocr_par ocr_line ocrx_word'/>
</head>
<body>
  <div class='ocr_page' id='page_1' title='image "./ccorneliitaciti28tacigoog/ccorneliitaciti28tacigoog_0476.png"; bbox 0 0 2868 4792; ppageno 0'>
   <div class='ocr_carea' id='block_1_1' title="bbox 337 213 1273 302">
    <p class='ocr_par' dir='ltr' id='par_1_1' title="bbox 337 213 1273 302">
     <span class='ocr_line' id='line_1_1' title="bbox 337 213 1273 302; baseline 0.009 -22"><span class='ocrx_word' id='word_1_1' title='bbox 337 213 481 302; x_wconf 69' lang='lat' dir='ltr'><strong><em>cetur</em></strong></span> <span class='ocrx_word' id='word_1_2' title='bbox 497 213 571 284; x_wconf 85' lang='lat' dir='ltr'><strong><em>LV.</em></strong></span> <span class='ocrx_word' id='word_1_3' title='bbox 592 213 647 296; x_wconf 81' lang='lat' dir='ltr'><strong><em>(t.</em></strong></span> <span class='ocrx_word' id='word_1_4' title='bbox 667 215 708 284; x_wconf 88' lang='lat' dir='ltr'><strong><em>U.</em></strong></span> <span class='ocrx_word' id='word_1_5' title='bbox 729 216 802 285; x_wconf 78' lang='grc'><strong>775.</strong></span> <span class='ocrx_word' id='word_1_6' title='bbox 823 217 864 282; x_wconf 79' lang='grc' dir='ltr'><strong>Α.</strong></span> <span class='ocrx_word' id='word_1_7' title='bbox 885 216 923 284; x_wconf 81' lang='lat' dir='ltr'><strong><em>G.</em></strong></span> <span class='ocrx_word' id='word_1_8' title='bbox 943 218 1010 299; x_wconf 80' lang='lat'><strong><em>22)</em></strong></span> <span class='ocrx_word' id='word_1_9' title='bbox 1209 219 1273 288; x_wconf 76' lang='grc'><strong><em>333</em></strong></span> 
     </span>
    </p>
   </div>
   <div class='ocr_carea' id='block_1_2' title="bbox 19 379 1329 4402">
    <p class='ocr_par' dir='ltr' id='par_1_2' title="bbox 46 379 1274 2898">
     <span class='ocr_line' id='line_1_2' title="bbox 48 379 1274 462; baseline 0.004 -27"><span class='ocrx_word' id='word_1_10' title='bbox 48 381 138 440; x_wconf 84' lang='lat' dir='ltr'><strong><em>Dion.</em></strong></span> <span class='ocrx_word' id='word_1_11' title='bbox 149 379 247 451; x_wconf 63' lang='lat'><strong><em>⁴572.)</em></strong></span> <span class='ocrx_word' id='word_1_12' title='bbox 266 379 423 438; x_wconf 75' lang='lat' dir='ltr'><strong><em>masiliam</em></strong></span> <span class='ocrx_word' id='word_1_13' title='bbox 433 381 488 436; x_wconf 84' lang='lat' dir='ltr'><strong><em>eibi</em></strong></span> <span class='ocrx_word' id='word_1_14' title='bbox 500 383 594 438; x_wconf 80' lang='lat' dir='ltr'><strong><em>omnia</em></strong></span> <span class='ocrx_word' id='word_1_15' title='bbox 606 385 723 462; x_wconf 73' lang='lat' dir='ltr'><strong><em>generis</em></strong></span> <span class='ocrx_word' id='word_1_16' title='bbox 736 385 855 452; x_wconf 82' lang='lat' dir='ltr'><strong><em>artibus,</em></strong></span> <span class='ocrx_word' id='word_1_17' title='bbox 873 383 990 450; x_wconf 74' lang='lat' dir='ltr'><strong><em>officiis,</em></strong></span> <span class='ocrx_word' id='word_1_18' title='bbox 998 383 1158 452; x_wconf 75' lang='lat' dir='ltr'><strong><em>benetalis,</em></strong></span> <span class='ocrx_word' id='word_1_19' title='bbox 1176 393 1206 440; x_wconf 88' lang='lat' dir='ltr'><strong><em>et</em></strong></span> <span class='ocrx_word' id='word_1_20' title='bbox 1215 384 1274 440; x_wconf 86' lang='lat' dir='ltr'><strong><em>coli</em></strong></span> 
     </span>
     <span class='ocr_line' id='line_1_3' title="bbox 49 451 1274 534; baseline 0.003 -26"><span class='ocrx_word' id='word_1_21' title='bbox 49 455 85 508; x_wconf 83' lang='lat' dir='ltr'><strong><em>ab</em></strong></span> <span class='ocrx_word' id='word_1_22' title='bbox 96 455 177 520; x_wconf 66' lang='lat' dir='ltr'><strong><em>illisa</em></strong></span> <span class='ocrx_word' id='word_1_23' title='bbox 194 451 323 508; x_wconf 69' lang='lat' dir='ltr'><strong><em>steinsla</em></strong></span> <span class='ocrx_word' id='word_1_24' title='bbox 342 453 479 522; x_wconf 83' lang='lat' dir='ltr'><strong><em>„Nobiles</em></strong></span> <span class='ocrx_word' id='word_1_25' title='bbox 490 454 611 510; x_wconf 84' lang='lat' dir='ltr'><strong><em>Romani</em></strong></span> <span class='ocrx_word' id='word_1_26' title='bbox 624 457 750 512; x_wconf 77' lang='lat' dir='ltr'><strong><em>colebant</em></strong></span> <span class='ocrx_word' id='word_1_27' title='bbox 764 457 880 526; x_wconf 80' lang='lat' dir='ltr'><strong><em>plebem,</em></strong></span> <span class='ocrx_word' id='word_1_28' title='bbox 894 466 927 509; x_wconf 90' lang='lat' dir='ltr'><strong><em>ut</em></strong></span> <span class='ocrx_word' id='word_1_29' title='bbox 937 475 970 511; x_wconf 89' lang='lat' dir='ltr'><strong><em>ea</em></strong></span> <span class='ocrx_word' id='word_1_30' title='bbox 983 457 1157 534; x_wconf 75' lang='lat' dir='ltr'><strong><em>suffragante</em></strong></span> <span class='ocrx_word' id='word_1_31' title='bbox 1166 457 1202 512; x_wconf 85' lang='lat' dir='ltr'><strong><em>ad</em></strong></span> <span class='ocrx_word' id='word_1_32' title='bbox 1212 475 1274 512; x_wconf 87' lang='lat' dir='ltr'><strong><em>ma·</em></strong></span> 
     </span>
     <span class='ocr_line' id='line_1_4' title="bbox 49 525 1273 604; baseline 0.004 -25"><span class='ocrx_word' id='word_1_33' title='bbox 49 525 192 602; x_wconf 73' lang='lat' dir='ltr'><strong><em>gista-auus</em></strong></span> <span class='ocrx_word' id='word_1_34' title='bbox 206 534 464 598; x_wconf 74' lang='lat' dir='ltr'><strong><em>promoverentur-5</em></strong></span> <span class='ocrx_word' id='word_1_35' title='bbox 483 528 574 581; x_wconf 87' lang='lat' dir='ltr'><strong><em>socias</em></strong></span> <span class='ocrx_word' id='word_1_36' title='bbox 590 544 661 582; x_wconf 85' lang='lat' dir='ltr'><strong><em>vero</em></strong></span> <span class='ocrx_word' id='word_1_37' title='bbox 680 545 713 582; x_wconf 87' lang='lat' dir='ltr'><strong><em>ac</em></strong></span> <span class='ocrx_word' id='word_1_38' title='bbox 731 541 813 593; x_wconf 73' lang='lat' dir='ltr'><strong><em>reges</em></strong></span> <span class='ocrx_word' id='word_1_39' title='bbox 830 529 961 593; x_wconf 79' lang='lat' dir='ltr'><strong><em>calebant,</em></strong></span> <span class='ocrx_word' id='word_1_40' title='bbox 979 537 1121 584; x_wconf 87' lang='lat' dir='ltr'><strong><em>uteorum</em></strong></span> <span class='ocrx_word' id='word_1_41' title='bbox 1140 531 1273 604; x_wconf 81' lang='lat' dir='ltr'><strong><em>negotio·</em></strong></span> 
     </span>
     <span class='ocr_line' id='line_1_5' title="bbox 48 589 1273 670; baseline 0.002 -20"><span class='ocrx_word' id='word_1_42' title='bbox 48 615 119 650; x_wconf 88' lang='lat' dir='ltr'><strong><em>rum</em></strong></span> <span class='ocrx_word' id='word_1_43' title='bbox 144 614 214 652; x_wconf 87' lang='lat' dir='ltr'><strong><em>cura</em></strong></span> <span class='ocrx_word' id='word_1_44' title='bbox 241 589 296 651; x_wconf 83' lang='lat' dir='ltr'><strong><em>sibi</em></strong></span> <span class='ocrx_word' id='word_1_45' title='bbox 324 597 554 652; x_wconf 75' lang='lat' dir='ltr'>demandaretur.</span> <span class='ocrx_word' id='word_1_46' title='bbox 590 599 671 660; x_wconf 77' lang='lat' dir='ltr'><strong><em>Plebs</em></strong></span> <span class='ocrx_word' id='word_1_47' title='bbox 698 617 812 670; x_wconf 86' lang='lat' dir='ltr'><strong><em>quoque</em></strong></span> <span class='ocrx_word' id='word_1_48' title='bbox 844 599 955 655; x_wconf 88' lang='lat' dir='ltr'><strong><em>nobiles</em></strong></span> <span class='ocrx_word' id='word_1_49' title='bbox 986 600 1129 655; x_wconf 85' lang='lat' dir='ltr'><strong><em>Romanos</em></strong></span> <span class='ocrx_word' id='word_1_50' title='bbox 1160 601 1273 656; x_wconf 86' lang='lat' dir='ltr'><strong><em>colebat</em></strong></span> 
     </span>
     <span class='ocr_line' id='line_1_6' title="bbox 48 669 1273 750; baseline 0.004 -29"><span class='ocrx_word' id='word_1_51' title='bbox 48 677 177 740; x_wconf 82' lang='lat' dir='ltr'><strong><em>propter</em></strong></span> <span class='ocrx_word' id='word_1_52' title='bbox 194 686 324 724; x_wconf 88' lang='lat' dir='ltr'><strong><em>munera.</em></strong></span> <span class='ocrx_word' id='word_1_53' title='bbox 361 669 419 722; x_wconf 81' lang='lat' dir='ltr'><strong><em>Eos</em></strong></span> <span class='ocrx_word' id='word_1_54' title='bbox 438 671 526 724; x_wconf 89' lang='lat' dir='ltr'><strong><em>etiam</em></strong></span> <span class='ocrx_word' id='word_1_55' title='bbox 543 670 677 725; x_wconf 85' lang='lat' dir='ltr'><strong><em>colebant</em></strong></span> <span class='ocrx_word' id='word_1_56' title='bbox 694 673 765 725; x_wconf 88' lang='lat' dir='ltr'><strong><em>socii</em></strong></span> <span class='ocrx_word' id='word_1_57' title='bbox 784 687 817 724; x_wconf 85' lang='lat' dir='ltr'><strong><em>aa</em></strong></span> <span class='ocrx_word' id='word_1_58' title='bbox 835 688 928 747; x_wconf 77' lang='lat' dir='ltr'><strong><em>reges,</em></strong></span> <span class='ocrx_word' id='word_1_59' title='bbox 946 678 980 724; x_wconf 92' lang='lat' dir='ltr'><strong><em>ut</em></strong></span> <span class='ocrx_word' id='word_1_60' title='bbox 997 689 1047 726; x_wconf 81' lang='lat' dir='ltr'><strong><em>ree</em></strong></span> <span class='ocrx_word' id='word_1_61' title='bbox 1062 691 1125 726; x_wconf 83' lang='lat' dir='ltr'><strong><em>suas</em></strong></span> <span class='ocrx_word' id='word_1_62' title='bbox 1144 672 1273 750; x_wconf 76' lang='lat' dir='ltr'><strong><em>diligen·</em></strong></span> 
     </span>
     <span class='ocr_line' id='line_1_7' title="bbox 48 739 1273 818; baseline 0.002 -24"><span class='ocrx_word' id='word_1_63' title='bbox 48 741 111 794; x_wconf 90' lang='lat' dir='ltr'><strong><em>tius</em></strong></span> <span class='ocrx_word' id='word_1_64' title='bbox 131 749 278 796; x_wconf 88' lang='lat' dir='ltr'><strong><em>curarent.</em></strong></span> <span class='ocrx_word' id='word_1_65' title='bbox 316 739 403 794; x_wconf 82' lang='lat' dir='ltr'><strong><em>Hisce</em></strong></span> <span class='ocrx_word' id='word_1_66' title='bbox 421 743 558 795; x_wconf 68' lang='lat' dir='ltr'><strong><em>clientelis</em></strong></span> <span class='ocrx_word' id='word_1_67' title='bbox 575 742 697 796; x_wconf 80' lang='lat' dir='ltr'><strong><em>Romani</em></strong></span> <span class='ocrx_word' id='word_1_68' title='bbox 714 743 839 814; x_wconf 80' lang='lat' dir='ltr'>plurimi</span> <span class='ocrx_word' id='word_1_69' title='bbox 857 743 974 818; x_wconf 83' lang='lat' dir='ltr'><strong><em>regibus</em></strong></span> <span class='ocrx_word' id='word_1_70' title='bbox 992 744 1060 814; x_wconf 83' lang='lat' dir='ltr'><strong><em>ipsis</em></strong></span> <span class='ocrx_word' id='word_1_71' title='bbox 1088 745 1207 800; x_wconf 86' lang='lat' dir='ltr'><strong><em>ditiores</em></strong></span> <span class='ocrx_word' id='word_1_72' title='bbox 1234 744 1273 798; x_wconf 90' lang='lat' dir='ltr'><strong><em>il·</em></strong></span> 
     </span>
     <span class='ocr_line' id='line_1_8' title="bbox 48 811 1274 883; baseline 0.003 -19"><span class='ocrx_word' id='word_1_73' title='bbox 48 812 264 883; x_wconf 78' lang='lat' dir='ltr'><strong><em>lustr-ioresque</em></strong></span> <span class='ocrx_word' id='word_1_74' title='bbox 283 811 449 866; x_wconf 80' lang='lat' dir='ltr'><strong><em>exstitere.“</em></strong></span> <span class='ocrx_word' id='word_1_75' title='bbox 467 813 545 866; x_wconf 89' lang='lat' dir='ltr'><strong><em>Brat.</em></strong></span> <span class='ocrx_word' id='word_1_76' title='bbox 568 841 602 852; x_wconf 90' lang='lat'>-</span> <span class='ocrx_word' id='word_1_77' title='bbox 620 820 649 866; x_wconf 90' lang='lat' dir='ltr'><strong><em>ut</em></strong></span> <span class='ocrx_word' id='word_1_78' title='bbox 667 814 776 882; x_wconf 80' lang='lat' dir='ltr'><strong><em>quisque</em></strong></span> <span class='ocrx_word' id='word_1_79' title='bbox 795 813 898 880; x_wconf 78' lang='lat' dir='ltr'><strong><em>opilm,</em></strong></span> <span class='ocrx_word' id='word_1_80' title='bbox 918 815 1002 882; x_wconf 86' lang='lat' dir='ltr'><strong><em>domo,</em></strong></span> <span class='ocrx_word' id='word_1_81' title='bbox 1020 823 1120 882; x_wconf 88' lang='lat' dir='ltr'><strong><em>paratu</em></strong></span> <span class='ocrx_word' id='word_1_82' title='bbox 1136 817 1274 881; x_wconf 85' lang='lat' dir='ltr'><strong><em>speciosus</em></strong></span> 
     </span>
     <span class='ocr_line' id='line_1_9' title="bbox 49 881 1272 956; baseline 0.005 -20"><span class='ocrx_word' id='word_1_83' title='bbox 49 891 125 948; x_wconf 84' lang='lat' dir='ltr'><strong><em>erat,</em></strong></span> <span class='ocrx_word' id='word_1_84' title='bbox 144 881 216 938; x_wconf 76' lang='lat' dir='ltr'><strong><em>leaeo</em></strong></span> <span class='ocrx_word' id='word_1_85' title='bbox 233 883 353 954; x_wconf 82' lang='lat' dir='ltr'><strong><em>species,</em></strong></span> <span class='ocrx_word' id='word_1_86' title='bbox 373 899 429 954; x_wconf 81' lang='lat' dir='ltr'><strong><em>qua</em></strong></span> <span class='ocrx_word' id='word_1_87' title='bbox 446 884 585 956; x_wconf 87' lang='lat' dir='ltr'><strong><em>pollebat,</em></strong></span> <span class='ocrx_word' id='word_1_88' title='bbox 604 885 740 938; x_wconf 85' lang='lat' dir='ltr'><strong><em>illustrior</em></strong></span> <span class='ocrx_word' id='word_1_89' title='bbox 757 893 802 940; x_wconf 85' lang='lat' dir='ltr'><strong><em>est</em></strong></span> <span class='ocrx_word' id='word_1_90' title='bbox 818 886 897 938; x_wconf 81' lang='lat' dir='ltr'><strong><em>iacta</em></strong></span> <span class='ocrx_word' id='word_1_91' title='bbox 920 903 1037 940; x_wconf 83' lang='lat' dir='ltr'><strong><em>accessu</em></strong></span> <span class='ocrx_word' id='word_1_92' title='bbox 1061 886 1175 940; x_wconf 85' lang='lat' dir='ltr'><strong><em>nominis</em></strong></span> <span class='ocrx_word' id='word_1_93' title='bbox 1196 885 1272 942; x_wconf 85' lang='lat' dir='ltr'><strong><em>cele·</em></strong></span> 
     </span>
     <span class='ocr_line' id='line_1_10' title="bbox 47 953 1272 1034; baseline 0.002 -27"><span class='ocrx_word' id='word_1_94' title='bbox 47 953 129 1008; x_wconf 82' lang='lat' dir='ltr'><strong><em>brati</em></strong></span> <span class='ocrx_word' id='word_1_95' title='bbox 149 963 178 1009; x_wconf 89' lang='lat' dir='ltr'><strong><em>et</em></strong></span> <span class='ocrx_word' id='word_1_96' title='bbox 195 955 389 1014; x_wconf 74' lang='lat' dir='ltr'><strong><em>clientelarum,</em></strong></span> <span class='ocrx_word' id='word_1_97' title='bbox 408 964 438 1008; x_wconf 88' lang='lat' dir='ltr'><strong><em>et</em></strong></span> <span class='ocrx_word' id='word_1_98' title='bbox 454 963 610 1028; x_wconf 87' lang='lat' dir='ltr'><strong><em>propterea</em></strong></span> <span class='ocrx_word' id='word_1_99' title='bbox 627 964 779 1028; x_wconf 72' lang='lat' dir='ltr'><strong>tantopere</strong></span> <span class='ocrx_word' id='word_1_100' title='bbox 796 956 1031 1034; x_wconf 76' lang='lat' dir='ltr'><strong><em>magnificentiae</em></strong></span> <span class='ocrx_word' id='word_1_101' title='bbox 1048 973 1166 1028; x_wconf 85' lang='lat' dir='ltr'><strong><em>operam</em></strong></span> <span class='ocrx_word' id='word_1_102' title='bbox 1178 957 1272 1027; x_wconf 90' lang='lat' dir='ltr'><strong><em>dabat,</em></strong></span> 
     </span>
     <span class='ocr_line' id='line_1_11' title="bbox 48 1024 1273 1102; baseline 0.005 -24"><span class='ocrx_word' id='word_1_103' title='bbox 48 1035 86 1080; x_wconf 90' lang='lat' dir='ltr'><strong><em>nt</em></strong></span> <span class='ocrx_word' id='word_1_104' title='bbox 103 1041 195 1079; x_wconf 91' lang='lat' dir='ltr'><strong><em>nomen</em></strong></span> <span class='ocrx_word' id='word_1_105' title='bbox 213 1024 339 1091; x_wconf 78' lang='lat' dir='ltr'><strong><em>(inmun,</em></strong></span> <span class='ocrx_word' id='word_1_106' title='bbox 359 1025 499 1102; x_wconf 76' lang='lat' dir='ltr'><strong><em>gloriam)</em></strong></span> <span class='ocrx_word' id='word_1_107' title='bbox 527 1036 556 1083; x_wconf 90' lang='lat' dir='ltr'><strong><em>et</em></strong></span> <span class='ocrx_word' id='word_1_108' title='bbox 575 1028 717 1082; x_wconf 75' lang='lat' dir='ltr'><strong><em>clientelae</em></strong></span> <span class='ocrx_word' id='word_1_109' title='bbox 734 1027 788 1082; x_wconf 88' lang='lat' dir='ltr'><strong><em>sibi</em></strong></span> <span class='ocrx_word' id='word_1_110' title='bbox 805 1037 923 1098; x_wconf 84' lang='lat' dir='ltr'><strong><em>pareret</em></strong></span> <span class='ocrx_word' id='word_1_111' title='bbox 942 1037 971 1083; x_wconf 89' lang='lat' dir='ltr'><strong><em>et</em></strong></span> <span class='ocrx_word' id='word_1_112' title='bbox 988 1029 1179 1084; x_wconf 80' lang='lat' dir='ltr'><strong><em>illustriorem</em></strong></span> <span class='ocrx_word' id='word_1_113' title='bbox 1208 1047 1273 1100; x_wconf 81' lang='lat' dir='ltr'><strong><em>spe·</em></strong></span> 
     </span>
     <span class='ocr_line' id='line_1_12' title="bbox 47 1097 1272 1172; baseline 0.003 -22"><span class='ocrx_word' id='word_1_114' title='bbox 47 1099 130 1151; x_wconf 65' lang='lat' dir='ltr'><strong><em>dem</em></strong></span> <span class='ocrx_word' id='word_1_115' title='bbox 147 1097 215 1152; x_wconf 88' lang='lat' dir='ltr'><strong><em>inde</em></strong></span> <span class='ocrx_word' id='word_1_116' title='bbox 233 1097 401 1166; x_wconf 76' lang='lat' dir='ltr'><strong><em>oriundam3</em></strong></span> <span class='ocrx_word' id='word_1_117' title='bbox 422 1097 526 1152; x_wconf 80' lang='lat' dir='ltr'><strong><em>Waltl.</em></strong></span> <span class='ocrx_word' id='word_1_118' title='bbox 564 1099 628 1166; x_wconf 81' lang='lat' dir='ltr'><strong><em>„tn</em></strong></span> <span class='ocrx_word' id='word_1_119' title='bbox 646 1101 753 1168; x_wconf 71' lang='lat' dir='ltr'><strong><em>quispam</em></strong></span> <span class='ocrx_word' id='word_1_120' title='bbox 770 1099 865 1166; x_wconf 81' lang='lat' dir='ltr'><strong><em>opibus</em></strong></span> <span class='ocrx_word' id='word_1_121' title='bbox 883 1099 909 1156; x_wconf 87' lang='lat' dir='ltr'><strong><em>d.</em></strong></span> <span class='ocrx_word' id='word_1_122' title='bbox 927 1117 952 1168; x_wconf 87' lang='lat' dir='ltr'><strong><em>p.</em></strong></span> <span class='ocrx_word' id='word_1_123' title='bbox 972 1103 1123 1168; x_wconf 69' lang='lat' dir='ltr'><strong><em>speciosior</em></strong></span> <span class='ocrx_word' id='word_1_124' title='bbox 1149 1117 1272 1172; x_wconf 87' lang='lat' dir='ltr'><strong><em>respon-</em></strong></span> 
     </span>
     <span class='ocr_line' id='line_1_13' title="bbox 48 1167 1272 1238; baseline 0.001 -16"><span class='ocrx_word' id='word_1_125' title='bbox 48 1167 123 1223; x_wconf 86' lang='lat' dir='ltr'><strong><em>dent</em></strong></span> <span class='ocrx_word' id='word_1_126' title='bbox 147 1167 242 1224; x_wconf 78' lang='lat' dir='ltr'><strong><em>verbis</em></strong></span> <span class='ocrx_word' id='word_1_127' title='bbox 263 1169 375 1237; x_wconf 75' lang='lat' dir='ltr'><strong><em>pleian,</em></strong></span> <span class='ocrx_word' id='word_1_128' title='bbox 403 1171 501 1236; x_wconf 83' lang='lat' dir='ltr'><strong><em>sotios,</em></strong></span> <span class='ocrx_word' id='word_1_129' title='bbox 520 1185 609 1236; x_wconf 73' lang='lat' dir='ltr'><strong><em>regna</em></strong></span> <span class='ocrx_word' id='word_1_130' title='bbox 627 1173 725 1238; x_wconf 89' lang='lat' dir='ltr'><strong><em>colere,</em></strong></span> <span class='ocrx_word' id='word_1_131' title='bbox 749 1179 783 1224; x_wconf 89' lang='lat' dir='ltr'><strong><em>ut</em></strong></span> <span class='ocrx_word' id='word_1_132' title='bbox 803 1167 854 1238; x_wconf 86' lang='lat' dir='ltr'><strong><em>¹per</em></strong></span> <span class='ocrx_word' id='word_1_133' title='bbox 871 1187 962 1224; x_wconf 86' lang='lat' dir='ltr'><strong><em>namen</em></strong></span> <span class='ocrx_word' id='word_1_134' title='bbox 986 1179 1012 1226; x_wconf 90' lang='lat' dir='ltr'><strong><em>el</em></strong></span> <span class='ocrx_word' id='word_1_135' title='bbox 1031 1173 1121 1229; x_wconf 75' lang='lat' dir='ltr'><strong><em>alienat.</em></strong></span> <span class='ocrx_word' id='word_1_136' title='bbox 1145 1173 1188 1228; x_wconf 90' lang='lat' dir='ltr'><strong><em>ill.</em></strong></span> <span class='ocrx_word' id='word_1_137' title='bbox 1208 1171 1272 1226; x_wconf 78' lang='lat' dir='ltr'><strong><em>lsai.</em></strong></span> 
     </span>
     <span class='ocr_line' id='line_1_14' title="bbox 47 1239 1272 1322; baseline 0.002 -28"><span class='ocrx_word' id='word_1_138' title='bbox 47 1239 142 1296; x_wconf 83' lang='lat' dir='ltr'><strong><em>uerbo</em></strong></span> <span class='ocrx_word' id='word_1_139' title='bbox 161 1249 187 1293; x_wconf 89' lang='lat' dir='ltr'><strong><em>et</em></strong></span> <span class='ocrx_word' id='word_1_140' title='bbox 205 1241 271 1308; x_wconf 83' lang='lat' dir='ltr'><strong><em>ccli,</em></strong></span> <span class='ocrx_word' id='word_1_141' title='bbox 291 1257 328 1295; x_wconf 86' lang='lat' dir='ltr'><strong><em>uc.</em></strong></span> <span class='ocrx_word' id='word_1_142' title='bbox 348 1259 365 1294; x_wconf 90' lang='lat' dir='ltr'><strong><em>a</em></strong></span> <span class='ocrx_word' id='word_1_143' title='bbox 381 1243 468 1310; x_wconf 76' lang='lat' dir='ltr'><strong><em>plebe,</em></strong></span> <span class='ocrx_word' id='word_1_144' title='bbox 486 1242 579 1306; x_wconf 86' lang='lat' dir='ltr'><strong><em>sociis,</em></strong></span> <span class='ocrx_word' id='word_1_145' title='bbox 598 1243 703 1308; x_wconf 72' lang='lat' dir='ltr'><strong><em>regaie.</em></strong></span> <span class='ocrx_word' id='word_1_146' title='bbox 740 1240 829 1314; x_wconf 85' lang='lat' dir='ltr'>Atqui</span> <span class='ocrx_word' id='word_1_147' title='bbox 847 1243 919 1296; x_wconf 82' lang='lat' dir='ltr'><strong><em>socii</em></strong></span> <span class='ocrx_word' id='word_1_148' title='bbox 937 1251 967 1298; x_wconf 88' lang='lat' dir='ltr'><strong><em>et</em></strong></span> <span class='ocrx_word' id='word_1_149' title='bbox 985 1261 1076 1322; x_wconf 78' lang='lat' dir='ltr'><strong><em>regna</em></strong></span> <span class='ocrx_word' id='word_1_150' title='bbox 1094 1252 1162 1297; x_wconf 89' lang='lat' dir='ltr'><strong><em>sunt</em></strong></span> <span class='ocrx_word' id='word_1_151' title='bbox 1188 1245 1272 1296; x_wconf 88' lang='lat' dir='ltr'><strong><em>clien-</em></strong></span> 
     </span>
     <span class='ocr_line' id='line_1_15' title="bbox 48 1311 1271 1388; baseline 0 -22"><span class='ocrx_word' id='word_1_152' title='bbox 48 1313 135 1368; x_wconf 87' lang='lat' dir='ltr'><strong><em>telae.</em></strong></span> <span class='ocrx_word' id='word_1_153' title='bbox 172 1311 255 1368; x_wconf 87' lang='lat' dir='ltr'><strong><em>Unde</em></strong></span> <span class='ocrx_word' id='word_1_154' title='bbox 278 1313 323 1379; x_wconf 79' lang='lat' dir='ltr'><strong><em>dt,</em></strong></span> <span class='ocrx_word' id='word_1_155' title='bbox 349 1321 383 1365; x_wconf 89' lang='lat' dir='ltr'><strong><em>ut</em></strong></span> <span class='ocrx_word' id='word_1_156' title='bbox 405 1313 531 1368; x_wconf 87' lang='lat' dir='ltr'><strong><em>alterurn</em></strong></span> <span class='ocrx_word' id='word_1_157' title='bbox 554 1312 678 1368; x_wconf 79' lang='lat' dir='ltr'><strong><em>verbum</em></strong></span> <span class='ocrx_word' id='word_1_158' title='bbox 705 1314 839 1388; x_wconf 76' lang='lat' dir='ltr'><strong><em>videatur</em></strong></span> <span class='ocrx_word' id='word_1_159' title='bbox 861 1314 962 1370; x_wconf 87' lang='lat' dir='ltr'><strong><em>debere</em></strong></span> <span class='ocrx_word' id='word_1_160' title='bbox 986 1315 1163 1388; x_wconf 84' lang='lat' dir='ltr'><strong><em>respondere</em></strong></span> <span class='ocrx_word' id='word_1_161' title='bbox 1185 1315 1271 1382; x_wconf 75' lang='lat' dir='ltr'><strong><em>plebi,</em></strong></span> 
     </span>
     <span class='ocr_line' id='line_1_16' title="bbox 46 1384 1272 1458; baseline 0 -20"><span class='ocrx_word' id='word_1_162' title='bbox 46 1387 207 1456; x_wconf 77' lang='lat' dir='ltr'><strong><em>veniatque</em></strong></span> <span class='ocrx_word' id='word_1_163' title='bbox 225 1387 257 1439; x_wconf 86' lang='lat' dir='ltr'><strong><em>in</em></strong></span> <span class='ocrx_word' id='word_1_164' title='bbox 274 1393 405 1439; x_wconf 84' lang='lat' dir='ltr'><strong><em>mentem</em></strong></span> <span class='ocrx_word' id='word_1_165' title='bbox 421 1401 471 1452; x_wconf 89' lang='lat' dir='ltr'><strong><em>per</em></strong></span> <span class='ocrx_word' id='word_1_166' title='bbox 487 1387 586 1440; x_wconf 80' lang='lat' dir='ltr'><strong><em>uriam.</em></strong></span> <span class='ocrx_word' id='word_1_167' title='bbox 613 1384 669 1440; x_wconf 80' lang='lat' dir='ltr'><strong><em>Sed</em></strong></span> <span class='ocrx_word' id='word_1_168' title='bbox 685 1394 782 1458; x_wconf 85' lang='lat' dir='ltr'><strong><em>potest</em></strong></span> <span class='ocrx_word' id='word_1_169' title='bbox 797 1403 847 1454; x_wconf 90' lang='lat' dir='ltr'><strong><em>per</em></strong></span> <span class='ocrx_word' id='word_1_170' title='bbox 863 1403 955 1440; x_wconf 87' lang='lat' dir='ltr'><strong><em>nomen</em></strong></span> <span class='ocrx_word' id='word_1_171' title='bbox 972 1394 1000 1442; x_wconf 90' lang='lat' dir='ltr'><strong><em>et</em></strong></span> <span class='ocrx_word' id='word_1_172' title='bbox 1018 1387 1160 1440; x_wconf 76' lang='lat' dir='ltr'><strong><em>clientelae</em></strong></span> <span class='ocrx_word' id='word_1_173' title='bbox 1177 1387 1272 1457; x_wconf 80' lang='lat' dir='ltr'><strong><em>accipi</em></strong></span> 
     </span>
     <span class='ocr_line' id='line_1_17' title="bbox 47 1455 1271 1532; baseline -0.001 -21"><span class='ocrx_word' id='word_1_174' title='bbox 47 1473 106 1530; x_wconf 82' lang='lat' dir='ltr'><strong><em>pro</em></strong></span> <span class='ocrx_word' id='word_1_175' title='bbox 119 1460 223 1510; x_wconf 87' lang='lat' dir='ltr'><strong><em>nomine</em></strong></span> <span class='ocrx_word' id='word_1_176' title='bbox 234 1465 261 1510; x_wconf 91' lang='lat' dir='ltr'><strong><em>et</em></strong></span> <span class='ocrx_word' id='word_1_177' title='bbox 273 1458 411 1510; x_wconf 67' lang='lat' dir='ltr'><strong><em>clientelis</em></strong></span> <span class='ocrx_word' id='word_1_178' title='bbox 422 1466 451 1512; x_wconf 91' lang='lat' dir='ltr'><strong><em>et</em></strong></span> <span class='ocrx_word' id='word_1_179' title='bbox 460 1455 609 1512; x_wconf 77' lang='lat' dir='ltr'><strong><em>labebatur</em></strong></span> <span class='ocrx_word' id='word_1_180' title='bbox 621 1475 677 1530; x_wconf 88' lang='lat' dir='ltr'><strong><em>pro</em></strong></span> <span class='ocrx_word' id='word_1_181' title='bbox 689 1466 748 1512; x_wconf 85' lang='lat' dir='ltr'><strong><em>erat</em></strong></span> <span class='ocrx_word' id='word_1_182' title='bbox 767 1457 805 1524; x_wconf 80' lang='lat' dir='ltr'><strong><em>(v.</em></strong></span> <span class='ocrx_word' id='word_1_183' title='bbox 816 1459 878 1512; x_wconf 89' lang='lat' dir='ltr'><strong><em>Ind.</em></strong></span> <span class='ocrx_word' id='word_1_184' title='bbox 889 1459 945 1528; x_wconf 91' lang='lat'><strong><em>11.)</em></strong></span> <span class='ocrx_word' id='word_1_185' title='bbox 963 1477 1059 1532; x_wconf 82' lang='lat' dir='ltr'><strong><em>neque</em></strong></span> <span class='ocrx_word' id='word_1_186' title='bbox 1076 1459 1271 1514; x_wconf 83' lang='lat' dir='ltr'><strong><em>neeessarimn</em></strong></span> 
     </span>
     <span class='ocr_line' id='line_1_18' title="bbox 47 1529 1270 1602; baseline -0.003 -16"><span class='ocrx_word' id='word_1_187' title='bbox 47 1532 222 1598; x_wconf 65' lang='lat' dir='ltr'><strong><em>emomnta</em></strong></span> <span class='ocrx_word' id='word_1_188' title='bbox 240 1529 294 1584; x_wconf 90' lang='lat' dir='ltr'><strong><em>sibi</em></strong></span> <span class='ocrx_word' id='word_1_189' title='bbox 312 1539 446 1584; x_wconf 81' lang='lat' dir='ltr'><strong><em>accurate</em></strong></span> <span class='ocrx_word' id='word_1_190' title='bbox 471 1529 676 1602; x_wconf 83' lang='lat' dir='ltr'><strong><em>respondere.“</em></strong></span> <span class='ocrx_word' id='word_1_191' title='bbox 702 1531 769 1584; x_wconf 73' lang='lat' dir='ltr'><strong><em>Em.</em></strong></span> <span class='ocrx_word' id='word_1_192' title='bbox 807 1531 915 1586; x_wconf 82' lang='lat' dir='ltr'><strong><em>Contra</em></strong></span> <span class='ocrx_word' id='word_1_193' title='bbox 932 1531 1016 1586; x_wconf 80' lang='lat' dir='ltr'><strong><em>Roth.</em></strong></span> <span class='ocrx_word' id='word_1_194' title='bbox 1036 1531 1071 1586; x_wconf 83' lang='lat' dir='ltr'><strong><em>de</em></strong></span> <span class='ocrx_word' id='word_1_195' title='bbox 1094 1531 1201 1602; x_wconf 79' lang='lat' dir='ltr'><strong><em>Synon.</em></strong></span> <span class='ocrx_word' id='word_1_196' title='bbox 1225 1547 1270 1600; x_wconf 84' lang='lat' dir='ltr'><strong><em>ap.</em></strong></span> 
     </span>
     <span class='ocr_line' id='line_1_19' title="bbox 46 1599 1274 1676; baseline 0 -20"><span class='ocrx_word' id='word_1_197' title='bbox 46 1603 119 1660; x_wconf 82' lang='lat' dir='ltr'><strong><em>Tac.</em></strong></span> <span class='ocrx_word' id='word_1_198' title='bbox 138 1619 168 1676; x_wconf 87' lang='lat' dir='ltr'><strong><em>p.</em></strong></span> <span class='ocrx_word' id='word_1_199' title='bbox 180 1606 224 1660; x_wconf 79' lang='grc'><strong>31.</strong></span> <span class='ocrx_word' id='word_1_200' title='bbox 244 1603 387 1656; x_wconf 87' lang='lat' dir='ltr'><strong><em>clientelas</em></strong></span> <span class='ocrx_word' id='word_1_201' title='bbox 398 1599 429 1659; x_wconf 85' lang='lat' dir='ltr'><strong><em>h.</em></strong></span> <span class='ocrx_word' id='word_1_202' title='bbox 445 1603 466 1658; x_wconf 93' lang='grc'><strong>1.</strong></span> <span class='ocrx_word' id='word_1_203' title='bbox 485 1620 540 1676; x_wconf 87' lang='lat' dir='ltr'><strong><em>pro</em></strong></span> <span class='ocrx_word' id='word_1_204' title='bbox 559 1603 703 1656; x_wconf 74' lang='lat' dir='ltr'><strong><em>clientelae</em></strong></span> <span class='ocrx_word' id='word_1_205' title='bbox 720 1603 778 1657; x_wconf 89' lang='lat' dir='ltr'><strong><em>dici</em></strong></span> <span class='ocrx_word' id='word_1_206' title='bbox 796 1613 895 1658; x_wconf 83' lang='lat' dir='ltr'><strong><em>censet</em></strong></span> <span class='ocrx_word' id='word_1_207' title='bbox 912 1603 955 1672; x_wconf 79' lang='lat' dir='ltr'><strong><em>(r.</em></strong></span> <span class='ocrx_word' id='word_1_208' title='bbox 975 1605 1048 1668; x_wconf 68' lang='lat' dir='ltr'><strong><em>adl,</em></strong></span> <span class='ocrx_word' id='word_1_209' title='bbox 1064 1607 1109 1669; x_wconf 89' lang='grc'><strong><em>13,</em></strong></span> <span class='ocrx_word' id='word_1_210' title='bbox 1122 1603 1162 1670; x_wconf 78' lang='grc'><strong>3.)</strong></span> <span class='ocrx_word' id='word_1_211' title='bbox 1181 1610 1209 1656; x_wconf 88' lang='lat' dir='ltr'><strong><em>et</em></strong></span> <span class='ocrx_word' id='word_1_212' title='bbox 1221 1617 1274 1670; x_wconf 85' lang='lat' dir='ltr'><strong><em>per</em></strong></span> 
     </span>
     <span class='ocr_line' id='line_1_20' title="bbox 46 1671 1271 1748; baseline 0.001 -21"><span class='ocrx_word' id='word_1_213' title='bbox 46 1691 142 1728; x_wconf 84' lang='lat' dir='ltr'><strong><em>nomen</em></strong></span> <span class='ocrx_word' id='word_1_214' title='bbox 165 1681 192 1728; x_wconf 91' lang='lat' dir='ltr'><strong><em>et</em></strong></span> <span class='ocrx_word' id='word_1_215' title='bbox 217 1673 359 1728; x_wconf 76' lang='lat' dir='ltr'><strong><em>clientelae</em></strong></span> <span class='ocrx_word' id='word_1_216' title='bbox 380 1691 436 1746; x_wconf 88' lang='lat' dir='ltr'><strong><em>per</em></strong></span> <span class='ocrx_word' id='word_1_217' title='bbox 459 1673 491 1728; x_wconf 78' lang='lat' dir='ltr'><strong><em>ir</em></strong></span> <span class='ocrx_word' id='word_1_218' title='bbox 514 1671 561 1728; x_wconf 79' lang='grc' dir='ltr'><strong><em>διὰ</em></strong></span> <span class='ocrx_word' id='word_1_219' title='bbox 584 1673 667 1728; x_wconf 73' lang='grc' dir='ltr'><em>δυοῖν</em></span> <span class='ocrx_word' id='word_1_220' title='bbox 690 1691 744 1748; x_wconf 85' lang='lat' dir='ltr'><strong><em>pro</em></strong></span> <span class='ocrx_word' id='word_1_221' title='bbox 764 1691 816 1744; x_wconf 88' lang='lat' dir='ltr'><strong><em>per</em></strong></span> <span class='ocrx_word' id='word_1_222' title='bbox 837 1692 928 1728; x_wconf 87' lang='lat' dir='ltr'><strong><em>nomen</em></strong></span> <span class='ocrx_word' id='word_1_223' title='bbox 946 1677 1093 1740; x_wconf 85' lang='lat' dir='ltr'><strong><em>clientium,</em></strong></span> <span class='ocrx_word' id='word_1_224' title='bbox 1120 1684 1154 1729; x_wconf 89' lang='lat' dir='ltr'><strong><em>ut</em></strong></span> <span class='ocrx_word' id='word_1_225' title='bbox 1172 1691 1271 1730; x_wconf 85' lang='lat' dir='ltr'><strong><em>sensus</em></strong></span> 
     </span>
     <span class='ocr_line' id='line_1_21' title="bbox 48 1747 1271 1834; baseline -0.002 -33"><span class='ocrx_word' id='word_1_226' title='bbox 48 1749 106 1802; x_wconf 84' lang='lat' dir='ltr'><strong><em>ait:</em></strong></span> <span class='ocrx_word' id='word_1_227' title='bbox 126 1749 293 1834; x_wconf 67' lang='lat' dir='ltr'><strong><em>quomagis</em></strong></span> <span class='ocrx_word' id='word_1_228' title='bbox 312 1747 461 1818; x_wconf 82' lang='lat' dir='ltr'><strong><em>conspicui</em></strong></span> <span class='ocrx_word' id='word_1_229' title='bbox 479 1747 556 1819; x_wconf 85' lang='lat' dir='ltr'><strong><em>apud</em></strong></span> <span class='ocrx_word' id='word_1_230' title='bbox 573 1763 639 1800; x_wconf 85' lang='lat' dir='ltr'><strong><em>enos</em></strong></span> <span class='ocrx_word' id='word_1_231' title='bbox 658 1755 753 1802; x_wconf 78' lang='lat' dir='ltr'><strong><em>essent</em></strong></span> <span class='ocrx_word' id='word_1_232' title='bbox 780 1756 810 1833; x_wconf 77' lang='lat' dir='ltr'><strong><em>et</em></strong></span> <span class='ocrx_word' id='word_1_233' title='bbox 832 1749 1049 1834; x_wconf 30' lang='lat' dir='ltr'><strong><em>quonplaribus</em></strong></span> <span class='ocrx_word' id='word_1_234' title='bbox 1080 1749 1271 1820; x_wconf 81' lang='lat' dir='ltr'><strong><em>imperarent,</em></strong></span> 
     </span>
     <span class='ocr_line' id='line_1_22' title="bbox 46 1817 1272 1962; baseline -0.003 -16"><span class='ocrx_word' id='word_1_235' title='bbox 46 1835 208 1946; x_wconf 60' lang='grc' dir='ltr'><strong>1.ῗὲἕὲ</strong></span> <span class='ocrx_word' id='word_1_236' title='bbox 224 1817 1272 1962; x_wconf 52' lang='lat' dir='ltr'><strong><em>litti‘tltll‘ttttffttitillet:nitimini.2².</em></strong></span> 
     </span>
     <span class='ocr_line' id='line_1_23' title="bbox 46 1909 1271 2030; baseline 0.002 -16"><span class='ocrx_word' id='word_1_237' title='bbox 46 1961 125 2016; x_wconf 84' lang='lat' dir='ltr'><strong><em>Dial.</em></strong></span> <span class='ocrx_word' id='word_1_238' title='bbox 146 1961 182 2016; x_wconf 86' lang='lat' dir='ltr'><strong><em>de</em></strong></span> <span class='ocrx_word' id='word_1_239' title='bbox 199 1971 274 2018; x_wconf 88' lang='lat' dir='ltr'><strong><em>arat.</em></strong></span> <span class='ocrx_word' id='word_1_240' title='bbox 293 1978 319 2017; x_wconf 85' lang='lat' dir='ltr'><strong><em>o.</em></strong></span> <span class='ocrx_word' id='word_1_241' title='bbox 339 1964 383 2018; x_wconf 87' lang='grc'><strong>36.</strong></span> <span class='ocrx_word' id='word_1_242' title='bbox 401 1963 452 2016; x_wconf 87' lang='lat' dir='ltr'><strong><em>nbi</em></strong></span> <span class='ocrx_word' id='word_1_243' title='bbox 470 1971 572 2017; x_wconf 79' lang='lat' dir='ltr'><strong><em>auctor</em></strong></span> <span class='ocrx_word' id='word_1_244' title='bbox 589 1961 684 2018; x_wconf 89' lang='lat' dir='ltr'><strong><em>libelli</em></strong></span> <span class='ocrx_word' id='word_1_245' title='bbox 703 1909 814 2016; x_wconf 67' lang='lat' dir='ltr'><strong><em>dividet</em></strong></span> <span class='ocrx_word' id='word_1_246' title='bbox 836 1978 928 2016; x_wconf 88' lang='lat' dir='ltr'><strong><em>nomen</em></strong></span> <span class='ocrx_word' id='word_1_247' title='bbox 952 1972 983 2018; x_wconf 87' lang='lat' dir='ltr'><strong><em>et</em></strong></span> <span class='ocrx_word' id='word_1_248' title='bbox 1009 1965 1158 2030; x_wconf 80' lang='lat' dir='ltr'><strong><em>clientelae,</em></strong></span> <span class='ocrx_word' id='word_1_249' title='bbox 1183 1970 1213 2016; x_wconf 92' lang='lat' dir='ltr'><strong><em>at</em></strong></span> <span class='ocrx_word' id='word_1_250' title='bbox 1255 1979 1271 2016; x_wconf 87' lang='lat' dir='ltr'><strong><em>e</em></strong></span> 
     </span>
     <span class='ocr_line' id='line_1_24' title="bbox 47 2032 1272 2110; baseline 0 -22"><span class='ocrx_word' id='word_1_251' title='bbox 47 2037 90 2088; x_wconf 81' lang='lat' dir='ltr'><strong><em>ita</em></strong></span> <span class='ocrx_word' id='word_1_252' title='bbox 107 2043 143 2087; x_wconf 89' lang='lat' dir='ltr'><strong><em>ut</em></strong></span> <span class='ocrx_word' id='word_1_253' title='bbox 160 2033 300 2088; x_wconf 86' lang='lat' dir='ltr'><strong><em>conlundi</em></strong></span> <span class='ocrx_word' id='word_1_254' title='bbox 317 2041 471 2104; x_wconf 84' lang='lat' dir='ltr'><strong><em>nequeant.</em></strong></span> <span class='ocrx_word' id='word_1_255' title='bbox 510 2035 611 2100; x_wconf 83' lang='lat' dir='ltr'><strong><em>„llaec</em></strong></span> <span class='ocrx_word' id='word_1_256' title='bbox 637 2033 792 2105; x_wconf 84' lang='lat' dir='ltr'><strong><em>explicatio</em></strong></span> <span class='ocrx_word' id='word_1_257' title='bbox 816 2032 905 2110; x_wconf 74' lang='lat' dir='ltr'><strong><em>longe</em></strong></span> <span class='ocrx_word' id='word_1_258' title='bbox 930 2053 948 2090; x_wconf 91' lang='lat' dir='ltr'><strong><em>a</em></strong></span> <span class='ocrx_word' id='word_1_259' title='bbox 969 2051 1040 2090; x_wconf 83' lang='lat' dir='ltr'><strong><em>vero</em></strong></span> <span class='ocrx_word' id='word_1_260' title='bbox 1067 2037 1163 2091; x_wconf 82' lang='lat' dir='ltr'><strong><em>abesae</em></strong></span> <span class='ocrx_word' id='word_1_261' title='bbox 1189 2035 1220 2088; x_wconf 84' lang='lat' dir='ltr'><strong><em>vi</em></strong></span> <span class='ocrx_word' id='word_1_262' title='bbox 1241 2051 1272 2088; x_wconf 88' lang='lat' dir='ltr'><strong><em>e·</em></strong></span> 
     </span>
     <span class='ocr_line' id='line_1_25' title="bbox 46 2103 1271 2175; baseline -0.001 -16"><span class='ocrx_word' id='word_1_263' title='bbox 46 2105 129 2159; x_wconf 58' lang='grc' dir='ltr'><strong><em>ων*</em></strong></span> <span class='ocrx_word' id='word_1_264' title='bbox 149 2105 256 2162; x_wconf 86' lang='lat' dir='ltr'><strong><em>Waltls.</em></strong></span> <span class='ocrx_word' id='word_1_265' title='bbox 294 2105 431 2160; x_wconf 80' lang='lat' dir='ltr'><strong><em>Ceterum</em></strong></span> <span class='ocrx_word' id='word_1_266' title='bbox 449 2103 521 2160; x_wconf 88' lang='lat' dir='ltr'><strong><em>dites</em></strong></span> <span class='ocrx_word' id='word_1_267' title='bbox 544 2105 669 2170; x_wconf 69' lang='lat' dir='ltr'><strong><em>familiae</em></strong></span> <span class='ocrx_word' id='word_1_268' title='bbox 692 2105 828 2170; x_wconf 83' lang='lat' dir='ltr'><strong><em>nobilium,</em></strong></span> <span class='ocrx_word' id='word_1_269' title='bbox 852 2115 885 2158; x_wconf 93' lang='lat' dir='ltr'><strong><em>ut</em></strong></span> <span class='ocrx_word' id='word_1_270' title='bbox 903 2113 932 2160; x_wconf 86' lang='lat' dir='ltr'><strong><em>et</em></strong></span> <span class='ocrx_word' id='word_1_271' title='bbox 949 2115 1088 2172; x_wconf 86' lang='lat' dir='ltr'><strong><em>oratores,</em></strong></span> <span class='ocrx_word' id='word_1_272' title='bbox 1113 2112 1196 2161; x_wconf 87' lang='lat' dir='ltr'><strong><em>eraut</em></strong></span> <span class='ocrx_word' id='word_1_273' title='bbox 1218 2121 1271 2175; x_wconf 87' lang='lat' dir='ltr'><strong><em>pa-</em></strong></span> 
     </span>
     <span class='ocr_line' id='line_1_26' title="bbox 46 2176 1271 2256; baseline -0.003 -24"><span class='ocrx_word' id='word_1_274' title='bbox 46 2177 131 2232; x_wconf 83' lang='lat' dir='ltr'><strong><em>troni</em></strong></span> <span class='ocrx_word' id='word_1_275' title='bbox 147 2183 208 2230; x_wconf 85' lang='lat' dir='ltr'><strong><em>tam</em></strong></span> <span class='ocrx_word' id='word_1_276' title='bbox 225 2177 321 2245; x_wconf 75' lang='lat' dir='ltr'><strong><em>pletis,</em></strong></span> <span class='ocrx_word' id='word_1_277' title='bbox 341 2195 428 2248; x_wconf 81' lang='lat' dir='ltr'><strong><em>quam</em></strong></span> <span class='ocrx_word' id='word_1_278' title='bbox 446 2176 574 2241; x_wconf 85' lang='lat' dir='ltr'><strong><em>urbium,</em></strong></span> <span class='ocrx_word' id='word_1_279' title='bbox 593 2177 738 2256; x_wconf 74' lang='lat' dir='ltr'><strong><em>gentium,</em></strong></span> <span class='ocrx_word' id='word_1_280' title='bbox 756 2177 898 2242; x_wconf 86' lang='lat' dir='ltr'><strong><em>sociorum,</em></strong></span> <span class='ocrx_word' id='word_1_281' title='bbox 917 2177 1108 2243; x_wconf 85' lang='lat' dir='ltr'><strong><em>coloniarum,</em></strong></span> <span class='ocrx_word' id='word_1_282' title='bbox 1127 2190 1271 2242; x_wconf 73' lang='lat' dir='ltr'><strong><em>regnorum</em></strong></span> 
     </span>
     <span class='ocr_line' id='line_1_27' title="bbox 47 2245 1270 2326; baseline -0.002 -23"><span class='ocrx_word' id='word_1_283' title='bbox 47 2257 79 2303; x_wconf 88' lang='lat' dir='ltr'><strong><em>et</em></strong></span> <span class='ocrx_word' id='word_1_284' title='bbox 98 2266 210 2326; x_wconf 71' lang='lat' dir='ltr'><strong><em>regum.</em></strong></span> <span class='ocrx_word' id='word_1_285' title='bbox 232 2247 276 2306; x_wconf 82' lang='lat' dir='ltr'><strong><em>Cf.</em></strong></span> <span class='ocrx_word' id='word_1_286' title='bbox 296 2252 340 2318; x_wconf 86' lang='grc'><strong><em>13,</em></strong></span> <span class='ocrx_word' id='word_1_287' title='bbox 359 2249 404 2305; x_wconf 85' lang='grc'><strong>37.</strong></span> <span class='ocrx_word' id='word_1_288' title='bbox 426 2253 468 2314; x_wconf 87' lang='lat' dir='ltr'><strong><em>lt,</em></strong></span> <span class='ocrx_word' id='word_1_289' title='bbox 488 2252 530 2305; x_wconf 81' lang='grc'><strong>61.</strong></span> <span class='ocrx_word' id='word_1_290' title='bbox 550 2249 586 2304; x_wconf 81' lang='lat' dir='ltr'><strong><em>ll.</em></strong></span> <span class='ocrx_word' id='word_1_291' title='bbox 605 2252 634 2313; x_wconf 83' lang='grc'><strong><em>3,</em></strong></span> <span class='ocrx_word' id='word_1_292' title='bbox 653 2251 696 2304; x_wconf 80' lang='grc'><strong>71.</strong></span> <span class='ocrx_word' id='word_1_293' title='bbox 717 2247 747 2302; x_wconf 93' lang='lat'><strong><em>0.</em></strong></span> <span class='ocrx_word' id='word_1_294' title='bbox 767 2251 795 2314; x_wconf 85' lang='grc'><strong><em>3,</em></strong></span> <span class='ocrx_word' id='word_1_295' title='bbox 813 2250 859 2304; x_wconf 90' lang='grc'><strong>36.</strong></span> <span class='ocrx_word' id='word_1_296' title='bbox 879 2251 922 2304; x_wconf 86' lang='grc'><strong>31.</strong></span> <span class='ocrx_word' id='word_1_297' title='bbox 942 2253 988 2306; x_wconf 86' lang='grc'><strong>33.</strong></span> <span class='ocrx_word' id='word_1_298' title='bbox 1008 2249 1077 2306; x_wconf 83' lang='lat' dir='ltr'><strong><em>Sall.</em></strong></span> <span class='ocrx_word' id='word_1_299' title='bbox 1091 2249 1188 2326; x_wconf 62' lang='lat' dir='ltr'><strong><em>lugu.</em></strong></span> <span class='ocrx_word' id='word_1_300' title='bbox 1209 2245 1270 2300; x_wconf 76' lang='lat' dir='ltr'><strong><em>cie</em></strong></span> 
     </span>
     <span class='ocr_line' id='line_1_28' title="bbox 46 2317 1269 2392; baseline 0.002 -20"><span class='ocrx_word' id='word_1_301' title='bbox 46 2321 132 2373; x_wconf 83' lang='lat' dir='ltr'><strong><em>Verr.</em></strong></span> <span class='ocrx_word' id='word_1_302' title='bbox 154 2319 473 2391; x_wconf 77' lang='lat' dir='ltr'><strong><em>1,1,⁶t.55.p.1’is.</em></strong></span> <span class='ocrx_word' id='word_1_303' title='bbox 494 2325 536 2376; x_wconf 92' lang='lat'><strong><em>11.</em></strong></span> <span class='ocrx_word' id='word_1_304' title='bbox 561 2337 592 2392; x_wconf 85' lang='lat' dir='ltr'><strong><em>p.</em></strong></span> <span class='ocrx_word' id='word_1_305' title='bbox 612 2319 755 2376; x_wconf 75' lang='lat' dir='ltr'><strong><em>saltant.</em></strong></span> <span class='ocrx_word' id='word_1_306' title='bbox 783 2337 828 2391; x_wconf 77' lang='lat' dir='ltr'><strong><em>ep.</em></strong></span> <span class='ocrx_word' id='word_1_307' title='bbox 852 2318 889 2374; x_wconf 84' lang='lat' dir='ltr'><strong><em>ad</em></strong></span> <span class='ocrx_word' id='word_1_308' title='bbox 911 2319 969 2376; x_wconf 81' lang='lat' dir='ltr'><strong><em>dir.</em></strong></span> <span class='ocrx_word' id='word_1_309' title='bbox 998 2323 1040 2384; x_wconf 82' lang='lat'><strong><em>15.</em></strong></span> <span class='ocrx_word' id='word_1_310' title='bbox 1059 2324 1085 2377; x_wconf 76' lang='lat'><strong><em>4.</em></strong></span> <span class='ocrx_word' id='word_1_311' title='bbox 1113 2320 1148 2374; x_wconf 86' lang='lat' dir='ltr'><strong><em>de</em></strong></span> <span class='ocrx_word' id='word_1_312' title='bbox 1173 2317 1223 2374; x_wconf 78' lang='lat' dir='ltr'><strong><em>off.</em></strong></span> <span class='ocrx_word' id='word_1_313' title='bbox 1242 2323 1269 2385; x_wconf 88' lang='lat' dir='ltr'><strong><em>l,</em></strong></span> 
     </span>
     <span class='ocr_line' id='line_1_29' title="bbox 49 2391 1269 2458; baseline -0.005 -10"><span class='ocrx_word' id='word_1_314' title='bbox 49 2397 93 2448; x_wconf 94' lang='grc'><strong>11.</strong></span> <span class='ocrx_word' id='word_1_315' title='bbox 112 2395 141 2458; x_wconf 77' lang='grc'><strong><em>3,</em></strong></span> <span class='ocrx_word' id='word_1_316' title='bbox 160 2395 202 2448; x_wconf 82' lang='grc'><strong>16.</strong></span> <span class='ocrx_word' id='word_1_317' title='bbox 240 2393 316 2446; x_wconf 80' lang='lat' dir='ltr'><strong><em>ilinc</em></strong></span> <span class='ocrx_word' id='word_1_318' title='bbox 335 2393 423 2446; x_wconf 86' lang='lat' dir='ltr'><strong><em>etiam</em></strong></span> <span class='ocrx_word' id='word_1_319' title='bbox 441 2399 482 2444; x_wconf 92' lang='lat' dir='ltr'><strong><em>tot</em></strong></span> <span class='ocrx_word' id='word_1_320' title='bbox 499 2391 661 2444; x_wconf 75' lang='lat' dir='ltr'><strong><em>coloniarum</em></strong></span> <span class='ocrx_word' id='word_1_321' title='bbox 680 2398 706 2444; x_wconf 93' lang='lat' dir='ltr'><strong><em>et</em></strong></span> <span class='ocrx_word' id='word_1_322' title='bbox 724 2393 925 2456; x_wconf 77' lang='lat' dir='ltr'><strong><em>municipiorum</em></strong></span> <span class='ocrx_word' id='word_1_323' title='bbox 945 2391 1089 2446; x_wconf 85' lang='lat' dir='ltr'><strong><em>clientelae</em></strong></span> <span class='ocrx_word' id='word_1_324' title='bbox 1106 2394 1269 2446; x_wconf 81' lang='lat' dir='ltr'><strong><em>Maternum</em></strong></span> 
     </span>
     <span class='ocr_line' id='line_1_30' title="bbox 46 2461 1268 2528; baseline -0.003 -10"><span class='ocrx_word' id='word_1_325' title='bbox 46 2463 79 2518; x_wconf 87' lang='lat' dir='ltr'><strong><em>in</em></strong></span> <span class='ocrx_word' id='word_1_326' title='bbox 98 2465 185 2528; x_wconf 70' lang='lat' dir='ltr'><strong><em>faran</em></strong></span> <span class='ocrx_word' id='word_1_327' title='bbox 206 2479 317 2517; x_wconf 81' lang='lat' dir='ltr'><strong><em>vocam</em></strong></span> <span class='ocrx_word' id='word_1_328' title='bbox 334 2463 473 2517; x_wconf 76' lang='lat' dir='ltr'><strong><em>dicamur</em></strong></span> <span class='ocrx_word' id='word_1_329' title='bbox 491 2463 521 2516; x_wconf 91' lang='grc'><strong>0.</strong></span> <span class='ocrx_word' id='word_1_330' title='bbox 541 2467 568 2520; x_wconf 87' lang='grc'><strong>3.</strong></span> <span class='ocrx_word' id='word_1_331' title='bbox 586 2463 636 2517; x_wconf 88' lang='lat' dir='ltr'><strong><em>ubi</em></strong></span> <span class='ocrx_word' id='word_1_332' title='bbox 654 2461 733 2519; x_wconf 84' lang='lat' dir='ltr'><strong><em>Brot.</em></strong></span> <span class='ocrx_word' id='word_1_333' title='bbox 755 2471 784 2518; x_wconf 89' lang='lat' dir='ltr'><strong><em>et</em></strong></span> <span class='ocrx_word' id='word_1_334' title='bbox 802 2461 896 2519; x_wconf 87' lang='lat' dir='ltr'><strong><em>Oberl.</em></strong></span> <span class='ocrx_word' id='word_1_335' title='bbox 917 2463 1070 2520; x_wconf 86' lang='lat' dir='ltr'><strong><em>contulere</em></strong></span> <span class='ocrx_word' id='word_1_336' title='bbox 1088 2463 1161 2518; x_wconf 84' lang='lat' dir='ltr'><strong><em>Gari</em></strong></span> <span class='ocrx_word' id='word_1_337' title='bbox 1179 2463 1268 2516; x_wconf 83' lang='lat' dir='ltr'><strong><em>inser.</em></strong></span> 
     </span>
     <span class='ocr_line' id='line_1_31' title="bbox 46 2533 1268 2606; baseline 0 -18"><span class='ocrx_word' id='word_1_338' title='bbox 46 2543 108 2588; x_wconf 84' lang='lat' dir='ltr'><strong><em>ent.</em></strong></span> <span class='ocrx_word' id='word_1_339' title='bbox 133 2533 166 2586; x_wconf 85' lang='grc' dir='ltr'><strong>Τ.</strong></span> <span class='ocrx_word' id='word_1_340' title='bbox 184 2535 206 2590; x_wconf 91' lang='grc'><strong>1.</strong></span> <span class='ocrx_word' id='word_1_341' title='bbox 234 2553 262 2606; x_wconf 82' lang='lat' dir='ltr'><strong><em>p.</em></strong></span> <span class='ocrx_word' id='word_1_342' title='bbox 283 2537 327 2592; x_wconf 78' lang='grc'><strong>66.</strong></span> <span class='ocrx_word' id='word_1_343' title='bbox 354 2543 384 2590; x_wconf 86' lang='lat' dir='ltr'><strong><em>et</em></strong></span> <span class='ocrx_word' id='word_1_344' title='bbox 408 2535 553 2590; x_wconf 83' lang='lat' dir='ltr'><strong><em>Tomaein.</em></strong></span> <span class='ocrx_word' id='word_1_345' title='bbox 580 2535 615 2590; x_wconf 88' lang='lat' dir='ltr'><strong><em>de</em></strong></span> <span class='ocrx_word' id='word_1_346' title='bbox 641 2536 759 2590; x_wconf 85' lang='lat' dir='ltr'><strong><em>tesseris</em></strong></span> <span class='ocrx_word' id='word_1_347' title='bbox 776 2533 984 2606; x_wconf 82' lang='lat' dir='ltr'><strong><em>hospitalitatis</em></strong></span> <span class='ocrx_word' id='word_1_348' title='bbox 1008 2535 1099 2592; x_wconf 76' lang='lat' dir='ltr'><strong><em>Arnst.</em></strong></span> <span class='ocrx_word' id='word_1_349' title='bbox 1127 2535 1203 2590; x_wconf 82' lang='grc'><strong>1673.</strong></span> <span class='ocrx_word' id='word_1_350' title='bbox 1225 2534 1268 2588; x_wconf 82' lang='grc'><strong>13.</strong></span> 
     </span>
     <span class='ocr_line' id='line_1_32' title="bbox 47 2605 1268 2677; baseline -0.002 -17"><span class='ocrx_word' id='word_1_351' title='bbox 47 2607 92 2660; x_wconf 86' lang='lat' dir='ltr'><strong><em>De</em></strong></span> <span class='ocrx_word' id='word_1_352' title='bbox 111 2606 253 2660; x_wconf 84' lang='lat' dir='ltr'><strong><em>clientilus</em></strong></span> <span class='ocrx_word' id='word_1_353' title='bbox 271 2614 300 2661; x_wconf 88' lang='lat' dir='ltr'><strong><em>et</em></strong></span> <span class='ocrx_word' id='word_1_354' title='bbox 317 2606 440 2674; x_wconf 88' lang='lat' dir='ltr'><strong><em>patronis</em></strong></span> <span class='ocrx_word' id='word_1_355' title='bbox 458 2625 487 2660; x_wconf 80' lang='lat' dir='ltr'><strong><em>r.</em></strong></span> <span class='ocrx_word' id='word_1_356' title='bbox 507 2606 636 2662; x_wconf 80' lang='lat' dir='ltr'><strong><em>Creuzer</em></strong></span> <span class='ocrx_word' id='word_1_357' title='bbox 652 2606 752 2661; x_wconf 81' lang='lat' dir='ltr'><strong><em>Abriss</em></strong></span> <span class='ocrx_word' id='word_1_358' title='bbox 771 2605 823 2660; x_wconf 86' lang='lat' dir='ltr'><strong><em>der</em></strong></span> <span class='ocrx_word' id='word_1_359' title='bbox 840 2607 920 2663; x_wconf 80' lang='lat' dir='ltr'><strong><em>Rom.</em></strong></span> <span class='ocrx_word' id='word_1_360' title='bbox 942 2605 1067 2662; x_wconf 85' lang='lat' dir='ltr'><strong><em>Alterth.</em></strong></span> <span class='ocrx_word' id='word_1_361' title='bbox 1094 2625 1123 2677; x_wconf 90' lang='lat' dir='ltr'><strong><em>p.</em></strong></span> <span class='ocrx_word' id='word_1_362' title='bbox 1142 2607 1268 2662; x_wconf 84' lang='grc'><strong>31-33.</strong></span> 
     </span>
     <span class='ocr_line' id='line_1_33' title="bbox 47 2673 1269 2746; baseline 0.002 -16"><span class='ocrx_word' id='word_1_363' title='bbox 47 2711 82 2722; x_wconf 91' lang='lat'><em>-</em></span> <span class='ocrx_word' id='word_1_364' title='bbox 102 2679 189 2731; x_wconf 84' lang='lat' dir='ltr'><strong><em>ceteri</em></strong></span> <span class='ocrx_word' id='word_1_365' title='bbox 206 2677 244 2732; x_wconf 84' lang='lat' dir='ltr'><strong><em>ad</em></strong></span> <span class='ocrx_word' id='word_1_366' title='bbox 260 2679 429 2746; x_wconf 79' lang='lat' dir='ltr'><strong><em>sapientiora</em></strong></span> <span class='ocrx_word' id='word_1_367' title='bbox 447 2685 599 2731; x_wconf 82' lang='lat' dir='ltr'><strong><em>conuertere</em></strong></span> <span class='ocrx_word' id='word_1_368' title='bbox 618 2695 655 2734; x_wconf 85' lang='lat' dir='ltr'><strong><em>se.</em></strong></span> <span class='ocrx_word' id='word_1_369' title='bbox 686 2679 787 2741; x_wconf 84' lang='lat' dir='ltr'><strong><em>Ceteri,</em></strong></span> <span class='ocrx_word' id='word_1_370' title='bbox 804 2685 838 2732; x_wconf 88' lang='lat' dir='ltr'><strong><em>ut</em></strong></span> <span class='ocrx_word' id='word_1_371' title='bbox 857 2679 909 2734; x_wconf 88' lang='lat' dir='ltr'><strong><em>Gr.</em></strong></span> <span class='ocrx_word' id='word_1_372' title='bbox 930 2679 957 2732; x_wconf 90' lang='lat' dir='ltr'><strong><em>ol</em></strong></span> <span class='ocrx_word' id='word_1_373' title='bbox 975 2673 1062 2743; x_wconf 72' lang='lat' dir='ltr'><strong><em>sitlos,</em></strong></span> <span class='ocrx_word' id='word_1_374' title='bbox 1080 2677 1111 2736; x_wconf 85' lang='lat' dir='ltr'><strong><em>h.</em></strong></span> <span class='ocrx_word' id='word_1_375' title='bbox 1124 2696 1147 2738; x_wconf 79' lang='lat' dir='ltr'><strong><em>e,</em></strong></span> <span class='ocrx_word' id='word_1_376' title='bbox 1166 2675 1269 2746; x_wconf 83' lang='lat' dir='ltr'><strong><em>quibas</em></strong></span> 
     </span>
     <span class='ocr_line' id='line_1_34' title="bbox 47 2749 1269 2826; baseline -0.002 -22"><span class='ocrx_word' id='word_1_377' title='bbox 47 2749 219 2826; x_wconf 80' lang='lat' dir='ltr'><strong><em>magnitudo</em></strong></span> <span class='ocrx_word' id='word_1_378' title='bbox 237 2753 331 2804; x_wconf 77' lang='lat' dir='ltr'><strong><em>famae</em></strong></span> <span class='ocrx_word' id='word_1_379' title='bbox 349 2751 477 2804; x_wconf 88' lang='lat' dir='ltr'><strong><em>nondum</em></strong></span> <span class='ocrx_word' id='word_1_380' title='bbox 499 2751 589 2805; x_wconf 80' lang='lat' dir='ltr'><strong><em>exitio</em></strong></span> <span class='ocrx_word' id='word_1_381' title='bbox 611 2751 717 2817; x_wconf 81' lang='lat' dir='ltr'><strong><em>iuerat,</em></strong></span> <span class='ocrx_word' id='word_1_382' title='bbox 741 2749 774 2803; x_wconf 85' lang='lat' dir='ltr'><strong><em>hi</em></strong></span> <span class='ocrx_word' id='word_1_383' title='bbox 799 2751 924 2804; x_wconf 88' lang='lat' dir='ltr'><strong><em>aliorum</em></strong></span> <span class='ocrx_word' id='word_1_384' title='bbox 947 2751 1089 2822; x_wconf 85' lang='lat' dir='ltr'><strong><em>periculis</em></strong></span> <span class='ocrx_word' id='word_1_385' title='bbox 1113 2749 1269 2804; x_wconf 88' lang='lat' dir='ltr'><strong><em>moneban-</em></strong></span> 
     </span>
     <span class='ocr_line' id='line_1_35' title="bbox 46 2821 867 2898; baseline -0.001 -22"><span class='ocrx_word' id='word_1_386' title='bbox 46 2831 108 2889; x_wconf 86' lang='lat' dir='ltr'><strong><em>tur,</em></strong></span> <span class='ocrx_word' id='word_1_387' title='bbox 128 2839 166 2876; x_wconf 92' lang='lat' dir='ltr'><strong><em>ne</em></strong></span> <span class='ocrx_word' id='word_1_388' title='bbox 183 2821 416 2898; x_wconf 77' lang='lat' dir='ltr'><strong><em>magnitudinem</em></strong></span> <span class='ocrx_word' id='word_1_389' title='bbox 434 2823 527 2876; x_wconf 73' lang='lat' dir='ltr'><strong><em>ianuae</em></strong></span> <span class='ocrx_word' id='word_1_390' title='bbox 546 2829 739 2888; x_wconf 76' lang='lat' dir='ltr'><strong><em>sectarentur3</em></strong></span> <span class='ocrx_word' id='word_1_391' title='bbox 760 2821 867 2876; x_wconf 83' lang='lat' dir='ltr'><strong><em>Waltls.</em></strong></span> 
     </span>
    </p>

    <p class='ocr_par' dir='ltr' id='par_1_3' title="bbox 19 2893 1329 4402">
     <span class='ocr_line' id='line_1_36' title="bbox 121 2893 1270 2971; baseline -0.006 -21"><span class='ocrx_word' id='word_1_392' title='bbox 121 2896 147 2950; x_wconf 88' lang='grc'><strong>3.</strong></span> <span class='ocrx_word' id='word_1_393' title='bbox 167 2894 229 2945; x_wconf 82' lang='lat' dir='ltr'><strong><em>aovi</em></strong></span> <span class='ocrx_word' id='word_1_394' title='bbox 245 2893 361 2946; x_wconf 76' lang='lat' dir='ltr'><strong><em>nomines</em></strong></span> <span class='ocrx_word' id='word_1_395' title='bbox 379 2893 527 2958; x_wconf 86' lang='lat' dir='ltr'><strong><em>dicantur,</em></strong></span> <span class='ocrx_word' id='word_1_396' title='bbox 546 2895 598 2964; x_wconf 88' lang='lat' dir='ltr'><strong><em>qui</em></strong></span> <span class='ocrx_word' id='word_1_397' title='bbox 615 2895 705 2964; x_wconf 87' lang='lat' dir='ltr'><strong><em>primi</em></strong></span> <span class='ocrx_word' id='word_1_398' title='bbox 728 2911 744 2948; x_wconf 87' lang='lat' dir='ltr'><strong><em>e</em></strong></span> <span class='ocrx_word' id='word_1_399' title='bbox 766 2901 854 2970; x_wconf 71' lang='lat' dir='ltr'><strong><em>gente</em></strong></span> <span class='ocrx_word' id='word_1_400' title='bbox 875 2895 1025 2950; x_wconf 75' lang='lat' dir='ltr'><strong><em>familiare</em></strong></span> <span class='ocrx_word' id='word_1_401' title='bbox 1052 2912 1102 2950; x_wconf 86' lang='lat' dir='ltr'><strong><em>sna</em></strong></span> <span class='ocrx_word' id='word_1_402' title='bbox 1119 2899 1270 2971; x_wconf 80' lang='lat' dir='ltr'><strong><em>gesserant</em></strong></span> 
     </span>
     <span class='ocr_line' id='line_1_37' title="bbox 48 2964 1269 3052; baseline -0.002 -34"><span class='ocrx_word' id='word_1_403' title='bbox 48 2965 238 3052; x_wconf 77' lang='lat' dir='ltr'><strong><em>magistratus</em></strong></span> <span class='ocrx_word' id='word_1_404' title='bbox 250 2965 371 3019; x_wconf 82' lang='lat' dir='ltr'><strong><em>tnaiores</em></strong></span> <span class='ocrx_word' id='word_1_405' title='bbox 391 2983 413 3020; x_wconf 89' lang='lat' dir='ltr'><strong><em>s.</em></strong></span> <span class='ocrx_word' id='word_1_406' title='bbox 428 2965 554 3032; x_wconf 83' lang='lat' dir='ltr'><strong><em>curules,</em></strong></span> <span class='ocrx_word' id='word_1_407' title='bbox 575 2964 692 3026; x_wconf 84' lang='lat' dir='ltr'><strong><em>(utiere</em></strong></span> <span class='ocrx_word' id='word_1_408' title='bbox 704 2980 737 3016; x_wconf 80' lang='lat' dir='ltr'><strong><em>ea</em></strong></span> <span class='ocrx_word' id='word_1_409' title='bbox 749 2979 779 3016; x_wconf 85' lang='lat' dir='ltr'><strong><em>ee</em></strong></span> <span class='ocrx_word' id='word_1_410' title='bbox 790 2971 869 3017; x_wconf 89' lang='lat' dir='ltr'><strong><em>natus</em></strong></span> <span class='ocrx_word' id='word_1_411' title='bbox 883 2971 926 3032; x_wconf 92' lang='lat' dir='ltr'><strong><em>ll,</em></strong></span> <span class='ocrx_word' id='word_1_412' title='bbox 936 2967 991 3032; x_wconf 78' lang='lat'><strong><em>21.)</em></strong></span> <span class='ocrx_word' id='word_1_413' title='bbox 1010 2967 1153 3031; x_wconf 71' lang='lat' dir='ltr'><strong><em>ignobiles,</em></strong></span> <span class='ocrx_word' id='word_1_414' title='bbox 1173 2965 1198 3018; x_wconf 88' lang='lat' dir='ltr'><strong><em>ei</em></strong></span> <span class='ocrx_word' id='word_1_415' title='bbox 1215 2979 1269 3016; x_wconf 84' lang='lat' dir='ltr'><strong><em>nee</em></strong></span> 
     </span>
     <span class='ocr_line' id='line_1_38' title="bbox 48 3034 1269 3110; baseline -0.006 -18"><span class='ocrx_word' id='word_1_416' title='bbox 48 3039 108 3110; x_wconf 83' lang='lat' dir='ltr'><strong><em>ipsa</em></strong></span> <span class='ocrx_word' id='word_1_417' title='bbox 121 3053 176 3091; x_wconf 88' lang='lat' dir='ltr'><strong><em>neo</em></strong></span> <span class='ocrx_word' id='word_1_418' title='bbox 187 3035 330 3092; x_wconf 87' lang='lat' dir='ltr'><strong><em>maiorum</em></strong></span> <span class='ocrx_word' id='word_1_419' title='bbox 343 3037 444 3106; x_wconf 82' lang='lat' dir='ltr'><strong><em>aliqui,</em></strong></span> <span class='ocrx_word' id='word_1_420' title='bbox 464 3035 575 3102; x_wconf 76' lang='lat' dir='ltr'><strong><em>nobiles,</em></strong></span> <span class='ocrx_word' id='word_1_421' title='bbox 595 3037 619 3088; x_wconf 89' lang='lat' dir='ltr'><strong><em>si</em></strong></span> <span class='ocrx_word' id='word_1_422' title='bbox 631 3035 737 3105; x_wconf 83' lang='lat' dir='ltr'><strong><em>aliquis</em></strong></span> <span class='ocrx_word' id='word_1_423' title='bbox 747 3037 900 3102; x_wconf 84' lang='lat' dir='ltr'><strong><em>maiorum,</em></strong></span> <span class='ocrx_word' id='word_1_424' title='bbox 920 3039 1082 3110; x_wconf 63' lang='lat' dir='ltr'><strong><em>nolilepana</em></strong></span> <span class='ocrx_word' id='word_1_425' title='bbox 1095 3036 1223 3100; x_wconf 77' lang='lat' dir='ltr'><strong><em>imagine,</em></strong></span> <span class='ocrx_word' id='word_1_426' title='bbox 1243 3034 1269 3086; x_wconf 87' lang='lat' dir='ltr'><strong><em>ei</em></strong></span> 
     </span>
     <span class='ocr_line' id='line_1_39' title="bbox 47 3105 1268 3178; baseline -0.001 -16"><span class='ocrx_word' id='word_1_427' title='bbox 47 3127 125 3162; x_wconf 84' lang='lat' dir='ltr'><strong><em>nnus</em></strong></span> <span class='ocrx_word' id='word_1_428' title='bbox 144 3124 254 3176; x_wconf 87' lang='lat' dir='ltr'><strong><em>eoram,</em></strong></span> <span class='ocrx_word' id='word_1_429' title='bbox 273 3109 375 3162; x_wconf 76' lang='lat' dir='ltr'><strong><em>nobiles</em></strong></span> <span class='ocrx_word' id='word_1_430' title='bbox 393 3109 484 3162; x_wconf 87' lang='lat' dir='ltr'><strong><em>maltis</em></strong></span> <span class='ocrx_word' id='word_1_431' title='bbox 502 3105 674 3172; x_wconf 73' lang='lat' dir='ltr'><strong><em>imaginibus,</em></strong></span> <span class='ocrx_word' id='word_1_432' title='bbox 694 3108 718 3160; x_wconf 91' lang='lat' dir='ltr'><strong><em>si</em></strong></span> <span class='ocrx_word' id='word_1_433' title='bbox 736 3107 836 3178; x_wconf 89' lang='lat' dir='ltr'><strong><em>plures</em></strong></span> <span class='ocrx_word' id='word_1_434' title='bbox 877 3115 1011 3164; x_wconf 73' lang='lat' dir='ltr'><strong><em>esserunt</em></strong></span> <span class='ocrx_word' id='word_1_435' title='bbox 1040 3107 1085 3164; x_wconf 83' lang='lat' dir='ltr'><strong><em>Cf.</em></strong></span> <span class='ocrx_word' id='word_1_436' title='bbox 1106 3107 1141 3161; x_wconf 91' lang='lat' dir='ltr'><strong><em>ad</em></strong></span> <span class='ocrx_word' id='word_1_437' title='bbox 1161 3111 1203 3170; x_wconf 87' lang='grc'><strong>11,</strong></span> <span class='ocrx_word' id='word_1_438' title='bbox 1222 3107 1268 3170; x_wconf 81' lang='grc'><strong><em>35,</em></strong></span> 
     </span>
     <span class='ocr_line' id='line_1_40' title="bbox 49 3127 1268 3255; baseline -0.005 -23"><span class='ocrx_word' id='word_1_439' title='bbox 49 3187 73 3236; x_wconf 96' lang='lat' dir='ltr'><strong><em>l.</em></strong></span> <span class='ocrx_word' id='word_1_440' title='bbox 96 3187 127 3233; x_wconf 91' lang='lat' dir='ltr'><strong><em>et</em></strong></span> <span class='ocrx_word' id='word_1_441' title='bbox 146 3183 190 3244; x_wconf 80' lang='lat'><strong><em>14,</em></strong></span> <span class='ocrx_word' id='word_1_442' title='bbox 215 3183 258 3237; x_wconf 88' lang='grc'><strong>63.</strong></span> <span class='ocrx_word' id='word_1_443' title='bbox 294 3213 326 3224; x_wconf 90' lang='grc'><strong>-</strong></span> <span class='ocrx_word' id='word_1_444' title='bbox 353 3179 522 3234; x_wconf 85' lang='lat' dir='ltr'><strong><em>domesticam</em></strong></span> <span class='ocrx_word' id='word_1_445' title='bbox 546 3177 747 3245; x_wconf 86' lang='lat' dir='ltr'><strong><em>parcimoniam,</em></strong></span> <span class='ocrx_word' id='word_1_446' title='bbox 776 3127 991 3255; x_wconf 67' lang='lat' dir='ltr'><strong><em>irugsfiitatem.</em></strong></span> <span class='ocrx_word' id='word_1_447' title='bbox 1025 3211 1059 3222; x_wconf 86' lang='lat'><strong><em>·-</em></strong></span> <span class='ocrx_word' id='word_1_448' title='bbox 1081 3179 1268 3244; x_wconf 70' lang='lat' dir='ltr'><strong><em>peruenirent:</em></strong></span> 
     </span>
     <span class='ocr_line' id='line_1_41' title="bbox 49 3249 1269 3318; baseline -0.003 -13"><span class='ocrx_word' id='word_1_449' title='bbox 49 3254 142 3306; x_wconf 76' lang='lat' dir='ltr'><strong><em>unmo</em></strong></span> <span class='ocrx_word' id='word_1_450' title='bbox 159 3251 354 3318; x_wconf 79' lang='lat' dir='ltr'><strong><em>peruenissent,</em></strong></span> <span class='ocrx_word' id='word_1_451' title='bbox 384 3251 432 3305; x_wconf 87' lang='lat' dir='ltr'><strong><em>aed</em></strong></span> <span class='ocrx_word' id='word_1_452' title='bbox 449 3251 558 3304; x_wconf 87' lang='lat' dir='ltr'><strong><em>rectius</em></strong></span> <span class='ocrx_word' id='word_1_453' title='bbox 574 3255 767 3316; x_wconf 77' lang='lat' dir='ltr'><strong><em>peruenerant3</em></strong></span> <span class='ocrx_word' id='word_1_454' title='bbox 794 3249 859 3304; x_wconf 83' lang='lat' dir='ltr'><strong><em>Ern.</em></strong></span> <span class='ocrx_word' id='word_1_455' title='bbox 886 3251 925 3304; x_wconf 81' lang='lat' dir='ltr'><strong><em>At</em></strong></span> <span class='ocrx_word' id='word_1_456' title='bbox 943 3269 969 3306; x_wconf 81' lang='lat' dir='ltr'><strong><em>r.</em></strong></span> <span class='ocrx_word' id='word_1_457' title='bbox 989 3251 1053 3307; x_wconf 85' lang='lat' dir='ltr'><strong><em>lud.</em></strong></span> <span class='ocrx_word' id='word_1_458' title='bbox 1072 3249 1128 3303; x_wconf 89' lang='lat'><strong><em>111.</em></strong></span> <span class='ocrx_word' id='word_1_459' title='bbox 1146 3267 1174 3302; x_wconf 84' lang='lat' dir='ltr'><strong><em>v.</em></strong></span> <span class='ocrx_word' id='word_1_460' title='bbox 1196 3249 1269 3302; x_wconf 77' lang='lat' dir='ltr'><strong><em>Gon·</em></strong></span> 
     </span>
     <span class='ocr_line' id='line_1_42' title="bbox 46 3317 1266 3386; baseline 0.002 -12"><span class='ocrx_word' id='word_1_461' title='bbox 46 3323 199 3376; x_wconf 80' lang='lat' dir='ltr'><strong><em>lunationes</em></strong></span> <span class='ocrx_word' id='word_1_462' title='bbox 216 3331 246 3376; x_wconf 88' lang='lat' dir='ltr'><strong><em>et</em></strong></span> <span class='ocrx_word' id='word_1_463' title='bbox 267 3325 412 3378; x_wconf 76' lang='lat' dir='ltr'><strong><em>Verborum</em></strong></span> <span class='ocrx_word' id='word_1_464' title='bbox 429 3321 520 3377; x_wconf 84' lang='lat' dir='ltr'><strong><em>Medi.</em></strong></span> <span class='ocrx_word' id='word_1_465' title='bbox 549 3347 580 3358; x_wconf 90' lang='lat'>-</span> <span class='ocrx_word' id='word_1_466' title='bbox 600 3321 728 3374; x_wconf 78' lang='lat' dir='ltr'><strong><em>adstricti</em></strong></span> <span class='ocrx_word' id='word_1_467' title='bbox 745 3320 837 3386; x_wconf 89' lang='lat' dir='ltr'><strong><em>maris,</em></strong></span> <span class='ocrx_word' id='word_1_468' title='bbox 861 3329 1003 3376; x_wconf 86' lang='lat' dir='ltr'><strong><em>utcontra</em></strong></span> <span class='ocrx_word' id='word_1_469' title='bbox 1021 3339 1105 3375; x_wconf 87' lang='lat' dir='ltr'><strong><em>nores</em></strong></span> <span class='ocrx_word' id='word_1_470' title='bbox 1129 3317 1266 3376; x_wconf 81' lang='lat' dir='ltr'><strong><em>dissoluti.</em></strong></span> 
     </span>
     <span class='ocr_line' id='line_1_43' title="bbox 47 3392 1266 3462; baseline 0 -14"><span class='ocrx_word' id='word_1_471' title='bbox 47 3415 76 3448; x_wconf 82' lang='lat' dir='ltr'><strong><em>v.</em></strong></span> <span class='ocrx_word' id='word_1_472' title='bbox 96 3394 132 3448; x_wconf 93' lang='lat' dir='ltr'><strong><em>ad</em></strong></span> <span class='ocrx_word' id='word_1_473' title='bbox 151 3393 182 3450; x_wconf 86' lang='grc'><strong>0.</strong></span> <span class='ocrx_word' id='word_1_474' title='bbox 201 3397 227 3452; x_wconf 78' lang='grc'><strong>1.</strong></span> <span class='ocrx_word' id='word_1_475' title='bbox 247 3413 276 3452; x_wconf 93' lang='lat' dir='ltr'><strong><em>n.</em></strong></span> <span class='ocrx_word' id='word_1_476' title='bbox 296 3399 321 3451; x_wconf 85' lang='grc'><strong>3.</strong></span> <span class='ocrx_word' id='word_1_477' title='bbox 352 3421 385 3432; x_wconf 94' lang='grc'>-</span> <span class='ocrx_word' id='word_1_478' title='bbox 410 3401 505 3448; x_wconf 83' lang='lat' dir='ltr'><strong><em>auctor</em></strong></span> <span class='ocrx_word' id='word_1_479' title='bbox 527 3392 708 3459; x_wconf 87' lang='lat' dir='ltr'><strong><em>Vespasianus</em></strong></span> <span class='ocrx_word' id='word_1_480' title='bbox 726 3392 794 3458; x_wconf 70' lang='lat' dir='ltr'><strong><em>iuit3</em></strong></span> <span class='ocrx_word' id='word_1_481' title='bbox 813 3395 851 3446; x_wconf 83' lang='lat' dir='ltr'><strong><em>ci.</em></strong></span> <span class='ocrx_word' id='word_1_482' title='bbox 872 3393 907 3455; x_wconf 80' lang='grc'><strong>11.</strong></span> <span class='ocrx_word' id='word_1_483' title='bbox 925 3395 954 3458; x_wconf 78' lang='grc'><strong>1,</strong></span> <span class='ocrx_word' id='word_1_484' title='bbox 972 3397 997 3450; x_wconf 81' lang='grc'><strong>5.</strong></span> <span class='ocrx_word' id='word_1_485' title='bbox 1018 3395 1061 3450; x_wconf 85' lang='grc'><strong>77.</strong></span> <span class='ocrx_word' id='word_1_486' title='bbox 1081 3392 1162 3448; x_wconf 85' lang='lat' dir='ltr'><strong><em>Suet.</em></strong></span> <span class='ocrx_word' id='word_1_487' title='bbox 1180 3393 1266 3462; x_wconf 81' lang='lat' dir='ltr'><strong><em>Vesp.</em></strong></span> 
     </span>
     <span class='ocr_line' id='line_1_44' title="bbox 47 3463 1265 3542; baseline -0.003 -20"><span class='ocrx_word' id='word_1_488' title='bbox 47 3467 158 3522; x_wconf 79' lang='grc'><strong>111.·16.</strong></span> <span class='ocrx_word' id='word_1_489' title='bbox 179 3469 222 3523; x_wconf 82' lang='grc'><strong>17.</strong></span> <span class='ocrx_word' id='word_1_490' title='bbox 243 3469 286 3523; x_wconf 85' lang='grc'><strong>18.</strong></span> <span class='ocrx_word' id='word_1_491' title='bbox 304 3469 349 3524; x_wconf 78' lang='grc'><strong>31.</strong></span> <span class='ocrx_word' id='word_1_492' title='bbox 370 3473 399 3520; x_wconf 89' lang='lat' dir='ltr'><strong><em>et</em></strong></span> <span class='ocrx_word' id='word_1_493' title='bbox 416 3464 452 3518; x_wconf 89' lang='lat' dir='ltr'><strong><em>ad</em></strong></span> <span class='ocrx_word' id='word_1_494' title='bbox 468 3465 539 3542; x_wconf 71' lang='lat' dir='ltr'><strong><em>Agr.</em></strong></span> <span class='ocrx_word' id='word_1_495' title='bbox 559 3467 585 3520; x_wconf 83' lang='grc'><strong>9.</strong></span> <span class='ocrx_word' id='word_1_496' title='bbox 604 3481 633 3520; x_wconf 87' lang='lat' dir='ltr'><strong><em>n.</em></strong></span> <span class='ocrx_word' id='word_1_497' title='bbox 651 3465 677 3519; x_wconf 75' lang='lat' dir='ltr'><strong><em>d.</em></strong></span> <span class='ocrx_word' id='word_1_498' title='bbox 697 3491 730 3502; x_wconf 89' lang='lat'>-</span> <span class='ocrx_word' id='word_1_499' title='bbox 749 3463 898 3533; x_wconf 77' lang='lat' dir='ltr'><strong><em>obsequium</em></strong></span> <span class='ocrx_word' id='word_1_500' title='bbox 915 3465 978 3518; x_wconf 85' lang='lat' dir='ltr'><strong><em>inde</em></strong></span> <span class='ocrx_word' id='word_1_501' title='bbox 994 3465 1024 3518; x_wconf 89' lang='lat' dir='ltr'><strong><em>in</em></strong></span> <span class='ocrx_word' id='word_1_502' title='bbox 1041 3465 1191 3530; x_wconf 80' lang='lat' dir='ltr'><strong><em>Principem</em></strong></span> <span class='ocrx_word' id='word_1_503' title='bbox 1210 3471 1265 3518; x_wconf 90' lang='lat' dir='ltr'><strong><em>cet.</em></strong></span> 
     </span>
     <span class='ocr_line' id='line_1_45' title="bbox 47 3533 1268 3612; baseline -0.004 -21"><span class='ocrx_word' id='word_1_504' title='bbox 47 3536 242 3592; x_wconf 78' lang='lat' dir='ltr'><strong><em>simillimum</em></strong></span> <span class='ocrx_word' id='word_1_505' title='bbox 261 3537 336 3592; x_wconf 89' lang='lat' dir='ltr'><strong><em>illud</em></strong></span> <span class='ocrx_word' id='word_1_506' title='bbox 354 3537 455 3612; x_wconf 75' lang='lat' dir='ltr'><strong><em>Paneg.</em></strong></span> <span class='ocrx_word' id='word_1_507' title='bbox 475 3537 507 3589; x_wconf 92' lang='lat' dir='ltr'><strong><em>in</em></strong></span> <span class='ocrx_word' id='word_1_508' title='bbox 524 3533 664 3590; x_wconf 83' lang='lat' dir='ltr'><strong><em>Theodos.</em></strong></span> <span class='ocrx_word' id='word_1_509' title='bbox 679 3539 720 3592; x_wconf 82' lang='grc'><strong>14.</strong></span> <span class='ocrx_word' id='word_1_510' title='bbox 742 3535 819 3604; x_wconf 84' lang='lat' dir='ltr'><strong><em>Lips.</em></strong></span> <span class='ocrx_word' id='word_1_511' title='bbox 840 3537 1037 3591; x_wconf 85' lang='lat' dir='ltr'><strong><em>-aemulandi</em></strong></span> <span class='ocrx_word' id='word_1_512' title='bbox 1057 3553 1129 3590; x_wconf 89' lang='lat' dir='ltr'><strong><em>amor</em></strong></span> <span class='ocrx_word' id='word_1_513' title='bbox 1147 3535 1268 3589; x_wconf 85' lang='lat' dir='ltr'><strong><em>validior</em></strong></span> 
     </span>
     <span class='ocr_line' id='line_1_46' title="bbox 47 3605 1267 3680; baseline -0.002 -19"><span class='ocrx_word' id='word_1_514' title='bbox 47 3625 124 3678; x_wconf 78' lang='lat' dir='ltr'><strong><em>quam</em></strong></span> <span class='ocrx_word' id='word_1_515' title='bbox 141 3625 227 3676; x_wconf 88' lang='lat' dir='ltr'><strong><em>poena</em></strong></span> <span class='ocrx_word' id='word_1_516' title='bbox 246 3625 279 3662; x_wconf 81' lang='lat' dir='ltr'><strong><em>ea</em></strong></span> <span class='ocrx_word' id='word_1_517' title='bbox 298 3610 406 3674; x_wconf 73' lang='lat' dir='ltr'><strong><em>legibus</em></strong></span> <span class='ocrx_word' id='word_1_518' title='bbox 425 3613 451 3659; x_wconf 94' lang='lat' dir='ltr'><strong><em>et</em></strong></span> <span class='ocrx_word' id='word_1_519' title='bbox 469 3615 566 3660; x_wconf 79' lang='lat' dir='ltr'><strong><em>metus:</em></strong></span> <span class='ocrx_word' id='word_1_520' title='bbox 597 3605 689 3673; x_wconf 84' lang='lat' dir='ltr'><strong><em>„haec</em></strong></span> <span class='ocrx_word' id='word_1_521' title='bbox 712 3623 768 3678; x_wconf 89' lang='lat' dir='ltr'><strong><em>per</em></strong></span> <span class='ocrx_word' id='word_1_522' title='bbox 791 3605 823 3660; x_wconf 79' lang='grc' dir='ltr'><strong><em>ἓν</em></strong></span> <span class='ocrx_word' id='word_1_523' title='bbox 846 3605 894 3662; x_wconf 78' lang='lat' dir='ltr'><strong><em>dele</em></strong></span> <span class='ocrx_word' id='word_1_524' title='bbox 918 3609 998 3662; x_wconf 79' lang='lat' dir='ltr'><strong><em>dacin</em></strong></span> <span class='ocrx_word' id='word_1_525' title='bbox 1020 3609 1096 3664; x_wconf 89' lang='lat' dir='ltr'><strong><em>dicta</em></strong></span> <span class='ocrx_word' id='word_1_526' title='bbox 1119 3625 1173 3680; x_wconf 89' lang='lat' dir='ltr'><strong><em>pro</em></strong></span> <span class='ocrx_word' id='word_1_527' title='bbox 1192 3623 1267 3675; x_wconf 78' lang='lat' dir='ltr'><strong><em>auam</em></strong></span> 
     </span>
     <span class='ocr_line' id='line_1_47' title="bbox 46 3679 1266 3752; baseline -0.002 -19"><span class='ocrx_word' id='word_1_528' title='bbox 46 3697 135 3747; x_wconf 85' lang='lat' dir='ltr'><strong><em>poena</em></strong></span> <span class='ocrx_word' id='word_1_529' title='bbox 153 3695 187 3733; x_wconf 79' lang='lat' dir='ltr'><strong><em>ee</em></strong></span> <span class='ocrx_word' id='word_1_530' title='bbox 205 3681 312 3744; x_wconf 77' lang='lat' dir='ltr'><strong><em>tegitis</em></strong></span> <span class='ocrx_word' id='word_1_531' title='bbox 329 3687 426 3733; x_wconf 86' lang='lat' dir='ltr'><strong><em>metus.-</em></strong></span> <span class='ocrx_word' id='word_1_532' title='bbox 444 3697 512 3732; x_wconf 88' lang='lat' dir='ltr'><strong><em>nam</em></strong></span> <span class='ocrx_word' id='word_1_533' title='bbox 530 3680 616 3731; x_wconf 84' lang='lat' dir='ltr'><strong><em>amari</em></strong></span> <span class='ocrx_word' id='word_1_534' title='bbox 633 3693 691 3731; x_wconf 89' lang='lat' dir='ltr'><strong><em>non</em></strong></span> <span class='ocrx_word' id='word_1_535' title='bbox 708 3693 793 3745; x_wconf 88' lang='lat' dir='ltr'><strong><em>poena</em></strong></span> <span class='ocrx_word' id='word_1_536' title='bbox 812 3679 978 3752; x_wconf 87' lang='lat' dir='ltr'><strong><em>respondet,</em></strong></span> <span class='ocrx_word' id='word_1_537' title='bbox 998 3681 1049 3751; x_wconf 80' lang='lat' dir='ltr'><strong><em>qui</em></strong></span> <span class='ocrx_word' id='word_1_538' title='bbox 1061 3697 1157 3736; x_wconf 77' lang='lat' dir='ltr'><strong><em>sensus</em></strong></span> <span class='ocrx_word' id='word_1_539' title='bbox 1176 3681 1266 3732; x_wconf 77' lang='lat' dir='ltr'><strong><em>mimi</em></strong></span> 
     </span>
     <span class='ocr_line' id='line_1_48' title="bbox 48 3749 1267 3826; baseline -0.001 -21"><span class='ocrx_word' id='word_1_540' title='bbox 48 3759 180 3818; x_wconf 88' lang='lat' dir='ltr'><strong><em>nonest,</em></strong></span> <span class='ocrx_word' id='word_1_541' title='bbox 200 3751 250 3808; x_wconf 90' lang='lat' dir='ltr'><strong><em>sed</em></strong></span> <span class='ocrx_word' id='word_1_542' title='bbox 268 3758 364 3816; x_wconf 67' lang='lat' dir='ltr'><strong><em>metum</em></strong></span> <span class='ocrx_word' id='word_1_543' title='bbox 382 3758 514 3806; x_wconf 87' lang='lat' dir='ltr'><strong><em>metuere</em></strong></span> <span class='ocrx_word' id='word_1_544' title='bbox 531 3759 638 3815; x_wconf 87' lang='lat' dir='ltr'><strong><em>antem,</em></strong></span> <span class='ocrx_word' id='word_1_545' title='bbox 667 3751 718 3821; x_wconf 88' lang='lat' dir='ltr'><strong><em>qui</em></strong></span> <span class='ocrx_word' id='word_1_546' title='bbox 737 3749 921 3822; x_wconf 89' lang='lat' dir='ltr'><strong><em>delinquunt,</em></strong></span> <span class='ocrx_word' id='word_1_547' title='bbox 945 3767 1066 3822; x_wconf 88' lang='lat' dir='ltr'><strong><em>poenam</em></strong></span> <span class='ocrx_word' id='word_1_548' title='bbox 1094 3771 1130 3806; x_wconf 82' lang='lat' dir='ltr'><strong><em>ex</em></strong></span> <span class='ocrx_word' id='word_1_549' title='bbox 1154 3750 1267 3826; x_wconf 74' lang='lat' dir='ltr'><strong><em>legibus</em></strong></span> 
     </span>
     <span class='ocr_line' id='line_1_49' title="bbox 47 3821 1267 3950; baseline -0.003 -2"><span class='ocrx_word' id='word_1_550' title='bbox 47 3823 371 3948; x_wconf 53' lang='lat' dir='ltr'><strong><em>iiimi⁹s¹³⁰irii</em></strong></span> <span class='ocrx_word' id='word_1_551' title='bbox 390 3826 434 3948; x_wconf 83' lang='lat'><strong><em>³.⁴·</em></strong></span> <span class='ocrx_word' id='word_1_552' title='bbox 445 3821 558 3950; x_wconf 56' lang='grc' dir='ltr'><strong>..ιοῗωι</strong></span> <span class='ocrx_word' id='word_1_553' title='bbox 571 3822 1046 3950; x_wconf 46' lang='lat' dir='ltr'><strong><em>litlot.tlte‘iltttltt</em></strong></span> <span class='ocrx_word' id='word_1_554' title='bbox 1061 3829 1267 3949; x_wconf 50' lang='lat' dir='ltr'><strong><em>titillet</em></strong></span> 
     </span>
     <span class='ocr_line' id='line_1_50' title="bbox 48 3911 1265 4035; baseline -0.005 -15"><span class='ocrx_word' id='word_1_555' title='bbox 48 3939 134 4020; x_wconf 80' lang='lat' dir='ltr'><strong><em>lonae</em></strong></span> <span class='ocrx_word' id='word_1_556' title='bbox 158 3911 249 4020; x_wconf 53' lang='lat' dir='ltr'><strong><em>niis.-</em></strong></span> <span class='ocrx_word' id='word_1_557' title='bbox 263 3911 349 4020; x_wconf 53' lang='lat' dir='ltr'><strong><em>pii&#39;am</em></strong></span> <span class='ocrx_word' id='word_1_558' title='bbox 371 3929 571 4020; x_wconf 59' lang='lat' dir='ltr'><strong><em>demoriiins&#39;</em></strong></span> <span class='ocrx_word' id='word_1_559' title='bbox 585 3937 680 4020; x_wconf 76' lang='lat' dir='ltr'><strong><em>sermo</em></strong></span> <span class='ocrx_word' id='word_1_560' title='bbox 707 3973 766 4032; x_wconf 85' lang='lat' dir='ltr'><strong><em>est;</em></strong></span> <span class='ocrx_word' id='word_1_561' title='bbox 793 3965 866 4022; x_wconf 84' lang='lat' dir='ltr'><strong><em>Rotle</em></strong></span> <span class='ocrx_word' id='word_1_562' title='bbox 883 3983 911 4035; x_wconf 90' lang='lat' dir='ltr'><strong><em>p.</em></strong></span> <span class='ocrx_word' id='word_1_563' title='bbox 933 3969 974 4023; x_wconf 75' lang='grc'><strong>16.</strong></span> <span class='ocrx_word' id='word_1_564' title='bbox 1005 3949 1048 4020; x_wconf 79' lang='lat' dir='ltr'><strong><em>Gi.</em></strong></span> <span class='ocrx_word' id='word_1_565' title='bbox 1075 3911 1143 4019; x_wconf 66' lang='lat' dir='ltr'><strong><em>luti.1</em></strong></span> <span class='ocrx_word' id='word_1_566' title='bbox 1160 3963 1216 4016; x_wconf 94' lang='grc'><strong>111.</strong></span> <span class='ocrx_word' id='word_1_567' title='bbox 1234 3981 1265 4015; x_wconf 83' lang='lat' dir='ltr'><strong><em>v.</em></strong></span> 
     </span>
     <span class='ocr_line' id='line_1_51' title="bbox 47 4035 1266 4108; baseline -0.004 -18"><span class='ocrx_word' id='word_1_568' title='bbox 47 4037 254 4108; x_wconf 80' lang='lat' dir='ltr'><strong><em>llendiadyoin.</em></strong></span> <span class='ocrx_word' id='word_1_569' title='bbox 285 4065 316 4076; x_wconf 89' lang='lat'>-</span> <span class='ocrx_word' id='word_1_570' title='bbox 341 4037 437 4090; x_wconf 85' lang='lat' dir='ltr'><strong><em>Veram</em></strong></span> <span class='ocrx_word' id='word_1_571' title='bbox 454 4037 521 4090; x_wconf 86' lang='lat' dir='ltr'><strong><em>ltcec</em></strong></span> <span class='ocrx_word' id='word_1_572' title='bbox 545 4035 622 4090; x_wconf 79' lang='lat' dir='ltr'><strong><em>neeis</em></strong></span> <span class='ocrx_word' id='word_1_573' title='bbox 646 4035 759 4088; x_wconf 86' lang='lat' dir='ltr'><strong><em>maiores</em></strong></span> <span class='ocrx_word' id='word_1_574' title='bbox 783 4040 928 4089; x_wconf 69' lang='lat' dir='ltr'><strong><em>calamina</em></strong></span> <span class='ocrx_word' id='word_1_575' title='bbox 951 4052 985 4087; x_wconf 76' lang='lat' dir='ltr'><strong><em>ea</em></strong></span> <span class='ocrx_word' id='word_1_576' title='bbox 1009 4036 1118 4088; x_wconf 74' lang='lat' dir='ltr'><strong><em>honesto</em></strong></span> <span class='ocrx_word' id='word_1_577' title='bbox 1144 4041 1266 4086; x_wconf 82' lang='lat' dir='ltr'><strong><em>maneant</em></strong></span> 
     </span>
     <span class='ocr_line' id='line_1_52' title="bbox 47 4105 1267 4179; baseline -0.002 -17"><span class='ocrx_word' id='word_1_578' title='bbox 47 4109 104 4163; x_wconf 80' lang='lat' dir='ltr'><strong><em>MS.</em></strong></span> <span class='ocrx_word' id='word_1_579' title='bbox 126 4116 157 4162; x_wconf 87' lang='lat' dir='ltr'><strong><em>et</em></strong></span> <span class='ocrx_word' id='word_1_580' title='bbox 176 4123 274 4162; x_wconf 82' lang='lat' dir='ltr'><strong><em>omnes</em></strong></span> <span class='ocrx_word' id='word_1_581' title='bbox 294 4107 356 4164; x_wconf 86' lang='lat' dir='ltr'><strong><em>edd.</em></strong></span> <span class='ocrx_word' id='word_1_582' title='bbox 394 4107 470 4162; x_wconf 86' lang='lat' dir='ltr'><strong><em>llaec</em></strong></span> <span class='ocrx_word' id='word_1_583' title='bbox 488 4115 605 4179; x_wconf 88' lang='lat' dir='ltr'><strong><em>praeter</em></strong></span> <span class='ocrx_word' id='word_1_584' title='bbox 629 4105 718 4164; x_wconf 88' lang='lat' dir='ltr'><strong><em>Salin.</em></strong></span> <span class='ocrx_word' id='word_1_585' title='bbox 742 4115 771 4161; x_wconf 90' lang='lat' dir='ltr'><strong><em>et</em></strong></span> <span class='ocrx_word' id='word_1_586' title='bbox 789 4107 887 4161; x_wconf 85' lang='lat' dir='ltr'><strong><em>Heius.</em></strong></span> <span class='ocrx_word' id='word_1_587' title='bbox 913 4109 1025 4162; x_wconf 76' lang='lat' dir='ltr'><strong><em>trasna</em></strong></span> <span class='ocrx_word' id='word_1_588' title='bbox 1048 4107 1195 4177; x_wconf 78' lang='lat' dir='ltr'><strong><em>explicare</em></strong></span> <span class='ocrx_word' id='word_1_589' title='bbox 1218 4121 1267 4159; x_wconf 88' lang='lat' dir='ltr'><strong><em>co·</em></strong></span> 
     </span>
     <span class='ocr_line' id='line_1_53' title="bbox 19 4176 1263 4250; baseline -0.004 -14"><span class='ocrx_word' id='word_1_590' title='bbox 19 4189 22 4196; x_wconf 85' lang='grc'><strong>’</strong></span> <span class='ocrx_word' id='word_1_591' title='bbox 47 4182 108 4236; x_wconf 82' lang='lat' dir='ltr'><strong><em>nati</em></strong></span> <span class='ocrx_word' id='word_1_592' title='bbox 128 4187 197 4234; x_wconf 84' lang='lat' dir='ltr'><strong><em>eunt</em></strong></span> <span class='ocrx_word' id='word_1_593' title='bbox 214 4179 275 4233; x_wconf 85' lang='lat' dir='ltr'><strong><em>alii.</em></strong></span> <span class='ocrx_word' id='word_1_594' title='bbox 312 4181 526 4234; x_wconf 83' lang='lat' dir='ltr'><strong><em>Herrmannns:</em></strong></span> <span class='ocrx_word' id='word_1_595' title='bbox 562 4176 657 4250; x_wconf 83' lang='lat' dir='ltr'><strong><em>quoad</em></strong></span> <span class='ocrx_word' id='word_1_596' title='bbox 675 4179 752 4244; x_wconf 77' lang='lat' dir='ltr'><strong><em>laec,</em></strong></span> <span class='ocrx_word' id='word_1_597' title='bbox 777 4179 839 4232; x_wconf 81' lang='lat' dir='ltr'><strong><em>vel:</em></strong></span> <span class='ocrx_word' id='word_1_598' title='bbox 873 4180 923 4248; x_wconf 87' lang='lat' dir='ltr'><strong><em>qui</em></strong></span> <span class='ocrx_word' id='word_1_599' title='bbox 946 4179 1022 4231; x_wconf 82' lang='lat' dir='ltr'><strong><em>nolis</em></strong></span> <span class='ocrx_word' id='word_1_600' title='bbox 1044 4178 1159 4231; x_wconf 85' lang='lat' dir='ltr'><strong><em>maiores</em></strong></span> <span class='ocrx_word' id='word_1_601' title='bbox 1188 4183 1263 4232; x_wconf 87' lang='lat' dir='ltr'><strong><em>sunt.</em></strong></span> 
     </span>
     <span class='ocr_line' id='line_1_54' title="bbox 48 4249 1265 4322; baseline -0.005 -14"><span class='ocrx_word' id='word_1_602' title='bbox 48 4251 191 4308; x_wconf 74' lang='lat' dir='ltr'><strong><em>walmes</em></strong></span> <span class='ocrx_word' id='word_1_603' title='bbox 208 4251 354 4302; x_wconf 83' lang='lat' dir='ltr'><strong><em>certamina</em></strong></span> <span class='ocrx_word' id='word_1_604' title='bbox 371 4251 479 4322; x_wconf 80' lang='lat' dir='ltr'><strong><em>accipit</em></strong></span> <span class='ocrx_word' id='word_1_605' title='bbox 496 4265 551 4320; x_wconf 87' lang='lat' dir='ltr'><strong><em>pro</em></strong></span> <span class='ocrx_word' id='word_1_606' title='bbox 570 4250 702 4314; x_wconf 85' lang='lat' dir='ltr'><strong><em>aemulis,</em></strong></span> <span class='ocrx_word' id='word_1_607' title='bbox 721 4251 893 4321; x_wconf 86' lang='lat' dir='ltr'><strong><em>quibuscum</em></strong></span> <span class='ocrx_word' id='word_1_608' title='bbox 911 4257 1051 4315; x_wconf 85' lang='lat' dir='ltr'><strong><em>certatur,</em></strong></span> <span class='ocrx_word' id='word_1_609' title='bbox 1071 4249 1169 4303; x_wconf 85' lang='lat' dir='ltr'><strong><em>Germ.</em></strong></span> <span class='ocrx_word' id='word_1_610' title='bbox 1195 4249 1265 4302; x_wconf 81' lang='lat' dir='ltr'><strong><em>Ge·</em></strong></span> 
     </span>
     <span class='ocr_line' id='line_1_55' title="bbox 49 4319 1329 4402; baseline -0.003 -24"><span class='ocrx_word' id='word_1_611' title='bbox 49 4321 231 4402; x_wconf 70' lang='lat' dir='ltr'><strong><em>genstand</em></strong></span> <span class='ocrx_word' id='word_1_612' title='bbox 247 4321 309 4377; x_wconf 86' lang='lat' dir='ltr'><strong><em>des</em></strong></span> <span class='ocrx_word' id='word_1_613' title='bbox 326 4321 562 4380; x_wconf 81' lang='lat' dir='ltr'><strong><em>Wetteiiers.</em></strong></span> <span class='ocrx_word' id='word_1_614' title='bbox 587 4319 794 4399; x_wconf 70' lang='lat' dir='ltr'><strong><em>Wortbergius</em></strong></span> <span class='ocrx_word' id='word_1_615' title='bbox 820 4319 863 4388; x_wconf 80' lang='lat' dir='ltr'><strong><em>(a.</em></strong></span> <span class='ocrx_word' id='word_1_616' title='bbox 880 4321 917 4377; x_wconf 84' lang='lat' dir='ltr'><strong><em>ed</em></strong></span> <span class='ocrx_word' id='word_1_617' title='bbox 934 4324 962 4388; x_wconf 88' lang='grc'><strong><em>3,</em></strong></span> <span class='ocrx_word' id='word_1_618' title='bbox 981 4325 1025 4390; x_wconf 83' lang='grc'><strong>11,</strong></span> <span class='ocrx_word' id='word_1_619' title='bbox 1044 4321 1084 4388; x_wconf 80' lang='grc'><strong>3.)</strong></span> <span class='ocrx_word' id='word_1_620' title='bbox 1110 4319 1180 4376; x_wconf 63' lang='lat' dir='ltr'><strong><em>heo</em></strong></span> <span class='ocrx_word' id='word_1_621' title='bbox 1196 4337 1265 4398; x_wconf 73' lang='lat' dir='ltr'><strong><em>ger-</em></strong></span> <span class='ocrx_word' id='word_1_622' title='bbox 1324 4352 1329 4363; x_wconf 91' lang='lat'><strong><em>.</em></strong></span> 
     </span>
    </p>
   </div>
   <div class='ocr_carea' id='block_1_3' title="bbox 0 0 1438 4792">
    <p class='ocr_par' dir='ltr' id='par_1_4' title="bbox 0 0 1438 4792">
     <span class='ocr_line' id='line_1_56' title="bbox 0 0 1438 4792; baseline 0 0"><span class='ocrx_word' id='word_1_623' title='bbox 0 0 1438 4792; x_wconf 95' lang='lat' dir='ltr'><strong><em> </em></strong></span> 
     </span>
    </p>
   </div>
  </div>
 </body>
</html>
