2872 4792
120 137 122 142 ’
172 167 235 236 nn
563 163 809 232 nnuman
835 161 920 232 nse.
949 163 992 271 11.

171 329 278 402 captust
306 327 385 384 idem
402 329 494 386 tradit
510 329 548 386 N·
603 328 636 384 b.
660 334 707 398 lo,
724 333 751 388 3.
770 331 808 386 de
825 330 993 398 ilihriones
1019 324 1111 384 eost
1130 357 1165 372 -
1200 325 1311 384 estus
1328 328 1394 384 dau

171 410 199 457 et
216 417 308 468 mora,
328 401 405 468 [alra
422 403 445 467 t.
465 406 493 456 et
511 399 533 456 r'.
614 411 695 458 munt
714 419 755 456 sc.
775 402 811 457 ad
826 401 914 456 fldem
932 401 994 468 sui3
1013 401 1084 456 nrn.
1104 398 1350 476 01.0412,43,1.
1363 409 1395 456 et

170 475 386 542 H.1,3t,5.-
406 471 581 544 relinquebat
600 477 716 540 tumme,
726 491 831 546 parum
848 489 966 550 gnaros,
981 471 1120 539 msundo,
1136 473 1309 544 priusquam
1321 471 1396 526 bene

172 547 379 610 innotesceret,
399 549 448 597 ant
462 546 675 614 praeveniebat,
695 564 730 599 ex
741 545 791 598 ino
813 545 892 598 inato
910 551 940 598 et
951 544 1088 598 celeriter
1098 561 1201 614 parum
1214 545 1349 615 providis
1363 562 1396 596 se

171 617 314 683 sistendo,
335 613 412 683 Lupe.
449 615 576 683 „Totum
594 562 812 688 interpretor-d

170 696 229 754 tus,
249 705 338 758 quum
358 689 415 741 ait:
448 703 534 758 neque
553 687 664 742 diutius
682 687 787 742 iisdem
803 687 876 740 locis
894 695 952 740 cet.
987 687 1104 752 Narrat,
1132 685 1204 757 quid
1227 688 1335 742 fecerit
1361 687 1396 738 in

90 801 93 814 .
171 759 318 813 mutandis
336 758 420 824 locis,
448 767 478 811 et
501 758 558 814 hoo
581 760 667 812 dicit.-
695 759 800 824 abibat,
825 758 874 811 vel
892 775 983 830 quum
1001 757 1184 827 inciperetur
1201 759 1312 834 spargi,
1345 757 1397 810 vel

169 832 340 902 priusquam
364 839 555 906 spargeretur
581 846 694 897 rumor,
717 845 794 904 'eum
817 829 924 884 adesse.
961 829 1038 890 Nam
1064 828 1225 898 relinquere
1242 829 1397 884 interdum

170 891 288 974 quidem
307 901 442 968 dicimur,
461 901 602 973 quicquid
617 909 685 972 post
703 911 821 976 tergum
839 909 883 954 est
900 899 950 956 vel
967 899 1066 966 renit;
1088 901 1210 971 proprie
1229 909 1329 957 umen
1347 917 1397 954 re·

118 1010 122 1016 ,
172 975 341 1042 linquimus,
360 973 437 1042 quod
454 972 605 1026 nobiscum
622 973 692 1040 fuit,
719 979 769 1025 aut
792 971 869 1042 quod
893 971 951 1024 iarn
969 971 1060 1036 adest,
1088 985 1177 1042 quutn
1195 972 1229 1026 ab
1246 989 1282 1028 eo
1301 973 1398 1026 disce-

170 1043 284 1097 dimus:
312 1043 510 1112 praevenimus
535 1044 566 1096 id
588 1043 665 1114 quod
683 1043 811 1098 nondum
829 1042 919 1108 adest,
948 1060 997 1097 seu
1016 1039 1092 1114 quod
1117 1051 1184 1113 post
1203 1059 1256 1097 nos
1275 1044 1396 1098 demum

172 1113 317 1168 exsistit.“
337 1114 423 1168 Gron.
463 1115 525 1180 „lta
543 1121 675 1168 versatus
694 1113 787 1168 estin
807 1113 939 1168 omnibus
957 1113 1040 1178 locis,
1068 1121 1102 1164 ut
1121 1115 1291 1184 rnunicipiis
1310 1114 1398 1168 dcce-

171 1187 264 1252 deret,
284 1185 373 1238 simul
392 1202 426 1238 ac
443 1187 519 1240 farne
538 1185 573 1240 de
592 1202 622 1240 se
641 1185 739 1260 spargi
757 1183 797 1254 ibi
817 1184 968 1255 coepisset,
997 1191 1026 1236 et
1044 1183 1076 1235 in
1094 1181 1151 1238 alia
1170 1185 1324 1251 transiret,
1343 1203 1396 1240 an·

812 633 828 668 e
846 614 936 682 abitu,
954 615 1040 686 idque
1059 615 1205 686 praecipit
1228 617 1291 687 ipse
1308 615 1397 669 Taci-

82 1279 86 1290 =
170 1263 288 1327 tequam
305 1259 383 1310 fama
408 1249 492 1311 dese
511 1273 545 1311 eo
562 1257 755 1326 pervenisset.
792 1255 900 1310 Verum
922 1271 1038 1309 sensum
1067 1254 1174 1332 melius
1202 1265 1396 1330 perspexerat

74 1339 100 1412 ‘¹
171 1329 287 1421 lipsius
305 1345 392 1399 quam
411 1327 524 1382 Gron.“
550 1326 658 1382 Wnlllt.

629 1467 822 1526 curor
866 1469 940 1543 su.

201 1605 203 1612 ·
253 1552 466 1666 Vuigabetnr
492 1577 630 1640 interim
658 1597 719 1662 per
747 1577 890 1652 Italiam,
928 1585 1098 1640 servatum
1125 1597 1266 1642 munere
1293 1578 1397 1642 deum

170 1660 364 1760 Agrippam.
434 1658 643 1722 credebatur
686 1661 825 1739 Romae,
874 1665 1006 1744 iamque
1044 1662 1170 1724 Ostiam
1221 1664 1398 1724 invectum

170 1742 351 1820 multitudo
370 1745 509 1830 ingens,
536 1745 603 1805 iam
632 1746 668 1806 in
688 1742 780 1806 Urbe
807 1743 1004 1808 clandestini
1030 1753 1144 1806 coetus
1167 1746 1397 1824 celebrabant,

170 1846 274 1907 quum
295 1826 471 1888 Tiberium
492 1845 612 1908 anceps
639 1846 721 1888 cure
749 1825 947 1906 distrahere,
981 1829 1059 1909 vine
1087 1829 1228 1892 miiitum
1255 1848 1396 1892 servum
1432 1883 1433 1896 ,

170 1929 266 1971 suum
288 1917 472 1987 coerceret,
493 1929 536 1971 en
554 1911 686 1972 inanem
703 1908 935 1973 credulitatem
954 1919 1105 1992 ternpore
1121 1913 1194 1993 ipso
1210 1931 1397 1974 umescere

171 1993 307 2054 sineret.
351 1990 458 2053 Modo
480 1991 564 2053 nibil
586 1991 820 2074 spernendum,
849 1991 949 2056 modo
976 2013 1043 2054 non
1076 1997 1189 2056 omnia
1216 1995 1399 2056 metuenda

171 2076 345 2161 ambiguus
388 2073 504 2137 udoris
526 2093 564 2137 ac
584 2086 694 2139 metus
716 2077 909 2156 reputabatr
938 2085 1109 2158 postremo
1136 2076 1194 2138 dat
1220 2079 1398 2164 negotium

171 2156 331 2222 Sallustio
381 2159 485 2240 rispo.
530 2156 590 2221 Ille
611 2180 629 2222 e
651 2158 828 2224 clientibus
851 2157 934 2220 duos
964 2157 1113 2236 (qnidam
1139 2161 1261 2222 milites
1290 2163 1398 2226 fuisse

170 2239 325 2319 tradunt)
357 2239 474 2327 deligit
502 2247 599 2323 atque
634 2239 802 2320 hortatur,
837 2242 996 2304 emnam.
1023 2244 1227 2305 conscientia
1260 2243 1399 2322 adeant,

172 2327 316 2385 offerant
348 2325 535 2404 pecuniam,
573 2322 673 2385 fidem
704 2331 802 2408 etque
833 2325 982 2408 pericula
1013 2325 1243 2407 polliceantur.
1293 2329 1399 2390 Exse-
1432 2403 1433 2408 η

172 2415 333 2488 quamue,
355 2414 394 2467 ut
414 2409 540 2467 iussum
563 2415 651 2468 erat:
685 2405 763 2468 dein
790 2409 953 2490 speculati
984 2415 1115 2469 noctem
1142 2409 1398 2488 incustoditam,

126 2524 131 2531 ·
172 2497 305 2572 accepta
327 2487 449 2550 idonea
470 2508 580 2567 manu,
602 2490 750 2552 vinctum
772 2491 884 2554 clauso
914 2509 973 2552 ore
994 2491 1029 2551 in
1059 2491 1218 2573 palatium
1246 2501 1397 2556 traxere.

171 2569 408 2635 Percunctanti
418 2569 569 2646 Tiberio,
589 2573 749 2642 Quomodo
760 2569 913 2654 Agrippa
929 2572 1040 2654 [actus
1058 2572 1159 2638 esseti
1180 2576 1399 2658 respondisse

126 2683 130 2688 ·
173 2655 294 2732 fertur,
323 2653 482 2724 Quomodo
504 2664 540 2716 tu
562 2653 690 2720 Caesar.
717 2653 763 2716 Ut
784 2655 899 2719 ederet
918 2659 1037 2736 socios,
1059 2658 1167 2744 subigi
1184 2679 1249 2720 non
1270 2665 1398 2741 potuit.

172 2735 245 2798 Nec
266 2736 424 2802 Tiberius
446 2756 585 2818 poenam
607 2739 678 2800 eius
700 2739 806 2820 palem
823 2760 924 2801 ausus
946 2741 981 2802 in
1003 2749 1131 2802 secreta
1155 2743 1275 2824 palatii
1297 2754 1400 2824 parte

172 2819 317 2882 interfici
339 2821 437 2880 iussit
456 2839 515 2882 cor
538 2841 640 2903 usquc
661 2821 746 2882 clam
778 2824 923 2898 auferri5
960 2832 994 2886 et
1026 2843 1212 2906 quanquam
1243 2829 1348 2889 multi
1380 2849 1401 2890 e
1432 2865 1433 2876 .

172 2901 272 2963 domo
304 2902 480 2984 Principis,
514 2840 711 2986 iquitesque
742 2923 781 2966 ac
818 2913 988 2968 senatores
1025 2903 1227 2970 sustentasse
1260 2912 1400 2994 opibus,

172 2987 297 3047 iuvisse
319 2985 469 3047 consiliis
490 2985 694 3060 dicerentur,
715 2985 805 3048 haud
827 2991 1021 3072 quaesitum.
1288 3001 1293 3026 ¹

191 3119 195 3124 ·
244 3107 270 3160 1.
299 3103 411 3158 Ostiam
429 3104 567 3159 inuectum
584 3137 617 3148 -
640 3096 828 3174 delatrabant,
859 3107 1147 3174 „circurntundebant
1164 3109 1401 3165 comitabantur-

172 3191 248 3245 que:
274 3192 341 3228 nasn
358 3175 513 3238 multitudo
530 3177 634 3247 ingens
653 3179 796 3232 celebrare
813 3178 923 3238 dicitur
944 3198 1022 3246 enen,
1047 3181 1099 3252 qui
1123 3199 1152 3234 m
1192 3199 1259 3234 nam
1278 3183 1401 3238 turbam

172 3245 325 3310 comitum,
345 3249 609 3316 anteambulonum,
629 3258 805 3304 sectatorum
824 3263 921 3306 secura
939 3251 1043 3318 trahit,
1062 3261 1097 3306 ut
1113 3269 1158 3323 ap.
1203 3253 1241 3306 ic.
1261 3272 1292 3324 p.
1314 3255 1400 3310 Sext.
1432 3261 1433 3266 ’

171 3319 216 3373 63.
237 3315 273 3370 ad
289 3317 351 3370 Au.
370 3321 398 3384 4,
417 3325 441 3372 1.
462 3326 491 3374 et
510 3321 545 3374 de
559 3337 602 3374 or.
620 3325 646 3387 1,
657 3324 702 3378 db.
722 3319 857 3376 Freinsh.
877 3322 955 3393 capit
973 3324 1008 3376 de
1028 3324 1209 3378 sermonibus
1225 3323 1400 3380 hominum.
1421 3348 1425 3355 ¹

172 3388 340 3454 Crederem,
360 3389 385 3441 si
404 3391 581 3446 adiiceretur
598 3394 685 3458 ternu,
704 3409 827 3460 runcare,
847 3410 983 3462 amnone,
1002 3395 1145 3449 sonunt
1163 3396 1256 3450 Gron,
1280 3399 1403 3462 „Verbo

173 3459 225 3512 lat.
243 3461 386 3514 celebrare
404 3470 503 3516 exacte
520 3464 676 3532 respondet
694 3472 827 3518 nostrum
844 3466 987 3532 feiern,
1011 3467 1088 3536 quod
1105 3469 1139 3520 fit
1156 3483 1238 3534 voce,
1259 3485 1404 3525 sannone

172 3539 204 3584 et
256 3533 401 3586 merentia
432 3533 680 3604 applaudentium.
713 3535 759 3590 cf.
787 3538 832 3601 15,
863 3537 929 3594 44.ιι
957 3536 1064 3592 Watrt.
1102 3539 1214 3592 Ostium
1239 3538 1299 3595 113.
1332 3543 1403 3596 edd.

172 3548 267 3670 nysi.
286 3611 316 3656 et
333 3621 394 3659 rec.
413 3605 547 3658 Hostium
565 3605 629 3659 cdd.
648 3615 709 3660 vet.
743 3606 787 3663 De
855 3626 871 3660 a
893 3609 1039 3680 scriptura
1063 3610 1140 3664 med.
1167 3611 1234 3664 aeri
1251 3627 1280 3664 r.
1301 3610 1402 3668 Its-ak.

173 3672 567 3741 cantanensium
590 3678 695 3748 oppido
720 3676 777 3734 hoc
803 3697 820 3732 a
857 3679 963 3734 ostium
980 3679 1097 3736 Tiberis
1120 3682 1248 3746 condito,
1276 3685 1405 3740 colonia

114 3797 115 3806 ¹
172 3741 256 3798 Rom.
277 3752 306 3800 et
322 3746 405 3800 relnt
424 3748 554 3817 emporio
573 3766 606 3802 ac
623 3758 722 3820 portu,
749 3750 871 3820 Dionys·
891 3756 920 3819 3,
938 3755 983 3808 44.
1003 3753 1079 3806 Ptin.
1099 3758 1127 3820 4,
1146 3757 1174 3809 ὅ.
1194 3762 1223 3806 et
1241 3755 1309 3808 liv.
1329 3756 1356 3814 1.
1378 3758 1403 3810 l.

174 3845 206 3857 ·-
225 3822 336 3870 coetus.-
366 3817 398 3870 in
422 3817 481 3872 MS.
509 3825 589 3872 catus
614 3829 643 3875 et
666 3821 696 3874 in
715 3841 779 3884 mar
801 3861 808 3874 .
834 3828 920 3876 cetus.
941 3855 971 3866 -
1011 3841 1094 3894 quum
1122 3823 1267 3878 Tiberium
1290 3842 1405 3897 anceps

173 3901 243 3939 rnre
261 3886 432 3951 distendere,
459 3841 1050 3964 0011114842.40301110090000.
1077 3905 1107 3950 et
1124 3895 1276 3972 dieterico,
1305 3899 1346 3953 de
1368 3919 1405 3956 re

174 3959 343 4015 continuata
360 3967 390 4015 et
408 3961 537 4016 nondum
554 3967 696 4034 perlecta,
724 3965 776 4018 iun
796 3967 859 4018 itur
883 3959 966 4035 purim
992 3965 1023 4019 h.
1043 3968 1064 4020 1.
1089 3975 1121 4021 et
1137 3971 1165 4034 2,
1184 3971 1230 4023 31.
1250 3971 1277 4035 4,
1296 3973 1350 4026 60.
1372 3979 1403 4039 (i,

172 4031 218 4086 44.
237 4033 338 4115 iisd.
366 4031 403 4085 Η.
422 4035 451 4098 3,
468 4035 504 4090 31
531 4051 578 4105 pr.
607 4035 657 4090 ubi
682 4037 710 4101 2,
728 4040 755 4094 4.
775 3985 819 4102 43,
837 4039 883 4094 61.
907 4043 938 4090 nt
955 4039 1000 4112 ΔΗ.
1019 4041 1047 4105 3,
1066 4041 1112 4107 31,
1131 4043 1157 4096 4.
1192 4048 1353 4110 postquam
1372 4049 1403 4108 3,

172 4101 220 4158 26.
254 4101 514 4158 asserentes.
535 4123 564 4160 r.
584 4107 712 4164 Weesel.
739 4108 776 4162 ad
801 4109 940 4164 Herodot.
967 4113 995 4178 3,
1020 4113 1064 4167 33.
1090 4141 1122 4152 -
1160 4128 1271 4165 seruum
1296 4130 1403 4182 suurn,

174 4172 247 4254 olim
255 4175 413 4252 Agrippae,
423 4192 502 4230 nunc
511 4175 633 4246 Tiberii,
644 4179 679 4232 ad
710 4197 776 4234 uem
787 4181 922 4236 universa
931 4181 1079 4258 Agrippae
1092 4181 1237 4238 hereditas
1251 4197 1403 4252 renuam

169 4239 261 4310 hes..
284 4246 406 4312 „statne
423 4263 478 4321 pro
496 4265 577 4327 suum
594 4251 670 4304 coni.
716 4251 771 4306 oid.
791 4270 850 4309 non
868 4255 1053 4310 inconcinne.
1087 4262 1144 4310 turn
1164 4255 1293 4311 Groslot.
1337 4257 1404 4312 Sed
