2762 4788
125 225 361 290 umbonum
382 225 411 288 Α
434 223 601 289 TACITO
623 221 917 291 scaurorum.
962 224 988 308 ξ.
1015 223 1121 289 XXX.
1159 213 1236 282 'c'xt
1329 249 1333 266 ‹

24 398 74 470 Cf.
116 399 237 470 Ebert
273 395 430 490 Aligem.
471 393 646 491 Bibliogr.
689 395 850 468 [oxima
891 393 935 470 T.
962 391 1011 468 11.
1053 395 1154 467 Fasc.
1190 396 1234 469 V.

23 526 52 594 p.
77 499 167 576 872
193 521 250 570 nr.
276 494 410 570 22134.
464 495 674 578 Plurimum
699 489 850 591 quidem
874 521 962 568 curn
989 492 1097 570 MSS.
1123 495 1236 589 Regio

24 597 231 688 Parisienra',
256 596 475 668 Famesiano
499 605 537 667 et
551 595 770 686 Corbinelli,
796 597 1008 690 saepissime
1021 596 1134 666 etiam
1151 618 1236 667 cum

22 697 124 772 MSS.
162 698 280 770 Vatia.
308 692 418 770 1863.
448 695 553 772 1864.
590 706 627 768 et
659 695 779 790 plane,
823 697 933 766 etiam
967 695 1007 764 in
1039 693 1237 766 levissimis

22 801 138 888 rebus,
179 821 270 868 cum
302 793 382 870 MS.
416 793 695 868 vindobonensi
729 795 806 867 sive
839 793 1017 869 Sambuci
1045 796 1236 885 consentit,

21 909 52 971 et
73 921 253 992 expressa
282 896 441 968 creditur
481 919 526 966 ex
559 894 639 968 MS.
666 896 822 985 Veneto,
868 895 933 989 qui
958 903 1048 965 teste
1072 893 1236 966 Victorio

21 999 104 1091 olim
130 996 205 1072 fuit
231 998 271 1066 in
297 993 466 1066 biblioth.
492 996 538 1066 D.
557 995 683 1086 Marci,
709 1019 807 1066 nunc
832 1017 918 1066 vero
944 1017 1019 1064 non
1045 995 1234 1087 reperitur.

21 1095 227 1191 Singularis
252 1097 294 1166 in
319 1117 361 1165 aa
385 1091 603 1189 plerumque
628 1105 683 1165 est
707 1105 745 1166 et
769 1093 877 1165 lectio
899 1103 935 1165 et
961 1091 1217 1188 orthographia
1224 1119 1236 1186 3

20 1195 317 1293 frequentissima
341 1204 462 1266 autem
476 1195 676 1266 verborum
697 1192 903 1289 corruptela
928 1203 965 1264 et
989 1193 1232 1288 transpositio.

19 1297 140 1370 Nihilo
167 1295 291 1368 secius
316 1291 476 1364 multum
496 1293 594 1364 valet
618 1293 664 1364 ad
690 1291 864 1365 lectiones
881 1292 1039 1364 aliorum
1065 1291 1236 1364 codicum

19 1393 289 1469 confirmandas
315 1404 352 1464 et
374 1393 492 1464 vicem
517 1391 616 1466 MSti
641 1391 771 1489 explet.
815 1393 860 1466 In
885 1391 949 1464 illa
972 1416 1035 1488 sex
1059 1393 1235 1488 posterio-

19 1521 70 1567 res
101 1493 317 1570 Annalium
350 1490 435 1564 libri
465 1503 501 1564 et
542 1489 704 1588 quinque
740 1492 991 1564 Historiarum
1025 1515 1098 1564 una
1130 1491 1234 1584 serie,
1327 1569 1330 1575 ,

19 1598 91 1668 sine
115 1595 200 1668 ullo
235 1590 344 1666 titulo
370 1603 594 1684 strumam,
637 1601 914 1665 connectuntur.
966 1592 1149 1663 Historias
1175 1615 1234 1664 ex-

19 1697 155 1790 cipiunt
182 1695 264 1766 duo
287 1691 406 1764 libelli
428 1693 590 1764 minores
613 1691 666 1764 ita
690 1691 877 1787 inscripti:
910 1685 1080 1766 Cornelii
1111 1687 1235 1764 Taciti

19 1789 266 1880 illustrissimi
289 1789 462 1865 historici
487 1788 533 1863 de
557 1789 632 1863 sito
657 1789 819 1864 moribus
846 1804 882 1864 et
905 1788 1062 1894 populis
1088 1788 1235 1866 Germa·

19 1895 97 1970 ricc
130 1889 301 1968 libellar-
320 1913 452 1966 cumr
485 1899 522 1963 et
556 1887 742 1966 Cornelii
767 1891 877 1964 cociti
912 1891 1046 1988 equitia
1078 1887 1236 1964 Romani

17 1991 195 2091 dialogus
221 1988 270 2064 de
294 1987 508 2065 oratoribus
533 1987 663 2080 cloria,
687 1992 728 2061 in
754 1992 889 2088 quibus
914 2001 995 2063 tum
1020 1989 1128 2086 longe
1153 1989 1234 2080 alia,

18 2105 93 2166 tum
116 2091 246 2166 multo
272 2091 498 2164 emendatior
522 2099 578 2162 est
602 2091 791 2185 scriptura.
842 2089 942 2162 Haec
974 2089 1086 2161 editio
1120 2087 1235 2185 negli-
1300 2111 1311 2135 ‘

18 2193 213 2366 rat
238 2176 1236 2386 trasarirsrmtratrss

773 2342 785 2380 ²

16 2395 169 2466 uissime
196 2413 347 2464 mecum
373 2389 668 2479 communicavit,
694 2388 735 2459 in
759 2389 891 2461 eodem
916 2387 1044 2460 libello
1069 2387 1233 2460 aThier-

17 2493 128 2584 schio‚
157 2492 216 2580 (in
243 2490 346 2562 Actis
370 2487 500 2586 philol.
527 2489 667 2561 Monac.
694 2487 741 2560 Τ.
769 2489 838 2564 ΙΙΙ.
865 2489 948 2560 lasa.
966 2485 1000 2562 3.
1022 2495 1058 2584 p.
1075 2487 1147 2564 459
1164 2487 1234 2584 sq.)

16 2594 52 2662 in
74 2589 229 2686 dialogo
256 2589 302 2662 de
326 2591 529 2661 oratoribus
554 2613 575 2658 a
597 2587 777 2680 montio,
803 2587 868 2662 aad
894 2589 1162 2662 accuratissime
1188 2590 1233 2660 ab

15 2693 119 2764 initio
145 2691 196 2762 ad
223 2688 338 2762 finem
364 2715 385 2760 a
408 2687 614 2762 Walthero.
1009 2705 1015 2718 ·

108 2792 148 2864 2
179 2787 381 2864 Franciaci
404 2784 599 2863 lhrtcolcai
625 2787 876 2876 (Parmensis)
900 2789 1027 2891 priora
1051 2790 1128 2860 sive
1152 2783 1233 2862 Me-

15 2887 248 2964 diolanensi-s
272 2888 410 2960 formae
434 2890 628 2978 maxumae,
654 2887 733 2962 sine
748 2889 847 2980 anni,
872 2887 995 2962 locist
1012 2889 1234 2984 typographi

15 3002 117 3081 not-13
169 3013 268 3085 quac
308 2989 420 3060 editio
452 2990 492 3060 in
523 2989 699 3083 cuiusque
732 2991 874 3084 generis
913 2989 1092 3083 scriptura
1130 2986 1233 3079 alios,
1276 2983 1280 2991 ’
1327 3039 1329 3042 -

153 3087 356 3184 Spirensis,
382 3089 523 3160 codices
541 3085 649 3160 MSS.
676 3089 973 3183 etpotissimum
1000 3111 1073 3178 eoa,
1100 3088 1234 3182 quiex

15 3115 207 3262 ffiemi
222 3187 416 3279 lluxenmt,
441 3189 564 3260 secuta
589 3198 653 3260 est.
680 3185 738 3260 cf.
757 3212 793 3282 p.
807 3186 949 3263 XCIX.
975 3185 1133 3260 Plurimi
1151 3209 1232 3258 eam

16 3289 234 3378 Mediolani,
258 3298 302 3360 ut
325 3299 441 3360 cetera
474 3313 495 3359 a
527 3287 731 3360 Puteolano
758 3287 912 3383 vulgata,
936 3289 977 3359 in
1001 3285 1125 3359 lucem
1150 3311 1234 3384 pro·

16 3389 125 3460 tune
175 3397 275 3460 recte
312 3390 550 3483 suspicantur,
603 3388 667 3459 sed
700 3389 775 3458 iam
814 3389 906 3460 eirca
936 3412 967 3459 a.
1000 3386 1088 3460 Chr.
1129 3389 1232 3462 1475.
1262 3437 1265 3442 ,
1311 3415 1319 3429 “

17 3487 177 3560 Ehertus
203 3489 246 3558 in
271 3487 428 3582 Aligem.
455 3487 631 3584 Bibliogr.
662 3485 836 3580 Lexicon,
871 3489 987 3559 serius
1012 3487 1076 3559 alii
1101 3499 1137 3559 et
1160 3488 1232 3560 lor·

17 3599 105 3660 tasse
133 3612 167 3659 a.
188 3586 282 3660 Chr.
302 3587 406 3663 1492.
432 3587 560 3660 saltem
586 3599 670 3684 post
694 3584 809 3661 Plinii
828 3583 990 3664 Secundi
1015 3601 1052 3660 et
1077 3584 1232 3663 ationem
1315 3645 1318 3652 .

18 3685 277 3787 Panegyricos
299 3687 449 3762 Mediol.
474 3687 577 3762 1476.
602 3687 787 3764 ν911482.
814 3688 860 3760 ab
885 3688 1016 3759 eodem
1031 3675 1232 3760 Puteolano

17 3787 146 3877 editos,
187 3788 255 3882 qni
291 3789 404 3858 vitam
436 3787 627 3882 Agricolas
661 3787 804 3882 primus
842 3789 941 3882 typis
978 3787 1232 3860 excudendum

18 3889 167 3976 curavit,
209 3911 337 3958 rerum
369 3889 470 3982 prius
497 3889 729 3984 Panegyricis
760 3886 836 3958 illis
873 3911 985 3984 quam
1010 3889 1136 3960 ceteris
1161 3887 1231 3960 Ta-

19 3988 74 4056 citi
100 3987 210 4058 libris
235 3989 431 4060 attexuisse
455 3996 613 4085 putatur.
654 3983 712 4059 cf.
738 3985 834 4059 infra
858 3987 959 4063 editt
985 3989 1096 4059 huius
1123 3987 1228 4059 vitae.

21 4083 243 4160 Puteolanus
275 4089 432 4180 editioni
462 4089 632 4160 omnium
655 4088 786 4160 Taciti·
806 4111 963 4184 operum
986 4085 1153 4183 praefixit
1178 4111 1230 4156 sa·
1263 4093 1267 4098 “

20 4181 233 4261 lutationem
272 4189 333 4260 his
372 4188 508 4260 verbis:
554 4188 792 4279 „Franciscus
834 4187 1056 4261 Puteolanus
1094 4185 1231 4257 Jacobo

19 4288 232 4386 Antiqnnrio
272 4287 397 4362 ducali
436 4286 638 4362 Secretario
680 4287 753 4360 Sal.
793 4327 842 4344 -
909 4285 1074 4359 Cornelii
1112 4285 1230 4358 Taciti
