2904 4798
315 168 458 238 CAPUT
479 173 576 240 v111.
601 173 660 239 tx.
683 177 736 252 (A.
758 174 798 240 U.
820 176 893 242 tot.
916 177 955 240 Δ.
980 177 1015 244 C.
1037 179 1104 258 31.)
1258 183 1319 250 ttt

561 341 754 398 CAPUT
808 341 861 400 tx.

177 447 340 512 Placitum
361 448 509 531 posthac,
531 457 570 512 ut
591 451 627 512 in
639 451 785 534 reliquos
799 449 911 512 Seiani
934 451 1056 516 liberos
1071 451 1319 538 adverteretur,

90 541 293 597 vanescente
314 553 499 616 quanquam
521 533 625 615 plebis
650 535 701 596 ira
723 555 762 598 ac
783 533 949 618 plerisque
968 556 1037 616 per
1057 539 1174 620 priora
1195 541 1320 623 suppli-

90 617 146 676 cia
173 616 297 678 lenitis.
341 615 452 703 Igitur
480 625 660 698 portantur
692 619 728 678 in
756 637 925 680 carcerem
956 619 1043 680 lilius
1073 623 1321 690 imminentium

89 699 293 786 intelligens,
316 700 425 781 puella
447 699 530 762 adeo
552 703 673 779 nescia,
695 708 734 762 ut
755 700 876 762 crebro
898 703 1138 790 interrogaret,
1171 707 1258 787 estod
1278 707 1320 770 ob

90 782 242 844 delictum
269 793 299 844 et
328 801 391 864 quo
421 783 628 846 traheretur!
662 803 762 866 aeque
783 783 944 861 facturum
964 785 1070 859 ultrur
1106 797 1138 850 et
1164 809 1260 869 posse
1286 811 1321 853 se

86 867 210 946 puerili
237 865 366 928 uerbere
390 870 518 930 moneri.
569 865 724 929 Tradunt
751 869 913 950 temporis
943 870 1014 930 eius
1045 877 1210 950 auctores,
1243 877 1320 958 quia

89 951 297 1011 triumvirali
324 951 486 1032 supplicio
516 951 605 1012 affici
639 952 805 1036 virginem
841 949 1030 1014 inauditum
1062 953 1258 1034 habebatur,
1300 977 1320 1020 a

88 1033 249 1094 carnifice
276 1033 432 1115 laqueum
461 1035 554 1096 iuxta
584 1053 825 1115 compressam:
859 1037 934 1096 exin
963 1036 1077 1098 oblisis
1105 1039 1256 1104 lancibus
1283 1039 1318 1102 id

87 1117 209 1177 aetatis
232 1121 375 1198 corpora
397 1120 431 1178 in
455 1117 632 1180 Gemonias
658 1118 796 1180 abiecta.

163 1239 188 1290 1.
208 1232 351 1286 Placitum
366 1233 493 1304 posthac,
513 1241 543 1288 ut
562 1233 595 1288 s'u
613 1235 738 1306 reliquos
757 1233 861 1288 Seiani
879 1233 984 1290 liberos
1003 1237 1208 1306 adverteretur,
1234 1257 1262 1292 r.
1283 1239 1332 1294 ad*

87 1307 114 1368 2,
135 1307 182 1372 32,
201 1307 228 1362 3.
265 1305 329 1371 „Ex
353 1305 384 1360 h.
406 1306 426 1362 l.
452 1314 541 1377 patet,
575 1307 618 1360 bis
645 1315 792 1376 sumptum
818 1307 853 1360 de
878 1305 976 1360 Seiani
1001 1307 1316 1382 liberis·supplicium.

87 1375 184 1444 Quum
202 1385 299 1431 autem
319 1379 344 1430 is
364 1387 424 1432 tres
443 1385 557 1430 tantum
578 1395 613 1431 err
631 1377 753 1450 Apicata
770 1377 914 1442 habuerit,
935 1379 975 1444 (v.
996 1383 1022 1445 4,
1042 1381 1082 1444 3.)
1100 1379 1152 1434 hic
1170 1399 1242 1436 vero
1261 1381 1335 1438 duo.

86 1447 224 1502 deantur
242 1449 387 1520 supplicio
406 1448 515 1514 affecti,
535 1451 669 1520 sequitur
687 1467 777 1501 unum
795 1457 879 1504 antea
899 1459 993 1504 morte
1017 1451 1155 1505 affectum
1178 1461 1207 1506 et
1231 1453 1317 1508 dubio

85 1519 195 1590 procul
212 1519 307 1574 filium
327 1529 396 1574 natu
416 1521 585 1588 maximum,
605 1521 688 1591 quasi
703 1529 844 1643 paternae
863 1521 1089 1592 conspirationis
1116 1527 1237 1590 socium,
1261 1535 1318 1580 sta·

86 1593 146 1644 tim
169 1599 235 1661 post
283 1599 383 1648 atrern.
422 1591 478 1644 Dio
504 1593 549 1658 58,
576 1596 619 1648 ll.
650 1591 766 1644 nulum
793 1600 875 1645 notat
903 1593 1093 1646 intervallum
1119 1597 1261 1666 temporis
1284 1597 1318 1649 in

85 1679 182 1742 poena
200 1663 235 1716 de
275 1664 352 1716 eiani
370 1663 472 1716 liberis
492 1673 623 1735 sumptam
652 1663 701 1717 sed
719 1664 878 1718 oscitanter
897 1663 994 1718 Seiani
1018 1663 1172 1720 historiam
1198 1669 1227 1719 in
1253 1669 1318 1738 ple-

86 1738 188 1808 risque
207 1743 359 1790 exsecutus
378 1734 454 1794 est.“
471 1735 554 1805 Ryct.
592 1735 636 1790 De
650 1735 743 1804 plebis
762 1735 809 1790 ira
827 1755 855 1789 v.
874 1735 929 1790 Dio
949 1739 994 1803 58,
1015 1741 1102 1794 12-
1131 1739 1228 1808 puello
1246 1741 1316 1793 oden

9 1839 10 1844 =
86 1805 419 1874 resciscet.“1)i058,
439 1811 634 1873 ll.teststur,
654 1807 987 1874 tanceandamfuissa,
1022 1829 1109 1881 quam
1136 1819 1203 1865 ante
1227 1813 1317 1866 unde·

86 1883 145 1935 cim
166 1895 254 1933 annos
273 1879 337 1932 filio
357 1879 471 1934 Claudii
489 1881 682 1950 desponderat
699 1879 845 1934 Tiberius.
879 1881 923 1936 Gt.
944 1901 1008 1953 sup.
1028 1887 1056 1948 3,
1076 1885 1120 1940 29.
1159 1885 1221 1936 lam
1246 1899 1317 1939 vero

9 1987 10 1994 κ
85 1953 202 2024 Ryckio
220 1953 331 2004 mirum
348 1953 476 2018 videtur,
497 1953 523 2004 si
541 1953 634 2005 fuerit
652 1951 723 2006 odeo
742 1953 837 2006 nescia
855 1971 963 2008 annum
983 1956 1086 2010 aetatis
1105 1957 1171 2009 ΧΠ.
1200 1965 1262 2012 tum
1282 1957 1317 2010 ad

9 2057 10 2086 r
87 2026 245 2080 minimum
268 2041 368 2100 agens.
412 2023 487 2078 Sunt
512 2031 611 2078 tamen
634 2025 731 2090 verbe,
765 2043 838 2094 quae
855 2025 973 2096 puellae
992 2027 1196 2086 duodecimum
1214 2030 1315 2083 aetatis

86 2115 196 2152 aunum
214 2096 315 2173 agenti
335 2104 366 2150 et
384 2095 530 2149 carnificis
549 2104 668 2166 aspectu
686 2097 809 2150 territae
829 2099 898 2150 satis
911 2101 1097 2154 conveniant.
1126 2099 1210 2154 Licet
1228 2101 1316 2154 etiarn

87 2169 242 2242 suspicari,
269 2165 346 2222 hano
372 2166 634 2232 narratiunculam,
666 2166 711 2220 uti
729 2167 772 2230 fit,
793 2167 965 2222 credulitate
986 2177 1080 2223 ortam
1100 2177 1129 2224 et
1149 2171 1315 2224 ornamenti

87 2259 173 2296 causa
192 2239 327 2305 additam,
354 2236 508 2304 (haustam
530 2239 687 2292 fortassee
706 2239 851 2309 scriptore
870 2239 968 2310 aliquo
993 2239 1042 2294 vel
1061 2257 1077 2293 e
1096 2243 1314 2296 commentariis

86 2313 213 2383 privatis
233 2310 316 2363 illius
336 2311 453 2375 aetatis,
485 2309 582 2380 qualia
600 2311 665 2375 {non
692 2311 723 2362 in
747 2319 811 2364 acta
829 2311 1015 2379 referuntur)
1038 2319 1088 2365 aut
1106 2311 1229 2366 Dionem
1250 2313 1270 2367 l.
1292 2312 1313 2364 l.

8 2387 11 2424 t
86 2399 199 2437 errasse
216 2389 247 2437 et
263 2383 408 2436 minorem
425 2381 517 2434 filiam
537 2399 598 2435 esse
617 2379 718 2435 intelli
740 2381 877 2435 endam.“
899 2381 1008 2436 Wettt.
1046 2383 1151 2438 Seiano
1170 2395 1231 2440 tres
1250 2385 1316 2454 qui·

86 2455 153 2510 dem
172 2455 262 2508 liberi
279 2457 374 2516 fuere,
394 2453 444 2506 sed
462 2469 537 2505 unus
554 2453 679 2508 tortasse
690 2399 770 2506 lidus
790 2453 918 2525 duaeque
935 2455 1025 2516 liliae,
1044 2471 1081 2508 es
1098 2455 1226 2510 hisvero
1244 2463 1315 2508 natu

8 2567 10 2578 .
87 2529 182 2582 rnaior
198 2527 339 2596 desponsa
358 2523 474 2578 Claudii
491 2523 555 2578 lilio
574 2531 603 2578 et
622 2526 722 2578 statim
739 2533 807 2595 post
823 2535 937 2596 patrem
956 2533 1065 2592 nemu,
1090 2543 1149 2581 non
1168 2543 1256 2590 nunc,
1281 2534 1315 2580 ut

86 2599 142 2653 Dio
161 2597 261 2654 tradit.
282 2621 315 2638 α
349 2595 460 2663 puer-eh
483 2596 597 2649 uerbere
620 2596 742 2662 moneri,
778 2599 951 2674 „castigari
974 2599 1087 2668 puniri,
1118 2605 1151 2650 ut
1169 2616 1214 2669 ap.
1234 2596 1312 2654 Suet.

87 2669 154 2728 oth.
172 2671 200 2726 2.
220 2667 373 2736 obiurgari
390 2665 524 2736 flagriass
542 2667 615 2720 Em·
635 2667 682 2722 (li.
703 2665 738 2721 ed
757 2667 792 2721 G.
811 2669 855 2728 st.
882 2687 911 2724 n.
933 2673 976 2724 ll.

158 2780 184 2834 2
221 2775 352 2832 Tradunt
381 2773 518 2842 temporis
547 2773 621 2838 eius·
636 2781 777 2840 meteres,
803 2791 833 2831 r.
857 2775 893 2828 ad
915 2777 943 2841 3,
966 2777 994 2840 3,
1013 2777 1041 2831 2.
1062 2809 1095 2820 -
1133 2774 1314 2828 triumuirali

86 2849 238 2920 supplicio,
265 2845 507 2940 strangulatione,
540 2853 568 2900 et
593 2845 710 2916 quidem
735 2849 916 2900 incarcere:
946 2864 1014 2900 nam
1034 2845 1070 2901 da
1088 2845 1187 2902 eadem
1206 2864 1239 2900 re
1257 2845 1314 2900 Dio

8 2921 9 2928 ’
86 2927 134 2992 58,
148 2925 187 2976 ll.
207 2921 246 2982 οἷς
264 2919 321 2990 οὐχ
340 2933 422 2976 οσιον
440 2917 485 2985 ὄν,
504 2917 750 2988 παρθενεοομένην
768 2919 829 2970 τινα
849 2913 879 2972 ἓν
897 2921 936 2984 τῷ
954 2917 1134 2990 δεσμωτηρίῳ
1149 2917 1313 2984 ἀπολέσθαι,
1343 2977 1344 2980 ¹

8 2997 9 3054 Ῐ
87 3003 116 3048 et
141 2991 220 3047 Suet.
247 2989 313 3045 Tib.
339 2995 384 3048 lil-
423 2990 490 3060 quia
512 3005 588 3042 more
616 2989 726 3043 tradito
754 2991 835 3056 nefas
864 2993 937 3042 esset
965 2989 1096 3058 uirgines
1120 2988 1311 3056 strangulari.

88 3061 273 3188 Supplicium
292 3059 471 3116 tru'umut'rule
490 3059 602 3115 dictum
625 3079 641 3115 a
665 3061 837 3114 triumuiris.
875 3059 1063 3126 „Triumvirr'
1081 3079 1103 3115 s.
1123 3061 1246 3114 tresviri
1266 3079 1315 3114 ca·

86 3141 191 3210 pitres
209 3151 328 3208 prorsus
347 3135 437 3188 iidem
460 3132 575 3196 Romae,
609 3134 659 3204 qui
687 3133 811 3186 Athenis
835 3131 1044 3200 undecirnviri,
1069 3132 1165 3185 ἕνδεκα
1189 3131 1263 3202 ὀρχη·
1283 3129 1313 3184 lv

8 3215 9 3222 ’
86 3209 212 3278 Ἀθήναις
233 3203 413 3276 tetartaeo,
433 3211 488 3258 τῶν
516 3201 546 3257 tv
572 3209 612 3270 rui
630 3204 809 3275 δεσμωτηρίῳ
835 3207 1015 3273 κατακρίτων,
1046 3201 1089 3274 ἰφ’
1114 3199 1149 3270 ἥν
1172 3203 1312 3271 ἀνήγοντο

8 3291 9 3294 ’
88 3283 117 3334 oi
134 3279 244 3334 κλέπται
261 3283 307 3332 καὶ
325 3279 355 3332 ol
372 3275 605 3348 ἀνδραποδισταὶ,
624 3274 706 3330 Suid.
744 3278 848 3328 Munus
871 3291 973 3330 eorum
997 3291 1132 3346 praeesse
1151 3277 1264 3328 carceri
1283 3283 1313 3330 et

8 3357 9 3410 ζ
87 3353 225 3414 latomiis,
254 3351 358 3421 capitis
382 3366 490 3421 poenas
518 3349 559 3402 ibi
578 3365 694 3402 sumere
712 3366 729 3402 a
747 3347 907 3414 damnatis,
935 3347 1064 3416 itemque
1083 3363 1259 3424 cognoscere
1278 3347 1312 3400 de

8 3429 9 3440 ¹
87 3423 176 3478 furtis
194 3423 384 3492 admissisque
401 3437 555 3476 servorum
575 3427 625 3474 aut
644 3419 786 3474 eiusmodi
803 3419 945 3472 viliorum
964 3419 1093 3488 capitum
1118 3417 1153 3472 ad
1171 3419 1312 3472 Maeniam

88 3493 280 3550 columnarn.“
299 3491 379 3563 Lipe.
415 3491 458 3546 Ab
477 3491 581 3546 iisdem
598 3507 736 3544 eorumve
752 3491 846 3544 servis
856 3507 1064 3561 nonnunquam
1076 3489 1147 3544 libri
1162 3498 1192 3543 et
1210 3505 1313 3543 monu-

87 3573 186 3620 menta
210 3567 344 3620 virorum
369 3565 600 3618 clarissimorum
624 3563 885 3632 darnnatorumque
908 3563 939 3614 in
959 3563 1078 3616 comitio
1096 3579 1130 3615 ac
1148 3563 1213 3616 loro
1233 3577 1313 3614 com·

90 3638 273 3694 baretanmr.
293 3655 322 3690 v.
342 3637 379 3690 ad
396 3639 424 3702 4,
442 3639 488 3702 ³5,
507 3637 533 3692 2.
554 3634 637 3690 etde
655 3633 703 3688 his
721 3634 890 3688 triumviris
909 3635 1002 3706 intpp.
1023 3633 1086 3688 niv.
1101 3634 1146 3696 25,
1163 3639 1188 3689 1.
1208 3635 1254 3697 32,
1266 3635 1310 3688 26.

8 3717 9 3782 J
87 3711 132 3774 39,
152 3713 196 3764 lt.
217 3711 260 3764 1⁷.
279 3709 379 3764 Horat.
400 3708 481 3777 epod.
501 3709 528 3772 4,
549 3711 592 3762 ll.
614 3705 693 3760 Gell.
713 3709 741 3770 3,
760 3708 778 3766 3
796 3713 870 3762 extr.
891 3703 961 3760 Sall.
983 3706 1046 3760 cat.
1066 3705 1111 3760 55.
1131 3705 1310 3758 Valerttax.

8 3845 9 3850 ¹
88 3782 116 3846 ὅ,
133 3783 161 3844 4,
180 3785 205 3836 t.
225 3781 326 3834 Festus
344 3798 374 3832 v.
395 3778 618 3844 Sacramentum,
643 3775 781 3848 Pompon.
810 3777 844 3830 de
864 3793 905 3830 or.
927 3781 985 3831 iur.
1004 3780 1032 3844 2,
1049 3779 1094 3831 3⁰·
1119 3774 1234 3828 Rossini
1252 3783 1310 3829 ant.

88 3849 171 3906 Rom.
191 3853 217 3916 t,
235 3855 280 3908 27.
318 3851 388 3920 quio
412 3850 589 3908 triumuirali
613 3849 755 3918 supplicio
782 3849 862 3914 effici
879 3849 1022 3918 virginem
1049 3847 1212 3900 inauditum
1229 3843 1313 3900 bobe-

90 3923 182 3990 botur,
210 3939 230 3976 a
253 3923 386 3989 curatrice
410 3921 539 3992 taqueum
562 3923 645 3974 iveta
669 3937 876 3989 compressam:
908 3921 957 3988 „id
974 3919 1091 3990 quidem
1110 3919 1151 3972 ita
1171 3919 1310 3987 ceperim,

8 3991 9 3998 ’
90 3995 171 4064 quasi
190 4011 249 4048 non
267 3995 445 4064 sirupliciter
462 3993 605 4064 virginem
622 3993 741 4057 dixerit,
767 3991 817 4046 sed
840 3992 986 4062 impubem
1005 3992 1215 4059 investemque.
1251 3989 1312 4042 Lex

91 4067 168 4118 enim
190 4083 250 4120 non
274 4075 334 4120 tam
357 4067 406 4120 vir
427 4067 525 4120 irritati
553 4065 687 4141 ignotum
711 4071 885 4134 cautumque
909 4063 1005 4116 voluit
1024 4079 1111 4134 quam
1129 4059 1225 4115 aetati.
1268 4061 1312 4112 lta

92 4154 145 4190 nec
161 4153 266 4208 pueros
289 4138 422 4192 interfici
444 4139 487 4192 ias
506 4137 564 4192 nisi
586 4145 654 4211 toga
672 4143 787 4206 sumpta
811 4143 841 4190 et
858 4134 966 4188 relatos
984 4135 1015 4186 in
1034 4133 1124 4188 viros.
1161 4131 1312 4189 ltinebio

92 4211 134 4272 47,
153 4211 180 4264 S.
199 4210 301 4275 tradit,
320 4227 335 4270 a
353 4210 520 4264 triumviris
539 4209 570 4262 in
587 4209 803 4278 proscriptione
822 4208 933 4260 iussum
952 4222 1075 4275 puerum
1102 4204 1246 4274 quendam
1266 4221 1312 4256 su·
1417 4227 1418 4243 ο

93 4295 171 4336 urere
191 4289 288 4357 togam
307 4279 440 4347 virilem,
458 4287 491 4334 ut
509 4280 625 4336 scilicet
643 4280 708 4334 iura
726 4288 823 4350 posset
842 4278 979 4334 interfici.
1019 4275 1157 4346 Apuleius
1176 4275 1253 4346 apol.
1273 4273 1309 4328 ll.
