2872 4792
93 307 99 316 ,
191 225 254 294 aaa
592 207 836 306 inunitam
856 231 940 300 mn.
964 233 1005 298 n.

599 375 791 454 bneur
843 399 995 458 uxxrr.

275 501 363 566 Tum
378 491 419 568 ad
439 520 578 568 uxorem
599 522 717 568 versus
743 526 805 588 per
824 509 1018 570 memoriam
1037 509 1103 584 sui,
1132 525 1194 590 per
1216 529 1407 572 communes

191 585 314 649 liberos
336 589 457 670 oravit,
480 596 616 652 exueret
636 590 808 668 ferociam,
837 593 999 654 saevienti
1021 593 1174 653 fortunae
1195 593 1408 654 submitteret

191 673 349 755 animum,
372 691 438 733 neu
459 691 497 734 re
520 691 612 734 ressa
631 673 668 734 in
689 669 814 736 Urbem
834 673 1055 735 aemulatione
1076 675 1245 758 potentiae
1265 675 1408 738 validio-

191 771 244 816 res
271 755 431 816 irritaret.
512 775 569 817 aee
596 757 704 836 palam
727 765 761 816 et
782 757 847 818 alia
874 765 1014 834 secreto,
1044 777 1105 840 per
1125 778 1210 839 quae
1231 758 1408 821 ostendere

190 833 392 899 credebatur
412 845 537 900 metum
560 859 599 900 ex
623 837 774 902 Tiberio.
818 837 933 923 Neque
954 840 1061 902 multo
1083 849 1159 924 post
1181 843 1409 928 exstinguitur

190 919 321 1006 ingenti
342 919 435 980 luctu
456 921 648 1004 provinciae
671 929 704 983 et
724 913 1030 984 circumiacentium
1051 923 1262 1006 populorum.
1306 924 1408 986 Indo-

189 1001 284 1062 luere
312 1009 445 1064 exterae
473 1005 624 1068 nationes
653 1021 829 1090 regesque:
860 1013 954 1066 tanta
979 1005 1030 1066 illi
1058 1007 1194 1068 comitae
1222 1009 1259 1066 in
1287 1011 1408 1082 socios,

188 1083 405 1147 mansuetudo
426 1087 461 1145 in
483 1085 611 1160 hostem
633 1089 773 1169 vIsuque
789 1093 822 1148 et
838 1083 953 1150 auditu
966 1088 1058 1148 iuxta
1068 1089 1283 1168 venerabilis,
1305 1111 1408 1172 quum

188 1165 452 1250 magnitudinem
474 1177 508 1230 et
529 1169 729 1254 gravitatem
757 1187 904 1234 summae
933 1171 1089 1234 fortunae
1115 1173 1290 1250 retineret,
1320 1175 1408 1234 inri-

189 1247 276 1310 diam
299 1257 333 1310 et
354 1253 583 1335 arrogantiam
605 1253 777 1336 effugerat.

258 1369 285 1421 1.
305 1373 423 1420 exuerat
441 1367 590 1434 ferociam,
618 1369 657 1420 ci.
684 1367 764 1433 adl,
784 1369 828 1452 19,
847 1369 875 1452 ⁴:
894 1371 920 1434 1,
939 1369 1031 1434 dm.
1050 1367 1166 1452 rigni.
1186 1397 1225 1452 ⁹-
1247 1383 1310 1452 ριν·
1326 1383 1410 1436 qaae,

187 1439 1411 1585 tetttutttlstttttt,‘tutatast-¹3?tttttttff’ttttt:

188 1581 239 1649 qui
256 1579 403 1634 discedere
422 1579 494 1634 iueei
513 1581 633 1634 interim
649 1580 830 1634 rimabantur
848 1597 881 1634 ea
900 1589 1029 1648 seereta3
1049 1581 1155 1636 Wattt.
1175 1583 1222 1635 Gt.
1241 1581 1314 1646 adl,
1324 1583 1372 1646 aa,
1384 1585 1411 1634 l.

258 1653 286 1706 2.
306 1657 389 1704 tanta
407 1651 457 1704 illi
475 1651 594 1704 comitae
613 1683 645 1694 -
664 1653 727 1704 aisa
746 1651 921 1706 etaiam
948 1654 1119 1707 venerabilia
1152 1654 1196 1720 (v.
1215 1651 1252 1705 ad
1269 1655 1296 1716 l,
1315 1653 1345 1713 6,
1366 1651 1413 1716 6.)

188 1749 221 1766 -
239 1721 382 1776 iuvidiam
399 1728 426 1774 et
446 1721 649 1788 arrogantiam
665 1724 816 1791 effugerat,
845 1726 883 1776 cf.
903 1723 983 1777 Suet.
1003 1723 1104 1782 Claud.
1129 1727 1188 1781 ³-
1200 1727 1228 1779 b.
1265 1721 1434 1788 „Brevis-1

187 1793 270 1858 eima,
290 1793 340 1846 sed
358 1795 475 1869 egregia
492 1791 564 1846 laus.
601 1794 646 1846 lta
664 1811 779 1866 quoque
804 1795 860 1848 llio
879 1798 924 1860 57,
945 1797 988 1852 te.
1026 1796 1092 1859 Sed,
1119 1801 1152 1848 at
1176 1794 1339 1854 summatim
1365 1791 1413 1845 ‹tt-

188 1877 259 1928 cam,
279 1865 353 1933 quod
367 1865 469 1934 paucis
486 1879 521 1917 ex
538 1865 617 1916 orani
632 1867 769 1918 maneria
787 1866 922 1933 contigit,
948 1881 1035 1936 arque
1052 1873 1153 1920 contra
1170 1868 1326 1932 fananum,
1354 1879 1413 1932 qua

186 1935 328 2002 utebatur,
347 1935 474 2004 peccavit
495 1935 652 2006 quiequam,
671 1951 758 2006 aequ-e
775 1937 837 2004 ipre
856 1937 891 1988 ab
909 1951 942 1989 ea
960 1945 1111 2005 comptae
1129 1937 1201 1990 σεῦ(
1219 1937 1304 1990 Brot.
1336 1935 1415 1998 „la-

186 2006 268 2060 eidia
285 2004 356 2059 h.1.
373 2008 488 2078 passivo
508 2023 594 2061 sensu
612 2009 758 2060 occurrit:
785 2025 827 2073 ea,
852 2023 909 2077 qua
927 2007 993 2080 quis
1011 2007 1144 2062 allicitur
1161 2009 1229 2061 sive
1248 2015 1413 2070 orientur,

187 2077 361 2145 arrogantia
379 2093 495 2164 sensuqn
513 2079 643 2132 activum
660 2095 731 2150 prae
750 2096 779 2130 se
797 2081 875 2132 fert:
895 2097 938 2146 ea,
958 2081 1098 2150 qusquis
1116 2078 1189 2134 alios
1207 2075 1344 2148 despicit.
1372 2077 1419 2148 ot,

187 2149 325 2218 idipsum
334 2149 485 2214 credibile,
504 2147 639 2202 Tacitum
649 2151 718 2203 adeo
728 2149 843 2204 diversa
861 2150 988 2204 nonnisi
1005 2169 1060 2222 per
1077 2152 1098 2204 li
1121 2167 1204 2203 uram
1222 2147 1254 2202 ir
1267 2143 1314 2202 ded
1328 2148 1416 2200 δυοῖν

186 2220 865 2370 irrutttttsntnnnrna
882 2171 1416 2360 stinatianam

187 2364 320 2417 mitatem
344 2364 376 2417 iu
392 2365 502 2427 ¹socios,
535 2363 786 2418 mansuetudinem
811 2329 966 2418 in’hostes
984 2363 1111 2419 laudat.“
1137 2360 1211 2416 lietb
1228 2379 1258 2433 p.
1277 2365 1324 2418 en.
1367 2362 1414 2414 Gt.

153 2477 158 2491 .
187 2434 251 2487 lud.
280 2435 333 2488 111.
368 2451 398 2488 r.
424 2435 634 2506 Headiadyoia.
671 2436 856 2503 arrogantia
882 2451 939 2505 quo
965 2453 1051 2492 sensu
1072 2435 1138 2493 h.l.
1167 2433 1295 2500 dicatur,
1325 2452 1358 2487 v.
1378 2433 1415 2486 sd

189 2503 259 2583 Agr.
279 2511 306 2566 9.
332 2525 360 2562 n.
379 2509 406 2562 4.

317 2623 323 2642 '
579 2633 774 2690 oAPtJ'r
828 2631 1004 2690 nxxtlt.

272 2740 382 2804 Funus
403 2743 475 2806 sine
496 2743 697 2828 imaginibus
719 2751 754 2804 et
775 2762 904 2825 pompa,
934 2761 996 2826 per
1015 2739 1129 2804 laudes
1149 2761 1188 2803 ac
1208 2743 1416 2801 memoriam

187 2825 352 2886 virtutum
385 2826 457 2887 eine
491 2823 621 2889 c'elebre
649 2828 722 2889 luit.
766 2827 807 2888 Et
835 2835 943 2902 eraut,
980 2829 1036 2908 qui
1064 2828 1216 2901 sormam,
1253 2833 1418 2900 aetatem,

187 2927 291 2994 genus
314 2911 444 2986 mortis,
474 2909 515 2970 ob
538 2911 820 2992 propinquitatem
849 2912 948 2970 etia'm
971 2909 1133 2986 locorum,
1159 2909 1193 2967 in
1217 2907 1339 2988 quibus
1361 2909 1417 2966 in-

188 2991 293 3070 teriit,
314 2989 432 3076 Magni
444 2989 624 3054 Alexandri
648 2995 725 3056 fatis
747 2992 979 3074 adaequarent.
1023 2991 1109 3054 Nam
1131 2998 1311 3070 utrumque
1334 3009 1420 3050 eor-

187 3093 270 3156 pore
291 3073 424 3154 decora,
446 3095 568 3160 genere
590 3077 725 3162 insigni,
745 3073 835 3138 haud
856 3073 996 3138 multum
1018 3076 1158 3159 triginta
1179 3093 1284 3134 annos
1339 3091 1420 3134 res-

145 3165 148 3176 '
188 3178 272 3234 sum,
295 3171 431 3220 suorum
453 3159 597 3234 insidiis,
619 3168 772 3221 externas
793 3161 882 3220 inter
904 3166 1020 3244 gentes
1038 3156 1217 3220 occidisse:
1239 3153 1298 3216 sed
1343 3175 1422 3216 une

187 3243 301 3303 mitem
336 3261 416 3326 erga
450 3244 584 3315 amicos,
621 3240 788 3304 modicum
822 3243 1044 3321 voluptatum,
1078 3257 1146 3300 uno
1179 3239 1421 3314 matrimonio,

188 3325 290 3384 certis
311 3323 428 3384 liberis
451 3328 574 3408 egisse3
604 3343 709 3407 neque
737 3326 846 3385 minus
873 3325 1122 3408 proeliatorem,
1155 3323 1284 3382 etiamsi
1305 3329 1423 3383 teme-

188 3409 269 3467 ritas
291 3407 436 3468 abfuerit
455 3403 735 3490 praepeditusque
755 3411 810 3484 sit,
833 3407 1000 3490 perculsas
1022 3413 1073 3466 tot
1094 3405 1246 3467 victoriis
1268 3402 1423 3466 Germa-

189 3491 259 3550 nias
287 3491 426 3551 servitio
454 3509 617 3572 premere.
662 3489 757 3556 Quod
784 3491 812 3554 si
841 3491 930 3552 solus
959 3489 1088 3552 arbiter
1115 3507 1242 3562 rerum,
1273 3487 1301 3548 si
1332 3489 1424 3548 iure

188 3581 222 3635 et
244 3573 377 3636 nomine
404 3575 498 3658 regio
526 3573 652 3651 fuisset,
681 3581 775 3636 tanto
802 3576 990 3655 promptius
1012 3579 1244 3634 assecuturum
1265 3569 1424 3654 gloriam

187 3657 338 3732 militiae,
360 3665 519 3736 quantum
541 3657 726 3734 elementia,
756 3658 987 3739 temperantia,
1017 3657 1138 3716 ceteris
1160 3653 1255 3714 bonis
1275 3655 1425 3716 artibus

188 3740 421 3822 praestitisset.
465 3737 606 3822 Corpus,
633 3747 807 3822 antequam
835 3747 1055 3815 cremaretur,
1084 3735 1246 3798 nudatum
1273 3737 1311 3798 in
1334 3739 1427 3800 foro

187 3821 473 3901 Antiochensium,
496 3824 554 3904 qui
577 3823 667 3884 locus
689 3823 881 3904 sepulturae
903 3820 1141 3898 destinabatur,
1164 3819 1428 3902 praetuleritne

188 3887 341 3968 ieneficii
370 3907 475 3990 signa,
503 3925 621 3988 parurn
650 3905 820 3970 constititt
854 3923 930 3966 nam
958 3911 997 3966 ut
1025 3906 1097 3988 quis
1118 3900 1358 3964 misericordia
1385 3907 1428 3965 in

189 3987 424 4050 Germanicum
456 3997 490 4052 et
516 3995 730 4072 praesumpta
755 3989 944 4071 suspicione
972 3997 1032 4050 aut
1058 3989 1174 4050 favore
1195 3985 1231 4046 in
1252 3985 1429 4050 Pisonem

187 4073 339 4154 pronior,
362 4070 488 4134 diversi
508 4073 785 4153 interpretantur.

259 4177 284 4228 l.
303 4173 398 4225 Fauna
416 4170 479 4225 aiae
496 4171 682 4240 inmgiaibm,
701 4171 769 4242 quia
788 4179 922 4226 externas
941 4172 1020 4224 inter
1038 4177 1140 4246 gentes
1154 4176 1304 4234 mortuns;
1322 4169 1430 4230 Brot.

189 4274 220 4284 -
242 4259 276 4296 aa
292 4242 456 4296 materiam
473 4241 531 4298 MS.
550 4243 614 4299 edd.
633 4242 725 4297 Bakk.
745 4250 775 4296 et
792 4241 909 4298 walth.
929 4250 957 4297 et
974 4241 1141 4294 maneriam
1158 4239 1221 4295 edd.
1241 4239 1297 4292 rel.
1317 4271 1359 4284 -
1386 4245 1433 4296 Et

190 4321 283 4382 erant,
302 4314 353 4384 qui
370 4315 501 4383 samm,
520 4320 652 4383 actaea,
681 4330 772 4384 genae
788 4314 892 4368 retortis
920 4345 952 4358 -
978 4311 1140 4368 Alexandri
1155 4311 1241 4406 sam
1265 4311 1433 4384 adaequa.
