2890 4790
224 225 691 296 CAPUTva111.1.X1x.
720 231 773 309 (A.
798 231 835 295 U.
857 231 929 298 781.
953 233 992 294 Δ.
1015 233 1051 296 G.
1071 231 1138 310 πθ.)
1231 237 1293 304 45³

495 395 688 450 aaran
741 397 870 452 nxrx.

154 517 367 598 Consultant,
389 539 471 604 quos
491 523 688 602 memoravi,
719 541 862 606 quonam
883 522 982 587 modo
1003 545 1043 588 aa
1063 527 1212 610 plurium
1233 547 1292 590 aa·

67 603 146 666 ditu
172 605 417 687 acciperentur.
475 604 562 667 Nem
590 605 683 686 loco,
721 607 757 668 in
790 627 886 690 quam
918 609 1090 690 coibatur,
1127 607 1293 676 servanda

69 685 265 750 solitudinis
296 688 414 766 facies,
455 695 489 750 et
520 690 549 752 si
579 708 666 772 ponc
697 691 787 752 iores
815 692 1022 766 assisterent,
1052 701 1162 756 matus
1188 695 1292 774 rima,

69 771 199 831 sonitus
222 777 280 833 aut
299 774 388 832 forte
409 777 504 833 ortae
525 772 724 852 suspicionis
753 780 858 836 crant.
902 771 1045 838 Tectum
1070 778 1162 840 inter
1182 785 1217 841 ct
1244 777 1292 842 la·

69 855 206 934 quearia
239 863 308 917 tres
336 861 506 922 senatores
538 853 627 916 haud
654 857 763 917 minus
791 859 894 939 turpi,
912 857 1040 922 latebra
1070 881 1169 942 quam
1200 857 1292 924 date-

68 933 188 1000 standa
222 935 341 998 frauda
378 956 450 998 seso
479 937 696 1016 abstrudunt,
728 939 947 1002 foraminibus
980 951 1014 1004 et
1045 943 1142 1006 rimis
1176 963 1293 1008 aurem

69 1017 258 1083 admovent.
303 1017 435 1093 Interea
455 1021 603 1082 Latiaris
626 1029 798 1102 repertum
818 1023 855 1083 in
877 1024 1010 1106 publico
1031 1023 1202 1104 Sabinum,
1222 1027 1294 1090 val·

69 1110 109 1164 ut
137 1121 253 1164 recens
283 1105 416 1190 cognita
438 1113 650 1183 narraturus,
682 1103 818 1167 domum
847 1113 881 1168 et
906 1107 942 1167 in
963 1108 1154 1171 cubiculum
1174 1109 1293 1188 trahit,

69 1187 322 1268 praeteritaque
344 1193 378 1248 ct
399 1187 568 1264 instantia,
592 1205 736 1268 qnorum
758 1190 884 1250 affatim
907 1191 1014 1273 copia,
1036 1210 1075 1254 ac
1097 1213 1203 1256 novos
1224 1199 1294 1256 ter-

70 1287 167 1330 rorcs
181 1269 338 1332 cumulat.
382 1267 503 1330 Eadem
524 1269 582 1332 ille
603 1279 637 1334 ot
658 1268 797 1350 diutius,
819 1279 941 1354 quanto
964 1282 1099 1356 maesta,
1120 1275 1178 1338 ubi
1191 1276 1294 1342 semel

69 1371 275 1436 prorupero,
316 1349 483 1416 difficilius
521 1355 717 1416 reticentur.
769 1353 954 1438 Properata
995 1355 1075 1422 iude
1113 1361 1292 1440 accusatio,

69 1435 246 1516 missisque
281 1432 323 1496 ad
352 1433 529 1500 Caesarem
559 1437 668 1498 literis
694 1434 849 1500 ordinem
879 1438 1008 1504 lraudis
1038 1461 1200 1526 suumque
1228 1444 1293 1524 ipsi

69 1516 214 1580 dedecus
235 1537 429 1580 narravere.
483 1517 562 1580 Non
592 1519 675 1580 alias
702 1521 808 1606 magis
832 1524 930 1584 suma
959 1531 993 1584 ct
1015 1543 1137 1606 pavens
1158 1527 1292 1589 civitms

70 1620 173 1686 egens
195 1599 374 1663 adversum
395 1604 566 1683 proximos
588 1621 798 1688 congressus,
819 1603 998 1686 colloquia:
1025 1615 1124 1670 notas
1144 1610 1294 1694 ignotae-

68 1702 133 1766 qus
155 1703 252 1746 aures
275 1685 395 1748 vitari:
418 1687 520 1746 etiam
540 1693 633 1748 muta
654 1692 754 1768 etque
775 1687 934 1767 inanima,
954 1695 1080 1752 tectum
1102 1699 1136 1753 ct
1147 1693 1292 1776 parietes
1400 1735 1402 1740 -
1441 1703 1442 1738 ³

66 1767 445 1854 circumspectabantur.

143 1889 167 1941 l.
197 1885 375 1952 Consultant,
400 1901 469 1956 quos
494 1885 658 1952 mensurari,
683 1886 818 1952 latiaris,
846 1887 928 1953 (lato,
954 1889 1084 1959 Petilius,
1108 1891 1221 1962 Opsius.
1247 1891 1291 1946 Gt.

65 1953 125 2009 Dio
152 1959 196 2021 58,
222 1961 247 2012 1.
278 1989 310 2000 -
339 1957 443 2010 auditu
473 1958 687 2027 acciperentur,
728 1976 758 2011 v.
784 1957 821 2011 ad
849 1964 874 2023 l,
898 1962 944 2025 ot,
972 1965 994 2015 l.
1032 1995 1066 2006 -
1091 1970 1182 2016 metue
1199 1960 1291 2028 (nom.

65 2025 165 2098 plur.)
197 2027 277 2082 meus
313 2027 327 2093 (
350 2045 395 2082 eu.
429 2028 519 2105 sing.)
563 2029 675 2082 sonitus
704 2034 755 2081 aut
784 2030 861 2096 farte
893 2036 981 2084 artae.
1007 2033 1180 2100 suspicionis
1209 2043 1293 2088 mant

64 2097 127 2152 ΜΒ.
163 2097 271 2153 Sensus
299 2047 356 2154 ed:
386 2105 477 2152 metue
502 2099 623 2166 (Gerra.
654 2097 795 2152 Furcht
818 2100 901 2167 vor)
927 2101 1001 2156 nim
1026 2109 1110 2158 erant
1137 2113 1193 2159 cet.
1230 2123 1293 2161 me·

65 2169 197 2235 mebant,
233 2187 271 2224 ua
299 2171 550 2242 conspicerentur,
587 2189 624 2224 ns
653 2170 780 2224 sonitum
807 2173 939 2226 lacerent
969 2181 999 2228 st
1022 2174 1069 2228 his
1095 2173 1202 2231 aliisve
1231 2179 1293 2232 ior·

65 2247 144 2295 tasse
162 2244 256 2295 causis
280 2242 313 2294 in
337 2258 448 2309 eonuu,
476 2243 528 2312 qni
547 2240 714 2296 insedibus
741 2240 841 2296 Sabini
869 2251 976 2311 assent,
1003 2254 1053 2299 sut
1075 2246 1168 2371 ipsius
1194 2247 1294 2303 Sabini
1385 2313 1388 2318 ¹

64 2313 165 2367 auimo
195 2320 365 2368 moveretur
394 2314 522 2385 suspicio
557 2313 743 2380 insitiuum,
781 2313 830 2370 val
864 2314 992 2384 aliquem
1031 2318 1091 2370 fori
1109 2335 1143 2372 ns
1181 2319 1294 2374 adalin-

65 2393 130 2438 tcm
156 2393 368 2456 aucupatumm
392 2403 454 2440 osse
481 2402 637 2440 sermones.
664 2390 753 2438 metus
786 2383 881 2451 (nom.
905 2385 985 2457 plur.
1017 2389 1117 2442 Germ.
1149 2389 1294 2466 Gegan-

67 2455 198 2518 st'inds
215 2455 278 2510 der
296 2455 457 2524 Furpbt)
482 2455 572 2526 visus,
597 2455 710 2510 sonitus
734 2461 784 2510 aut
810 2458 886 2524 forte
904 2463 987 2511 artae
1010 2459 1185 2528 suspiciones
1209 2470 1293 2516 erant

64 2527 132 2584 add.
151 2535 209 2582 rot.
235 2536 303 2582 ante
320 2523 418 2599 ‘liyclu
446 2535 528 2581 metas
548 2557 579 2566 -—
598 2527 765 2598 suspicionis
791 2537 850 2583 erat
879 2527 943 2584 edd.
973 2527 996 2582 R
1021 2529 1067 2583 ck.
1093 2531 1183 2586 Gran.
1212 2531 1292 2588 Brut.

65 2599 158 2652 nutui
186 2597 265 2652 viem
291 2631 323 2642 -
348 2595 525 2668 suspiciones
553 2607 637 2654 mant
667 2599 730 2654 cdd.
764 2599 859 2655 Obarl.
895 2601 968 2656 tan.
999 2549 1092 2655 bell.
1120 2603 1224 2662 llisssl.
1258 2625 1294 2660 ex

67 2671 182 2726 emend.
206 2669 281 2756 blrm
319 2669 398 2737 „Sed
421 2672 512 2724 nutui
539 2687 599 2725 esse
623 2671 704 2724 eliud
732 2673 804 2758 quid
827 2671 984 2749 significat,
1003 2690 1069 2727 narn
1092 2691 1107 2727 a
1134 2673 1216 2730 silici
1239 2676 1294 2730 ali-

93 2813 136 2868 .1.
152 2751 399 2868 ‘tulit’
414 2741 489 2868 lt:
503 2741 1295 2882 titillabit}ttttt‘ltfttllltttl

69 2887 129 2951 illi,
157 2903 194 2939 ne
220 2886 312 2952 visas,
346 2885 458 2938 sonitus
482 2893 534 2940 aut
557 2887 739 2957 suspiciones
761 2888 928 2952 mirantum
956 2886 1049 2962 igitur
1066 2890 1158 2956 viem,
1183 2893 1295 2946 sonitus

68 2967 98 3012 ct
123 2958 303 3028 suspiciones
327 2963 421 3010 metus
445 2973 547 3010 eorum
572 2965 664 3013 erant.
700 2957 889 3012 Rastitaauda
906 2959 1005 3028 potins
1033 2959 1123 3014 lectio
1142 2959 1207 3016 add.
1234 2969 1292 3015 vet.

68 3039 99 3084 et
126 3027 232 3083 similis
261 3036 409 3081 structura
434 3035 478 3082 est
500 3030 528 3095 6,
553 3031 589 3086 29
616 3037 691 3083 extr.
720 3027 934 3082 incitamentum
963 3031 1067 3084 mortis
1096 3037 1125 3083 et
1148 3031 1296 3102 particeps

67 3101 124 3168 [uit
143 3099 253 3165 Sextia,
274 3101 380 3166 124⁰.
400 3106 431 3151 ut
449 3099 599 3168 compositi
616 3097 670 3166 (sc.
690 3097 793 3166 baeles,
818 3107 852 3152 ut
877 3103 905 3166 3,
923 3103 967 3156 38.
989 3104 1032 3167 12,
1051 3104 1094 3158 32
1120 3103 1177 3167 bb.)
1201 3103 1295 3158 maior

68 3175 143 3238 laus,
175 3171 282 3225 maiori
305 3169 395 3234 laudi,
421 3170 485 3226 scil.
513 3179 618 3236 essent,
649 3172 685 3228 ll.
706 3175 732 3237 l,
762 3172 804 3226 15.
831 3179 858 3222 et
889 3170 995 3226 iudicii
1016 3172 1073 3225 mei
1102 3173 1295 3231 documentum

67 3245 128 3299 sint
147 3260 202 3299 non
219 3257 297 3296 aseae
315 3247 428 3295 tantum
444 3242 678 3309 necessitudines,
706 3243 802 3296 sedet
822 3247 897 3310 tuae,
922 3243 958 3297 G.
973 3246 1015 3300 13.
1034 3259 1084 3296 nec
1105 3245 1194 3298 rubor
1217 3246 1295 3302 inter

67 3317 188 3370 comites
205 3311 325 3382 aspici.“
352 3311 459 3370 Waltlt.
496 3313 553 3368 Sed
569 3332 598 3372 v.
618 3313 655 3368 ad
673 3317 717 3380 la,
737 3315 764 3379 'l,
783 3315 810 3370 Ἰ.
831 3315 875 3380 Π,
893 3315 939 3381 tt,
959 3319 985 3370 l.
1006 3323 1036 3368 at
1053 3313 1139 3372 uota
1164 3316 1201 3372 ad
1224 3315 1292 3374 Tac.

67 3387 303 3516 Agr-²p·rlffim
326 3455 440 3510 aedium
464 3457 543 3511 inter
569 3457 620 3522 (ci.
646 3455 710 3510 lud.
731 3455 789 3510 lll.
817 3476 846 3510 v.
872 3455 1106 3526 Praepositiones
1133 3461 1295 3520 nominibus

62 3528 260 3602 postpositae)
278 3533 305 3580 et
324 3529 473 3596 laquearia
491 3545 552 3582 sese
571 3527 741 3582 abstrudunt
760 3533 820 3582 tres
838 3535 994 3595 senatores,
1015 3529 1096 3598 Galo,
1122 3533 1247 3588 Petilius
1265 3541 1296 3591 et

65 3603 182 3674 Opsius.
220 3599 323 3656 Simile
348 3599 461 3653 fraudis
486 3599 626 3654 scelestas
652 3598 817 3670 exemplum
845 3618 881 3653 ex
907 3599 1040 3671 'l'bucyd
1060 3607 1087 3670 1,
1107 3606 1167 3660 lau.
1193 3606 1296 3660 attulit

64 3675 196 3746 Lipsius,
216 3673 311 3744 aptius
330 3689 346 3725 s
365 3669 425 3726 (lic.
446 3671 517 3742 Tap.
537 3673 581 3727 ao.
609 3691 630 3724 s.
650 3672 694 3727 ⁷5.
719 3671 745 3724 l.
767 3670 816 3727 Fr.
845 3671 937 3726 Gran.
963 3680 992 3727 ct
1015 3671 1105 3746 plana
1131 3690 1293 3754 congruum

65 3765 105 3801 ex
129 3745 227 3800 Valer.
252 3745 325 3798 blsx.
351 3745 426 3810 (Η,
444 3746 471 3800 2.
501 3743 557 3796 Iac.
586 3743 677 3797 Gran.
719 3741 763 3796 La
801 3758 853 3796 ear
883 3761 906 3796 s.
934 3744 1064 3811 lacunar,
1090 3745 1143 3800 Gr.
1168 3749 1293 3820 καμάρα,

66 3818 171 3871 Germ.
190 3813 330 3881 Decka,
351 3821 461 3868 tactum
480 3815 661 3868 fornicatam
678 3822 738 3868 tam
761 3759 955 3882 d'chbicnIi,
974 3815 1112 3872 triclinii.
1138 3818 1295 3882 „lacunar

56 3889 179 3944 dicitur
212 3905 229 3940 a
261 3884 372 3939 lacunis
399 3905 423 3938 s.
453 3886 570 3940 lacubus
598 3886 708 3957 parvis,
739 3832 956 3950 {Vertisiun
990 3905 1049 3954 en,
1084 3889 1181 3945 tisis
1213 3891 1296 3946 trst-

65 3959 152 4026 der)
182 3959 215 4012 in
246 3957 347 4082 ligneo
373 3963 451 4012 tecto
478 3965 542 4012 arta
577 3957 704 4012 cedatis
740 3975 768 4010 v.
794 3955 877 4010 Sars.
907 3958 944 4011 ad
1000 3959 1057 4034 irg.
1083 3958 1155 4016 Aen.
1181 3966 1207 4027 l,
1235 3963 1296 4020 tie.

65 4031 201 4101 laquem
234 4029 266 4082 vi
286 4035 354 4082 atur
388 4027 466 4083 idem
492 4027 554 4082 dici
581 4047 597 4082 a
621 4026 747 4098 laqueis,
781 4027 964 4104 marginibus
991 4029 1108 4083 lacuum
1140 4032 1296 4089 eminenti·

66 4105 122 4157 bus
140 4110 171 4158 et
188 4101 271 4155 varic
289 4099 393 4153 tractis
416 4115 473 4171 pro
490 4102 654 4154 ianuarum
678 4099 830 4166 variante,
861 4115 931 4168 quse
960 4099 1041 4156 lacae
1065 4099 1185 4170 babent,
1209 4105 1296 4160 modo

66 4173 207 4237 rutundi,
243 4171 330 4225 modo
365 4171 515 4241 quadrati,
547 4169 634 4225 ruodo
669 4168 896 4224 rhombiiormes
928 4188 953 4224 s.
992 4169 1141 4226 scutulati.
1186 4173 1295 4232 Lucam

65 4243 157 4300 affert
192 4245 275 4298 loeus
307 4241 427 4314 losoplsi
454 4241 524 4297 Ant.
556 4241 620 4296 lud.
647 4243 675 4308 8,
704 4244 733 4308 3,
760 4243 787 4298 2.
821 4239 871 4296 ubi
903 4240 1019 4296 tabulas
1053 4244 1126 4298 tecti
1158 4244 1304 4303 dicutur

68 4319 164 4372 tuisse
189 4309 339 4386 tironium
369 4317 408 4376 εἰς
431 4306 605 4386 φατνώματα
633 4313 682 4368 nal
704 4307 904 4388 apognittnaer
927 4315 1044 4385 χρυσοῦ,
1072 4331 1145 4386 quaa
1175 4325 1220 4373 est
1247 4319 1297 4376 ds.
1337 4373 1343 4383 ,
