2904 4798
197 247 339 312 CAPUT
360 245 469 310 XXX.
494 245 618 352 XXXI.
652 245 704 325 (l.
727 243 766 311 U.
785 245 859 313 288.
883 245 921 309 Δ.
946 243 981 310 G.
1003 245 1071 322 35.)
1181 243 1246 312 626

32 416 207 479 cumiectaa
225 417 379 476 'nationes
400 423 608 490 exercuerat,
637 419 671 474 et
698 419 899 476 senectutem
927 409 1061 473 Tiberii
1089 419 1128 473 ut
1155 412 1245 474 iner-

30 520 114 562 mem
136 499 318 580 despiciens
341 494 521 579 avidusque
541 495 730 572 Armeniae,
759 497 825 574 eui,
855 494 1010 558 defuncto
1040 511 1120 582 rege
1147 493 1245 556 Arta-

29 587 93 660 xia,
126 581 272 644 Arsacen
300 581 484 642 liberorum
511 599 649 641 auorum
677 580 897 642 veterrimum
928 581 1099 662 imposuit,
1133 575 1247 641 addita

29 666 228 732 contumelia
254 672 289 726 et
317 665 434 740 missis,
467 663 524 746 qui
549 681 666 749 ganam
692 683 711 724 a
733 661 876 726 Vonone
904 663 1057 729 relictam
1082 663 1119 722 in
1146 659 1247 742 Syria

29 748 209 832 Ciliciaque
237 755 459 830 reposcerent.
511 744 619 808 Simul
646 754 778 807 veteres
810 746 988 807 Persarum
1004 742 1246 810 aclllacedo-

29 853 108 894 num
128 833 300 908 terminos,
322 849 422 911 seque
443 831 637 890 invasurum
658 847 809 912 possessa
831 827 921 908 Cyro
949 839 984 890 et
1010 835 1087 906 post
1106 828 1245 888 Alexan-

29 915 101 993 dro,
124 935 186 998 per
213 913 493 996 vaniloquentiam
521 931 560 974 ao
581 911 688 975 minas
719 912 869 974 iaciebat.
912 909 976 972 Sed
1009 909 1143 972 Parthie
1170 913 1246 972 mit

29 997 120 1060 tendi
143 1007 288 1060 secretos
310 997 445 1058 nuntios
467 995 694 1058 validissimas
716 1001 834 1056 auctor
855 995 920 1056 luit
932 993 1100 1074 Sinnaces,
1121 995 1247 1082 insigni

29 1081 153 1144 familia
174 1101 212 1142 ao
233 1079 371 1164 perinde
398 1079 527 1162 opibus,
559 1087 594 1142 et
621 1078 793 1160 proximus
821 1077 900 1138 huic
922 1075 1048 1150 Abdus,
1075 1075 1248 1162 ademptae

29 1166 208 1226 virilitatis.
252 1163 328 1226 Nou
359 1161 548 1243 despectum
576 1159 612 1224 id
637 1157 725 1242 apud
754 1159 915 1224 barbaros
946 1159 1104 1242 ultroque
1132 1168 1248 1242 poten-
1348 1225 1353 1234 ,

29 1252 107 1310 liam
130 1247 237 1309 habet.
278 1247 319 1323 Ii,
340 1247 451 1308 aaoitis
472 1253 506 1306 et
526 1246 600 1308 aliis
621 1243 838 1328 primoribus,
861 1243 938 1326 quia
951 1245 1119 1308 neminem
1182 1245 1248 1306 ntis

29 1330 263 1392 arsacidarum
285 1347 431 1390 summae
452 1331 503 1389 rei
525 1331 696 1410 imponere
717 1334 884 1409 poterant,
906 1328 1094 1389 interiectis
1122 1345 1141 1386 a
1186 1325 1248 1387 Ar-

29 1416 148 1476 labano
170 1413 337 1496 plerisque
359 1421 417 1474 aut
448 1411 594 1474 nondum
627 1410 767 1488 adultis,
807 1409 970 1472 Phraaten
1006 1407 1247 1496 regie-Phraa-

29 1501 68 1558 tis
97 1497 201 1560 filium
224 1495 328 1556 Roma
353 1495 546 1580 poscebant:
573 1493 708 1556 Nomine
730 1505 849 1554 tantam
880 1501 911 1553 el
933 1501 1065 1553 auctore
1092 1509 1183 1572 opat,
1210 1501 1249 1554 at

29 1591 140 1658 aporire
163 1578 325 1655 Coclearia,
357 1587 393 1654 al
413 1594 517 1659 genas
537 1573 676 1656 Arsacia·
695 1575 795 1653 ripam
822 1575 909 1656 apud
927 1573 1112 1656 Euphratis
1142 1594 1247 1638 cerne-

29 1671 125 1724 retur.

99 1763 123 1812 l.
145 1757 176 1814 0.
197 1755 300 1820 Cestio,
320 1775 347 1812 v.
367 1755 404 1810 ad
422 1775 445 1813 o.
467 1759 540 1812 7.-ιι.
560 1757 586 1814 2.
608 1753 640 1796 -’-
666 1757 711 1811 M.
730 1757 851 1813 Servilio
877 1757 1021 1826 Noniano,
1049 1760 1100 1846 qai
1123 1755 1246 1813 bistoni-

29 1847 77 1881 oue
102 1829 161 1900 fuit
188 1837 217 1882 et
241 1835 348 1894 orator.
376 1844 406 1881 r.
427 1832 470 1897 la,
488 1832 533 1884 lo.
561 1825 592 1881 0.
611 1831 655 1884 23.
681 1829 755 1885 ΡΙίιι.
821 1832 874 1896 ,1,
894 1831 938 1894 13,
957 1833 984 1886 d.
1004 1829 1134 1898 Quintil.
1156 1835 1198 1898 le,
1220 1837 1246 1900 l,

29 1903 87 1955 [62.
109 1898 187 1955 Suet.
209 1899 240 1952 in
258 1899 320 1953 vita
338 1901 438 1954 Persii.
466 1899 647 1968 „Nonianus
662 1909 783 1954 vocatur
823 1899 878 1952 lin.
899 1903 945 1966 ³7,
962 1906 989 1958 6.
1009 1903 1061 1972 qui
1080 1921 1164 1956 eruin
1177 1903 1247 1956 eius

29 1972 99 2023 lacit
117 1971 246 2024 Nonium
264 1970 432 2024 senatorem
451 1979 575 2042 propter
593 1971 707 2040 opalem
735 1985 881 2048 gemmam
909 1973 944 2026 ab
962 1972 1090 2028 Antonio
1117 1975 1248 2046 proscri-

29 2050 119 2110 ptum.
156 2042 280 2096 Videtur
304 2041 454 2112 adoptatus
479 2043 551 2097 alli.
576 2039 704 2095 Servilio
731 2058 788 2099 cos.
808 2059 831 2094 a.
851 2041 887 2097 U.
912 2046 974 2098 766.
998 2048 1033 2097 ut
1054 2051 1140 2118 putat>
1163 2045 1246 2122 Pigb.

29 2113 166 2166 Ueterum
190 2111 238 2168 his
262 2129 333 2166 coss.
358 2129 384 2166 a.
404 2113 431 2164 d.
450 2115 483 2168 V.
509 2112 572 2166 Xal.
595 2110 664 2182 Apr.
690 2113 777 2166 lunas
805 2113 887 2166 corvi
915 2114 1077 2170 celebribus
1102 2118 1248 2186 exsequiis

29 2185 132 2237 domae
151 2184 271 2240 ductum
309 2183 388 2237 rodit
406 2183 480 2236 Plin.
500 2189 544 2250 la,
563 2187 606 2239 43.
627 2217 660 2226 -
679 2185 783 2237 nobiles
801 2183 901 2238 Paridi
919 2193 973 2240 cet.
999 2189 1038 2240 cf.
1057 2185 1114 2239 Dio
1132 2189 1177 2254 58,
1203 2189 1246 2244 26.

29 2273 93 2321 ege
110 2257 253 2309 Artabano
272 2201 311 2311 ld.
330 2273 360 2307 v.
380 2256 415 2308 ad
433 2258 459 2322 2,
479 2259 505 2322 1,
523 2259 550 2313 2.
572 2287 605 2296 -
622 2261 690 2307 raetis
714 2256 876 2320 Germanici,
902 2259 942 2310 cf.
961 2261 989 2324 2,
1008 2261 1051 2314 66.
1072 2259 1115 2314 58.
1142 2289 1174 2301 -
1199 2275 1247 2310 ae·

29 2327 144 2394 qua-bilia
160 2327 190 2380 in
207 2343 278 2393 suos,
297 2327 335 2382 id.
355 2327 402 2397 qd.
423 2328 554 2396 aequalis,
581 2325 700 2380 et-hinc
718 2345 835 2413 aequus,
863 2329 966 2392 iustus,
991 2337 1024 2381 ut
1042 2345 1086 2452 αἱ,
1106 2327 1166 2386 Cic.
1196 2329 1246 2384 off.

29 2404 48 2459 l,
71 2404 115 2454 11.
135 2401 288 2467 aequabilia
303 2399 425 2465 praedae
441 2400 567 2466 partilio,
587 2397 692 2452 deinde
709 2399 818 2462 civilis,
838 2400 929 2465 mitis,
949 2400 1039 2466 lenisq
1085 2415 1124 2452 ra.
1150 2401 1194 2457 Cf.
1210 2401 1245 2456 ei.

29 2471 106 2526 ilar.
136 2471 196 2527 Cic,
230 2503 263 2513 -
291 2469 380 2537 fretae
406 2471 494 2531 bellis,
518 2485 585 2538 miae
611 2477 778 2533 exercuerat,
803 2487 832 2522 v.
852 2470 888 2523 ad
908 2475 950 2538 ll,
970 2474 997 2537 7,
1019 2476 1044 2527 1.
1074 2480 1248 2526 caeci-evera!

29 2540 82 2596 as.
110 2567 138 2579 -
158 2548 314 2594 renectutem
335 2541 451 2606 Tiberii,
470 2561 499 2594 v.
520 2541 554 2595 ad
574 2547 599 2606 l,
618 2544 645 2606 4,
664 2545 691 2597 2.
712 2550 742 2594 et
760 2545 787 2606 2,
808 2544 851 2606 13,
870 2545 895 2598 2.
917 2573 949 2585 -
969 2549 998 2594 al
1016 2543 1148 2610 inermem,
1175 2543 1248 2598 liba·

29 2613 65 2665 is
86 2621 250 2678 carentem
270 2611 392 2668 Freinsd.
420 2621 449 2668 et
466 2614 532 2667 Ern.
572 2614 665 2665 Immo
691 2622 838 2666 carentem
862 2613 935 2668 duce
956 2615 1053 2685 perito
1079 2623 1145 2686 post
1168 2631 1248 2669 mor·

29 2701 85 2737 :em
105 2685 282 2737 Gennanici.
303 2683 347 2737 Oi.
367 2684 402 2738 ad
422 2689 447 2752 l,
466 2689 492 2750 3,
512 2687 535 2741 2.
574 2683 702 2738 Senectus
719 2701 790 2737 vero
810 2683 875 2739 iare
895 2701 946 2738 suo
964 2685 1073 2740 inermia
1097 2686 1157 2740 dici
1182 2693 1248 2758 pot-

29 2763 77 2818 est,
98 2757 282 2826 potissimum
302 2773 390 2826 quum
410 2771 504 2810 senno
524 2765 567 2810 est
584 2755 708 2810 debello
727 2756 872 2832 gerendo,
893 2757 999 2810 Waltls.
1020 2759 1108 2811 -cni
1123 2760 1248 2824 defuncto

29 2843 92 2892 *ege
117 2825 239 2879 Artoria
258 2825 312 2880 lll.
333 2827 462 2880 Arsacem
493 2827 637 2880 liberorum
660 2843 764 2880 sacram
790 2829 964 2893 veterrimum,
990 2837 1060 2882 natu
1078 2832 1247 2896 maximum,

29 2899 159 2966 mposait,
179 2901 216 2954 cf.
237 2899 272 2952 ad
289 2901 316 2964 2,
337 2904 362 2965 l,
380 2902 406 2955 2.
428 2907 456 2953 et
474 2903 500 2966 a,
520 2901 563 2955 56.
583 2901 629 2956 64.
647 2898 781 2965 imposuit,
799 2908 832 2951 ut
849 2899 936 2970 paulo
961 2908 1028 2954 ante
1052 2902 1169 2970 mapsa.
1200 2901 1246 2954 Gi.

29 2971 54 3023 ιιΙ
77 2975 106 3034 l,
125 2973 170 3035 63,
190 2973 215 3025 2.
234 2970 396 3036 inpoeaeral
415 2973 523 3024 frustra
542 2971 618 3023 ooni.
637 2967 711 3022 Ern.
739 3001 770 3011 -
796 2971 895 3023 addito
922 2973 1097 3024 contumelia:
1130 2991 1195 3042 „se
1217 2975 1248 3026 ia

29 3041 187 3094 l'iberium.
226 3043 364 3093 Artabani
383 3043 519 3096 Incerulae
537 3049 578 3094 est
595 3041 685 3094 lileria
713 3041 868 3109 parricidia
892 3047 918 3093 et
943 3043 1039 3094 caedes
1058 3051 1086 3097 et
1108 3044 1248 3108 ignaviam

31 3119 44 3163 r
65 3113 204 3164 zamrim
222 3111 379 3165 obiicienlis
393 3115 580 3180 merearisque,
599 3119 629 3166 at
647 3113 802 3165 colanias-ia
819 3119 900 3165 morte
920 3113 1033 3166 mammo
1051 3114 1246 3184 iaaliaainoqne

31 3184 119 3235 iriam
147 3183 210 3235 odio
234 3199 309 3252 qaam
334 3183 442 3249 prinam
465 3183 640 3248 satisfaceret
667 3181 892 3240 saeculnm.
919 3217 952 3227 -
981 3199 1079 3249 gazam
1098 3204 1115 3239 a
1138 3187 1248 3241 Vonone

30 3247 159 3318 eliciam,
178 3255 206 3306 in
224 3255 311 3324 Syria
330 3255 490 3322 Ciliciaque,
510 3257 548 3307 ci.
566 3259 594 3322 2,
615 3259 704 3310 1-4.
724 3259 751 3319 2,
770 3257 815 3310 bb·
834 3259 880 3311 68.
905 3258 949 3311 ot.
976 3289 1009 3298 -
1035 3257 1123 3310 Simul
1145 3266 1248 3311 veteres

29 3328 170 3378 ’erearum
188 3341 221 3378 ae
239 3327 417 3381 Macedonum
436 3327 561 3378 immines
580 3343 619 3380 sc.
639 3327 766 3378 iaciebat.
787 3325 864 3394 „Sic
881 3328 954 3381 bene
973 3327 1062 3381 liack.
1083 3337 1112 3383 et
1129 3331 1245 3388 llerrm.

29 3401 98 3450 lum
118 3415 215 3468 praec.
235 3403 404 3465 reposcerent
421 3395 493 3451 baec
512 3398 694 3473 coniungunt
712 3397 837 3453 Stramb.
865 3406 895 3452 et
921 3397 1017 3453 llickl.
1041 3415 1098 3470 quo
1126 3403 1247 3456 nimiam

29 3467 134 3522 'artho
153 3469 300 3523 audaciam
318 3469 483 3522 tribuunt.“
503 3467 607 3522 Walli.
644 3469 812 3522 Provincias
831 3483 940 3536 omnes,
966 3487 1035 3542 quas
1054 3471 1126 3527 olim
1145 3475 1247 3528 Persae

30 3559 49 3593 c
72 3540 257 3606 Macedones,
277 3541 365 3610 Cyrus
383 3549 412 3595 et
430 3539 597 3603 Aleamder,
620 3541 815 3610 possederant,
843 3542 884 3595 ita
907 3551 942 3595 ut
965 3542 1088 3598 Romani
1113 3545 1246 3598 omnibus

29 3613 185 3684 ilyricum
214 3613 294 3667 inter
319 3619 348 3666 et
372 3612 540 3666 Parthicum
563 3613 720 3682 imperium
747 3613 910 3683 provinciis
935 3614 1088 3680 oederent;
1115 3616 1192 3670 Brol.
1214 3646 1246 3658 —-

30 3697 149 3736 oeseera
174 3683 258 3753 cyro,
286 3685 322 3736 ci.
349 3683 410 3740 lnd.
431 3683 483 3740 ΠΙ.
512 3701 538 3739 r.
566 3683 683 3737 Datiano
714 3683 887 3737 eaiiecliina.
928 3719 959 3728 -
996 3685 1125 3753 iaciebat,
1158 3705 1185 3744 v.
1211 3687 1246 3741 ad

33 3763 46 3812 1
87 3758 117 3817 9,
137 3756 163 3809 2.

52 3794 62 3822 ’
95 3827 122 3880 ι.
142 3825 249 3894 insigni
273 3825 381 3890 ramam
408 3843 441 3879 ac
465 3828 580 3894 pernae
603 3827 707 3895 ῳιιιι,
735 3847 763 3880 v.
792 3827 827 3880 ..ι
845 3831 872 3894 a,
892 3828 937 3893 ιι,
957 3833 981 3883 ι.
1009 3839 1037 3884 a
1057 3831 1120 3887 rna.
1141 3831 1193 3883 ιιι.
1217 3849 1245 3884 v.

29 3897 153 3952 lblnlioi
181 3896 336 3966 qualitatis.
370 3899 454 3952 Pater
477 3897 611 3953 Sinnecis
637 3899 806 3976 Abdageaes.
842 3918 868 3951 ι.
896 3915 958 3968 cap.
983 3904 1029 3958 36.
1058 3901 1182 3969 perinde,
1215 3919 1244 3955 r.

29 3971 86 4024 ud.
110 3967 150 4020 11.
188 3999 220 4010 -
236 3967 350 4034 Ἀόᾰιιι,
382 3969 462 4025 hebr.
487 3978 560 4043 ny,
588 3987 706 4035 servus,
731 3971 808 4025 Bral.
851 3971 946 4023 Abdaa
972 3972 1109 4039 ademptae
1126 3973 1245 4027 roiriis'la-

29 4047 66 4106 ἵε,
92 4039 190 4108 spado.
212 4039 256 4096 Cf.
276 4041 311 4092 ad
329 4043 356 4104 ³,
374 4043 419 4106 62,
440 4045 463 4096 l.
491 4049 520 4094 et
539 4045 565 4107 6,
590 4043 617 4105 5,
645 4047 683 4100 l..
705 4073 736 4084 -
766 4042 828 4094 Noa
852 4043 1001 4108 despectam
1029 4044 1061 4096 id
1081 4046 1156 4112 apud
1183 4045 1246 4098 dar-

29 4125 118 4172 aroe,
149 4107 203 4175 (ci.
230 4111 265 4165 ad
292 4112 326 4164 G.
350 4113 390 4167 18.
423 4129 449 4164 n.
477 4109 521 4178 2.)
551 4143 582 4154 -
610 4113 732 4178 allroqae
754 4114 898 4180 potentiam
920 4111 1008 4168 babel.
1037 4134 1066 4168 v.
1091 4115 1127 4168 ad
1149 4119 1176 4181 3,
1200 4119 1245 4182 36,

29 4227 37 4240 .
72 4188 109 4236 et
132 4183 160 4248 6,
192 4187 237 4248 36,
266 4183 308 4241 l.“
344 4183 377 4235 ld
402 4199 437 4235 ex
465 4183 601 4235 instituto
627 4183 713 4254 Gyri,
744 4186 796 4254 qui
825 4185 983 4240 custodiam
1015 4203 1172 4258 curamque
1201 4189 1244 4242 sui

29 4257 159 4329 uaporis
188 4255 257 4308 solis
287 4253 431 4309 commisit
463 4251 604 4308 eunuchis
633 4261 663 4308 et
686 4256 819 4308 intimam
845 4257 939 4310 arsiam
965 4275 1000 4310 ex
1026 4256 1082 4309 hoc
1106 4259 1245 4318 semiviro

29 4345 134 4386 enere
154 4327 307 4382 constituit
325 4329 407 4398 qnasi
426 4326 577 4381 lldiesimo.
608 4345 634 4379 v.
654 4325 781 4396 Xenoph.
802 4325 909 4398 Cyrop.
929 4331 955 4394 7,
981 4333 1008 4386 5.
1046 4328 1146 4400 ltaque
1164 4327 1245 4385 dein.
