2828 4794
133 215 177 284 ιι
544 178 789 286 ιιιιιιιιιιιι
813 220 895 286 nra.
917 183 943 285 ι.

135 379 193 464 qul
214 381 442 464 semisomnos,
473 384 621 448 inermos
646 393 705 450 aut
736 387 878 470 palantis
909 383 1111 450 ceciderant.
1154 385 1285 449 Excivit
1317 405 1356 448 ea

135 463 252 538 caedes
278 466 469 546 Bructeros,
492 465 677 548 Tubantes,
696 468 862 554 Usipetes,
883 471 1059 554 saltusque,
1081 489 1143 554 per
1161 487 1242 554 quos
1260 489 1356 530 erer-

136 549 221 610 citui
232 569 415 636 regressus,
433 549 595 614 insedere.
631 551 728 618 Quod
747 573 888 640 gnarum
905 551 1001 629 duci3
1022 553 1221 636 incussitque
1238 554 1356 614 itineri

76 653 79 666 ·
136 639 170 694 et
201 633 344 716 proelio.
386 631 468 696 Pars
500 636 648 716 equitum
687 644 722 699 et
752 637 948 698 auxiliariae
980 635 1135 700 cohortes
1168 635 1355 700 ducebant:

136 733 213 778 mox
235 718 344 797 prima
366 716 452 802 legio
475 725 510 780 et
541 716 659 780 mediis
687 717 933 801 impedimentis
961 721 1138 782 sinistrum
1158 719 1247 784 latus
1274 740 1358 782 une-

136 799 377 877 etviceaimani,
406 797 561 864 dextrum
581 802 735 882 quintani
762 803 930 866 clauseras
957 804 1118 866 vicesima
1144 803 1234 887 legio
1260 810 1358 888 terga

135 879 305 944 firmavit:
326 889 403 964 post
423 884 528 945 ceteri
555 886 735 949 sociorum.
777 883 843 948 Sed
863 885 999 958 homes.
1016 884 1122 948 donec
1150 905 1267 974 agmen
1296 905 1360 966 per

135 963 239 1027 saltus
259 967 505 1054 porrigeretur,
518 968 680 1029 immotis
700 966 777 1029 dein
799 969 905 1031 latera
934 977 968 1032 et
987 971 1132 1030 frontem
1154 967 1283 1029 modice
1306 987 1358 1028 ae-

108 1085 112 1094 ·
136 1047 299 1110 saltantes
319 1055 390 1110 tota
417 1050 452 1110 vi
482 1052 678 1112 novissimos
707 1053 902 1114 incurrere:
931 1052 1152 1114 turbabantur
1175 1071 1216 1113 ue
1245 1049 1359 1114 densis

136 1129 380 1194 Germanorum
403 1133 546 1194 catervis
570 1133 658 1196 leves
679 1133 847 1214 cohortes,
870 1155 970 1218 quum
993 1131 1115 1197 Caesar
1136 1073 1293 1198 advectus
1317 1132 1361 1196 ad

136 1214 355 1278 vicesimanos
383 1235 467 1278 voce
488 1236 617 1302 magna,
645 1215 707 1280 boc
726 1217 811 1288 illud
839 1226 957 1298 tempus
979 1217 1200 1282 obliterandae
1226 1217 1358 1281 sedilia-

135 1299 200 1376 aia,
221 1297 427 1362 clamitabat:
445 1310 632 1380 pergerent,
650 1309 863 1382 properarent
891 1301 1013 1384 colpam
1037 1305 1073 1366 ia
1100 1303 1196 1364 decas
1224 1310 1358 1364 vertere.

135 1381 299 1444 Exarsere
324 1382 444 1444 animis
470 1403 602 1466 unoque
623 1385 752 1466 impetu
772 1393 971 1468 perruptam
992 1385 1121 1448 boetem
1143 1381 1303 1470 redigunt
1322 1387 1360 1445 in

136 1469 260 1546 aperta
279 1463 503 1548 caeduntques
539 1467 641 1529 simul
663 1469 767 1550 primi
787 1467 929 1570 agminis
951 1469 1067 1552 copiae
1093 1485 1230 1531 evasere
1257 1469 1360 1529 sileas

135 1555 308 1632 castraque
330 1549 589 1612 communiverc.
632 1549 789 1615 Quietum
811 1549 889 1614 ande
916 1551 994 1631 iter,
1022 1549 1189 1635 fidensque
1216 1553 1361 1612 recenti-

136 1627 198 1694 bus
218 1649 256 1692 ac
277 1631 432 1714 priorum
454 1631 577 1696 oblitus
599 1633 694 1696 miles
715 1635 752 1696 in
772 1635 923 1698 bibernis
945 1636 1086 1698 locatur.

206 1735 232 1790 1.
260 1730 359 1786 avidas
377 1730 501 1798 legiones
518 1749 578 1786 non
596 1743 656 1790 tam
671 1735 796 1820 pedae
871 1753 900 1790 m
918 1736 1087 1792 certaminis
1100 1745 1136 1790 ¹et
1152 1734 1259 1801 caedis,
1286 1735 1362 1788 iram

135 1799 295 1870 effundere,
318 1804 448 1858 animum
467 1803 586 1875 explere
614 1817 782 1878 cupienten
832 1806 933 1866 selsel.
958 1815 990 1861 et
1018 1807 1106 1872 Wolf.
1143 1807 1188 1861 Gi.
1212 1805 1277 1862 lud.
1305 1805 1361 1860 111.

136 1893 164 1932 v.
179 1873 320 1930 Adiectioi
332 1873 445 1928 relativi
464 1876 588 1930 absolute
601 1876 695 1944 positi.
711 1907 745 1920 —
765 1879 796 1932 is
813 1895 920 1945 masos,
936 1877 1013 1934 Gall.
1030 1895 1126 1950 corps.
1144 1877 1223 1932 ΒΜ.
1244 1876 1362 1943 „Gnnei

136 1961 196 2000 non
216 1945 302 2002 ιιιοὰο
327 1945 446 2024 vulgari
468 1964 556 2002 sensu
579 1948 728 2018 dicuntur,
748 1949 797 2014 (de
815 1966 872 2021 quo
890 1969 918 2016 r.
938 1950 974 2007 ad
992 1951 1028 2004 G.
1043 1953 1069 2008 0.
1089 1967 1118 2004 n.
1130 1946 1189 2014 13.)
1206 1948 1256 2002 sed
1272 1949 1363 2000 etiarn

136 2017 256 2072 omnino
286 2025 354 2072 siant
387 2025 520 2088 catervae
552 2019 685 2074 militum
716 2023 749 2076 iu
779 2023 890 2076 iustam
919 2021 1052 2079 ordinem
1083 2021 1228 2085 minue
1258 2017 1362 2073 Germ.

136 2087 325 2156 evoma,
343 2097 378 2144 ut
394 2088 424 2142 ι.
442 2089 463 2144 ι
482 2089 518 2142 ιι.
536 2094 565 2158 ι,
583 2095 628 2148 ιι
648 2091 731 2150 curs
749 2095 777 2159 a,
795 2090 845 2150 ι.“
863 2093 954 2150 mco.
973 2101 1005 2148 a
1025 2089 1131 2148 wass.
1146 2117 1179 2128 -
1215 2087 1362 2142 erasme

134 2174 200 2212 neas
217 2158 278 2212 illie
293 2161 433 2226 gentibus,
451 2163 565 2232 Marsis,
583 2165 714 2232 implere,
733 2179 815 2214 sacra
832 2163 916 2218 aedes
934 2168 985 2216 aut
1002 2162 1096 2226 lucas,
1113 2162 1155 2228 (v.
1174 2160 1212 2214 ed
1229 2159 1265 2212 G·
1284 2157 1312 2210 0.
1332 2173 1363 2206 ιι.

134 2229 187 2316 ld,
216 2231 358 2296 ΜΝ
375 2232 515 2318 numinis,
540 2233 590 2288 rel
607 2235 655 2285 dci
674 2232 724 2285 rel
740 2233 821 2297 dees,
844 2233 927 2284 cuius
944 2232 1056 2286 mentio
1078 2227 1113 2280 lit
1137 2241 1196 2278 non
1214 2225 1274 2302 nisi
1291 2222 1321 2277 1ι.
1342 2223 1363 2280 t

135 2301 424 2426 u
438 2295 1363 2448 cerrenussterpiniacus

136 2447 163 2510 1,
183 2445 243 2499 445.
263 2451 344 2498 recte
362 2442 522 2528 improbet;
546 2444 611 2498 lira.
630 2441 790 2497 Nonnullis
811 2441 940 2506 Tasrm
963 2456 1070 2494 namen
1097 2435 1157 2492 loci
1183 2443 1234 2490 snt
1257 2435 1365 2505 templa

136 2513 553 2582 esseridetur321i1eGerm.
573 2514 731 2600 appellatio
750 2511 809 2568 loci
828 2513 916 2637 '⁹12'
945 2511 1015 2580 qaod
1038 2511 1100 2582 ipsi
1125 2515 1155 2564 et
1177 2503 1234 2560 κατ’
1262 2501 1366 2574 ἐξοχὴν

138 2585 282 2652 Tanfanae
307 2587 450 2652 meabant,
483 2587 518 2640 ab
546 2595 630 2642 artic.
655 2592 714 2648 ten,
744 2591 820 2648 laea,
848 2589 859 2636 t
912 2600 938 2648 e,
966 2582 1045 2636 tboee
1070 2589 1101 2636 st
1123 2580 1203 2646 feste.
1230 2593 1252 2631 e·
1277 2589 1365 2642 naec,

136 2665 316 2782 stitus
330 2655 573 2784 ituro
591 2664 667 2784 ts
690 2651 1083 2782 ...31ὼὲ
1093 2646 1366 2797 arradit}

304 2766 312 2782 .
350 2771 356 2786 .
448 2769 456 2783 .
587 2765 594 2782 .
668 2769 675 2784 ,
863 2763 873 2790 ,
1168 2757 1175 2774 .

134 2800 285 2870 principio
303 2817 415 2865 rerum,
435 2746 604 2854 vel’oeri.
627 2799 687 2854 Tae
703 2798 780 2874 igni,
804 2805 835 2853 et
853 2799 914 2864 lan,
937 2796 1067 2864 damino,
1097 2793 1148 2848 rel
1173 2798 1234 2858 rae,
1259 2791 1366 2854 abiete,

137 2879 167 2926 et
184 2871 234 2936 fas
252 2888 275 2926 s.
297 2869 393 2938 falna,
418 2869 548 2937 damino,
579 2879 613 2924 ut
636 2869 731 2925 fuerit
752 2869 814 2922 luci
836 2870 916 2924 inter
940 2867 1083 2924 Amisiam
1106 2872 1138 2920 el
1159 2863 1305 2934 [suppiam
1332 2861 1367 2912 in

135 2937 325 3014 Westphelie
341 2951 492 3028 patronus,
517 2940 769 3014 (quemadmodum
792 2938 1063 3008 lepilerJagelals'e
1090 2953 1135 3008 ap.
1160 2935 1237 2990 Plin-
1256 2936 1301 2998 le,
1321 2933 1367 2988 10.

137 3033 159 3070 s.
179 3015 236 3078 15.)
255 3011 375 3068 Bertluo
400 3011 531 3073 (llertbn
553 3031 584 3085 p.
610 3016 655 3070 33.
683 3012 741 3080 40.)
765 3011 874 3066 Terrae
893 3009 1020 3078 (matria)
1039 3009 1134 3076 leons,
1164 3025 1181 3060 ι
1202 3007 1272 3068 Tae,
1299 3005 1370 3068 Tan,

139 3083 225 3152 Tios,
238 3075 331 3156 χθῶν,
349 3094 440 3152 terre,
459 3093 490 3140 at
507 3083 607 3152 Faria,
625 3085 702 3138 luco.
738 3082 942 3140 Sta-ombeckia
956 3081 987 3136 id
1025 3081 1052 3137 d.
1073 3080 1173 3135 Germ.
1193 3077 1368 3132 Teanen-

137 3157 245 3224 llein,
270 3157 348 3212 unde
366 3163 396 3214 at
420 3173 437 3214 e
458 3174 487 3228 p·
520 3157 615 3210 lim
637 3155 751 3210 dictum
772 3163 867 3227 putat.
903 3155 991 3210 Noun
1040 3153 1143 3204 'corn
1171 3149 1309 3214 Asines.
1335 3164 1368 3198 v.

135 3229 172 3286 ad
190 3229 226 3286 G.
253 3231 280 3288 3.
307 3248 337 3288 ιι.
355 3231 382 3287 2.
427 3173 606 3284 lleicbardue
633 3225 838 3294 (Germanisn
872 3235 962 3280 anter
995 3223 1055 3278 den
1079 3221 1219 3288 Rdmsrn,
1250 3217 1367 3274 Nais-nb.

137 3301 236 3366 1824.)
271 3320 299 3388 p·
323 3303 377 3360 aba
395 3332 428 3344 -
442 3301 504 3357 770.
531 3301 594 3358 307.
620 3301 684 3356 303.
731 3299 906 3368 suspicetur,
942 3295 1086 3380 templum
1117 3291 1266 3348 Tanfanae
1296 3289 1370 3344 deae

137 3373 170 3426 in
194 3373 297 3428 Marsas
331 3373 423 3428 fuisse
447 3371 480 3424 in
506 3369 628 3426 Abbatia
652 3369 822 3440 Gorbeiensl
852 3386 870 3422 a
902 3366 1052 3422 landerico
1084 3365 1135 3421 Pio
1163 3383 1190 3418 a.
1296 3377 1370 3414 con-

136 3441 204 3498 dita.
249 3441 331 3498 Alias
356 3443 539 3498 coniecturas
565 3457 739 3497 recensuere
770 3437 835 3494 leni
869 3439 902 3494 in
933 3439 1066 3496 abeam.
1100 3437 1168 3492 crit.
1193 3435 1225 3490 P.
1326 3431 1369 3516 ⁸1.

137 3515 174 3572 ll.
201 3517 239 3572 11.
272 3515 394 3570 Ernesti
426 3513 459 3568 in
491 3513 615 3568 bliscell.
648 3511 749 3582 antiq.
776 3511 877 3567 Germ.
923 3527 952 3582 p.
986 3512 1049 3568 110.
1086 3507 1220 3562 Gebeuer
1257 3511 1369 3578 sesag.

138 3587 212 3641 iuris
236 3585 335 3642 Germ.
367 3593 426 3640 ent.
451 3601 480 3656 p.
507 3586 562 3642 300
585 3599 644 3656 seq.
683 3583 863 3654 llarrepeter
894 3582 927 3634 in
957 3580 1027 3638 diss.
1061 3579 1098 3635 ds
1133 3575 1265 3632 Tantane
1290 3577 1373 3628 llar·

138 3674 240 3712 sorum
258 3657 312 3712 dea
328 3657 400 3713 Nor.
419 3657 498 3714 1762
517 3653 763 3711 lintachenreiter
786 3669 845 3715 van
863 3653 891 3710 d.
909 3649 1085 3708 bmiibmten
1102 3645 1374 3707 Teutanes-'rens-

137 3729 187 3801 pel
205 3731 233 3782 Μ
291 3727 333 3782 eb.
352 3730 433 3785 1740.Ι
450 3727 588 3805 Adalung
605 3723 713 3784 Gescls.
731 3723 759 3780 d.
778 3722 947 3780 Deutechen
964 3740 994 3794 p.
1012 3727 1073 3790 001.
1092 3723 1157 3780 001.
1184 3722 1297 3776 ldaeser
1315 3717 1373 3772 Oe·

138 3800 219 3856 nabr.
267 3797 346 3856 esch.
364 3798 397 3852 Τ.
418 3803 442 3857 l.
461 3817 490 3871 p.
512 3801 573 3857 161.
595 3797 744 3856 Wilhelm
772 3795 950 3851 Germanica
976 3813 1006 3866 p.
1025 3797 1087 3850 130.
1107 3793 1153 3849 cf.
1173 3793 1262 3846 etiem
1283 3789 1321 3871 ad
1340 3792 1373 3854 4,

137 3875 183 3940 73,
202 3874 228 3928 2·
248 3899 282 3912 -
317 3869 377 3924 eise
393 3871 503 3925 netem
520 3870 636 3924 milites:
662 3867 796 3924 E'reinah.
816 3867 893 3924 cani.
920 3866 980 3920 eise
1003 3866 1113 3919 aelam
1136 3862 1246 3926 militie,
1269 3875 1315 3928 qe·
1336 3891 1374 3902 -

137 3943 284 4000 ceciderat
321 3943 442 4010 „immo
459 3935 586 4016 ἇτρῶτως
604 3959 626 3999 s.
642 3934 760 4013 ἄτρυτοι
782 3939 943 3994 discessere
966 3955 989 3994 s.
1013 3939 1098 3992 fuere
1122 3935 1234 3988 milites
1261 3933 1374 3988 nostri.

137 4013 224 4070 Nihil
241 4015 347 4069 durnin
366 4015 425 4068 nisi
444 4013 559 4086 ellipsis
577 4011 661 4067 verbi
679 4009 865 4078 substantivi,
889 4027 946 4082 qua
970 4007 1049 4062 nihil
1066 4005 1226 4086 vulgatius.
1255 4001 1375 4072 „Wolti

139 4117 173 4132 -·
209 4089 366 4152 erucem,
387 4083 524 4172 ὕψει,
551 4101 580 4140 r.
605 4083 642 4138 ad
665 4083 702 4140 G.
726 4084 772 4140 82:
797 4099 826 4138 ιι.
844 4084 872 4138 1.
893 4089 923 4135 ct
940 4083 985 4138 33.
1005 4099 1033 4136 ιι.
1054 4083 1079 4135 1.
1104 4083 1131 4135 3.
1163 4077 1309 4138 mles,
1339 4083 1377 4127 1ὶῖ

140 4162 185 4224 13,
203 4161 250 4216 bb·
268 4159 312 4216 50.
352 4161 509 4224 Taenarias
529 4155 604 4213 Ptol.
621 4158 650 4222 7,
669 4159 712 4210 11.
753 4153 872 4208 rebem
893 4153 996 4207 Nasar.
1021 4167 1087 4222 pan.
1114 4167 1146 4202 ιιι
1170 4149 1324 4203 constant.
1349 4163 1377 4200 c.

140 4233 183 4288 13-
219 4224 382 4298 Σουράπιοι
398 4229 475 4294 (Του
502 4221 593 4290 ἠιοι)
610 4226 704 4284 auo.
724 4228 753 4290 7,
772 4229 801 4289 1,
818 4227 845 4282 4.
863 4241 893 4296 p.
912 4227 974 4282 m.
994 4223 1067 4276 socii
1086 4219 1313 4286 Cheruscorum,
1341 4218 1377 4270 in

75 4353 81 4366 ,
139 4299 260 4358 australi
279 4301 363 4373 perte
380 4300 444 4356 duc·
507 4295 630 4370 salphal.
657 4306 687 4354 st
704 4299 737 4352 in
762 4304 904 4370 septentr.
928 4295 1028 4352 comit.
1047 4295 1171 4360 Marnas,
1198 4293 1279 4346 inter
1297 4288 1380 4344 llae-
