2828 4794
577 211 821 278 ANNALIUM
842 211 927 276 LlB.
947 211 988 275 ll.

644 461 836 516 CAPUT
873 461 927 516 lV.

260 591 348 653 Tum
371 586 406 651 C.
431 589 554 651 Caesar
580 585 825 670 componendae
845 587 1022 648 Armeniae
1049 584 1222 684 deligitur.
1266 581 1296 642 ls
1315 581 1380 644 Ari·

178 677 376 737 obareanem
404 675 535 760 origine
563 669 700 732 Medum
728 673 770 732 ob
800 673 963 758 insignem
998 688 1150 752 corporis
1188 670 1324 728 formam
1354 673 1382 724 et

178 760 386 842 praeclarum
404 758 550 818 animum
570 755 760 818 volentibus
776 753 944 816 Armeniis
964 755 1133 836 praefecit.
1166 751 1382 812 Ariobarzane

72 903 77 926 ,
177 852 287 904 morte
308 841 448 902 fortuita
470 838 657 919 absumpto,
680 840 820 918 stirpem
848 840 920 899 eius
941 833 1031 900 baud
1057 837 1257 910 toleravere,
1289 840 1381 893 tenta-

136 973 148 998 .
177 936 277 1006 toque
304 924 447 986 feminae
475 923 629 1004 imperio,
661 925 717 982 cui
746 940 865 982 nomen
887 921 1000 996 Erato,
1033 939 1138 1000 eaque
1165 919 1263 980 brevi
1291 916 1382 997 pulsa,

177 1009 299 1070 incerti
321 1005 487 1087 solutique
517 1013 551 1066 et
572 1005 678 1090 magis
701 1004 771 1064 sine
801 1001 936 1065 domino
957 1022 1053 1084 quam
1075 1003 1109 1062 in
1138 1002 1292 1062 libertate
1318 1017 1383 1082 pro-

178 1093 293 1178 lngum
315 1089 480 1150 Vononen
502 1089 537 1148 in
560 1107 699 1186 reguum
722 1089 902 1168 accipiunt.
948 1084 1012 1146 Sed
1041 1085 1099 1146 ubi
1126 1086 1278 1145 minitari
1299 1083 1383 1142 Arta-

177 1174 332 1236 bannset
343 1191 462 1254 parum
475 1169 617 1232 subsidii
629 1173 664 1230 in
674 1169 843 1231 Armeniis
853 1169 920 1246 vel,
932 1169 961 1232 si
975 1176 1089 1228 nostra
1103 1169 1138 1228 vi
1149 1165 1382 1238 defenderetur,

177 1257 304 1320 bellum
325 1253 485 1316 adversus
507 1253 648 1315 Parthos
676 1251 873 1314 sumendum
901 1259 992 1328 erat,
1026 1259 1140 1314 rector
1171 1250 1290 1330 Syriae
1317 1247 1386 1308 ene

177 1341 265 1402 tiens
287 1337 419 1399 Silanus
441 1337 585 1398 excitum
614 1334 765 1398 custodia
787 1333 983 1412 circumdat,
1013 1343 1166 1396 manente
1188 1335 1272 1395 luxu
1292 1339 1323 1392 et
1341 1349 1380 1390 re·

146 1431 152 1456 ¹
179 1426 235 1522 gio
258 1423 401 1484 nomine.
445 1417 541 1482 Quod
570 1418 759 1482 ludibrium
785 1427 824 1482 ut
852 1421 999 1506 effugere
1027 1419 1210 1504 agitaverit
1230 1415 1383 1488 Vonones,

180 1526 215 1566 un
237 1505 311 1566 loco
333 1499 521 1566 reddemus.
1084 1500 1087 1506 '

250 1647 277 1698 l.
297 1642 329 1695 (l.
341 1641 449 1696 caesar
467 1637 615 1713 Agrippae
624 1639 646 1690 i.
667 1637 808 1706 deligitur
827 1655 852 1690 a.
863 1637 899 1690 U.
912 1639 972 1692 tet.
993 1637 1051 1690 sed.
1071 1655 1097 1689 a.
1117 1639 1179 1692 tte.
1202 1638 1234 1690 in
1252 1636 1341 1690 reditu
1357 1651 1385 1686 ex

181 1713 233 1766 illa
244 1711 398 1784 provincia
408 1717 557 1775 mortuum
581 1709 677 1765 Wolf.
693 1712 737 1765 of.
746 1715 778 1832 g,
792 1713 818 1764 3.
832 1712 860 1774 Ἰ,
876 1712 920 1764 ll.
934 1712 962 1772 3,
976 1711 1021 1764 48.
1035 1709 1077 1766 56.
1089 1709 1201 1774 Velm,
1215 1711 1258 1766 99.
1272 1711 1325 1764 101.
1335 1707 1384 1761 ttl.

180 1783 384 1854 componendae
401 1781 556 1834 Armeniae
574 1780 727 1849 deligitur,
774 1779 861 1832 .ln‹l.
872 1779 924 1832 111.
943 1781 1066 1833 Datioue
1084 1799 1131 1836 nr.
1143 1785 1167 1836 l.
1187 1779 1384 1849 componendae,

181 1855 366 1920 ordinandae,
386 1855 452 1908 dato
471 1869 556 1930 rege,
576 1851 645 1908 Ern.
667 1852 711 1907 Cf.
723 1857 751 1918 4,
773 1857 798 1906 l.
818 1855 863 1918 12,
882 1856 927 1908 4⁰.
946 1851 982 1907 H.
1001 1855 1029 1918 3,
1048 1853 1094 1907 ⁵3.
1113 1856 1141 1917 l,
1161 1855 1186 1906 3.
1210 1854 1242 1906 0.
1261 1856 1303 1908 36.
1320 1869 1346 1902 n.
1363 1854 1383 1902 l.

181 1955 210 1968 -
228 1927 261 1980 ob
281 1925 573 1994 insigneennospore'o
590 1927 721 1991 (omnam,
740 1941 848 1993 „quam
866 1921 1034 1994 Aethiopes,
1052 1923 1127 1977 Medi
1145 1923 1258 1994 aliique
1275 1919 1385 1976 Orientis

202 1998 284 2069 opnli
303 1999 335 2051 in
359 1997 476 2073 regibus
505 1996 542 2049 el'
567 1996 648 2050 endis
678 1995 760 2068 sequi
788 1995 928 2048 solebant.
951 2013 980 2048 r.
999 1994 1123 2049 Aristot.
1148 1997 1238 2065 polit.
1258 1995 1279 2050 1.
1304 2003 1330 2046 et
1346 1993 1384 2044 ll.

181 2015 299 2125 [noret.
317 2070 351 2120 V.
372 2077 401 2122 et
419 2067 486 2121 Stra
506 2014 635 2122 .“¹Vliur.
674 2098 707 2108 -
744 2067 902 2122 uolentibus
919 2065 1077 2132 Annent‘t's,
1102 2085 1129 2118 v.
1149 2068 1185 2120 ad
1205 2072 1232 2134 1,
1251 2069 1295 2132 59,
1319 2069 1342 2120 1.
1359 2093 1384 2104 -

182 2141 280 2207 soluti,
299 2158 329 2193 v.
350 2139 429 2206 adl,
448 2141 494 2204 5⁰,
513 2141 540 2194 3.
561 2171 594 2182 -
613 2137 709 2206 neagie
727 2137 790 2190 eine
807 2139 932 2204 domino,
952 2153 1035 2207 quam
1052 2137 1084 2190 e'n
1102 2137 1252 2204 libertate,
1280 2153 1339 2188 nam
1356 2133 1386 2185 li·

181 2213 277 2266 bertus
297 2209 410 2287 legibus
430 2218 459 2264 et
476 2207 693 2285 magistratibus
714 2209 774 2282 suis
792 2217 903 2262 constat
923 2217 952 2262 et
971 2208 1090 2279 imperii
1109 2219 1187 2262 certa
1199 2213 1303 2273 forma,
1321 2207 1386 2258 ideo·

183 2300 240 2410 δυο
259 2283 322 2336 sino
339 2281 458 2336 domino
478 2299 539 2338 esse
556 2288 689 2351 possunt,
716 2297 769 2333 neo
791 2289 887 2334 temen
906 2279 992 2333 liberi
1017 2281 1138 2350 proprie
1163 2281 1294 2344 dicendi;
1319 2277 1384 2344 lips.

211 2353 367 2408 allofranci
385 2369 480 2424 nuper
498 2351 665 2422 exemplum
684 2351 843 2418 dederunt;
867 2351 953 2418 Wolf.
975 2383 1007 2393 --
1031 2351 1172 2417 Vononen,
1191 2359 1226 2404 ut
1245 2367 1270 2404 o.
1286 2353 1321 2414 2,
1338 2345 1385 2400 tls.

185 2434 215 2481 et
234 2443 270 2479 ex
288 2442 321 2481 eo
340 2425 364 2480 1.
384 2425 477 2477 Goon.
496 2439 551 2494 pro
573 2423 724 2478 Vononem.
746 2423 794 2476 Cf.
813 2423 877 2477 lnd.
897 2423 950 2477 111.
979 2441 1007 2476 v.
1028 2421 1256 2492 Ortlograpbs’a.

254 2499 280 2552 Ἰ.
300 2495 357 2551 Sed
374 2489 423 2547 ubi
440 2494 575 2548 minitari
592 2495 767 2560 Artabanus,
785 2511 814 2545 r.
834 2494 871 2547 ad
889 2512 913 2550 c.
932 2497 976 2550 40.
1015 2495 1093 2560 „llic
1120 2495 1244 2549 Orodem
1272 2512 1292 2550 s.
1311 2492 1387 2546 llere·

184 2569 251 2622 dem
269 2567 365 2620 lilium
385 2584 469 2620 suum
488 2583 589 2640 regem
617 2566 654 2618 iis
673 2565 759 2618 dedit.
785 2563 925 2636 losepbus
943 2566 978 2618 A.
999 2567 1021 2618 l.
1045 2568 1087 2632 te,
1107 2570 1134 2622 4.
1169 2565 1246 2620 hano
1270 2583 1328 2618 rem
1350 2564 1387 2614 fu·

186 2641 246 2692 sius
265 2637 444 2707 exsequitur,
464 2637 514 2690 aed
531 2635 650 2706 paulum
669 2654 685 2688 a
703 2635 805 2689 Tacito
824 2636 991 2690 diversus.“
1009 2636 1088 2705 Lipe.
1119 2671 1151 2680 -
1174 2644 1275 2690 nostra
1297 2637 1335 2688 ui:
1362 2633 1387 2684 in

185 2708 244 2763 MS.
264 2725 315 2762 noe
334 2707 390 2760 aue'.
413 2737 444 2750 ·-
458 2707 657 2772 defenderetur
676 2724 716 2758 so.
736 2709 877 2760 Vonones.
899 2735 926 2746 ·-
943 2709 1045 2761 bellum
1057 2723 1085 2762 a.
1100 2707 1131 2761 P.
1151 2710 1312 2762 sumendum
1328 2710 1387 2767 nat,

185 2795 214 2833 e.
234 2779 270 2834 ad
287 2783 314 2842 2,
332 2782 380 2846 45,
401 2781 424 2834 l.
446 2810 478 2820 -
498 2778 529 2830 e'u
548 2777 607 2830 loco
626 2793 677 2830 sno
696 2779 861 2830 reddemus:
886 2779 1014 2833 reddidit
1030 2784 1124 2846 effi,
1150 2778 1231 2848 Le'pe.
1268 2779 1386 2834 Reddere.

187 2851 314 2916 tradere,
333 2866 463 2914 narrare,
482 2855 517 2900 ut
534 2849 570 2904 ll.
590 2851 618 2915 4,
636 2849 683 2914 67,
701 2853 726 2904 3.
764 2849 807 2902 De
827 2850 940 2902 Cretico
958 2851 1059 2903 Silano
1079 2871 1105 2907 v.
1125 2853 1160 2904 ad
1177 2855 1205 2916 2,
1226 2855 1271 2906 43.
1295 2851 1326 2904 de
1346 2847 1388 2902 t'o

188 2937 259 2976 none
276 2922 315 2976 ll.
345 2919 408 2975 tut.
428 2919 466 2974 ll.
499 2919 594 2974 et'ed
619 2936 644 2972 c.
667 2923 692 2974 1.
721 2939 749 2976 n.
770 2925 794 2976 1.
832 2920 866 2974 de
897 2921 1042 2992 scriptura
1070 2924 1198 2976 nominis
1226 2923 1336 2976 Silanus
1362 2916 1389 2970 ad

35 2956 339 3062 ⁸*suaa-

665 3154 858 3208 CAPUT
902 3157 934 3206 V.

274 3277 432 3343 Ceterum
453 3277 593 3341 Tiberio
615 3278 704 3342 haud
721 3282 889 3366 ingratum
908 3279 1040 3360 accidit,
1062 3285 1194 3346 turbari
1216 3304 1270 3348 res
1288 3283 1390 3344 Orien-

191 3365 248 3442 tis,
284 3371 325 3423 ut
363 3382 402 3424 ea
424 3364 542 3445 specie
576 3360 812 3434 Germanicum
844 3365 947 3426 suetis
981 3365 1167 3451 legionibus
1201 3366 1392 3430 abstraheret

192 3445 354 3528 novisque
375 3445 558 3527 prouinciis
579 3445 773 3528 impositum
794 3444 871 3509 dolo
893 3449 991 3508 simul
1013 3457 1046 3510 et
1066 3452 1195 3512 casibus
1216 3451 1389 3512 obiectaret.

193 3529 238 3590 At
258 3519 326 3607 ille,
348 3535 471 3610 quanto
493 3527 625 3590 nemora
646 3529 682 3589 in
702 3549 779 3592 eum
800 3529 912 3591 studia
933 3533 1077 3592 militum
1106 3543 1140 3594 et
1160 3553 1276 3596 aversa
1297 3528 1392 3614 patrui

193 3611 360 3690 noluntas,
391 3609 584 3674 celerandae
616 3611 781 3674 victoriae
813 3613 989 3692 intentior,
1025 3623 1171 3691 tractare
1202 3617 1392 3700 proeliorum

194 3695 266 3756 rias
300 3702 335 3756 et
365 3713 447 3776 quae
477 3694 541 3756 sibi
568 3696 707 3756 tertium
738 3697 804 3756 iam
836 3715 958 3758 annum
990 3696 1199 3786 belligeranti
1231 3719 1325 3762 saeva
1350 3693 1393 3756 vel

195 3794 357 3861 prospera
379 3777 583 3840 evenissent:
606 3775 701 3839 fundi
719 3775 902 3840 Germanos
923 3782 994 3842 aoie
1009 3789 1044 3843 et
1059 3783 1157 3843 iustis
1176 3784 1276 3845 locis:
1297 3777 1393 3843 iuvari

196 3861 301 3937 silvis,
323 3859 509 3942 paludibus,
532 3860 627 3923 brevi
647 3869 772 3923 aestate
793 3869 828 3924 et
849 3871 1064 3942 praematura
1088 3865 1215 3938 hieme:
1236 3883 1329 3926 suum
1345 3859 1394 3922 mi·

196 3945 291 4006 litem
311 3942 400 4005 haud
427 3941 567 4026 perinde
593 3943 789 4006 uulneribus
818 3963 915 4028 quam
942 3948 1058 4029 spatiis
1086 3951 1258 4027 itinerum,
1289 3945 1393 4008 damno

198 4045 369 4090 armorum
407 4027 514 4088 affici:
552 4029 653 4088 fessas
692 4025 816 4089 Gallias
854 4029 1083 4092 ministrandis
1123 4033 1233 4116 equisz
1273 4031 1393 4128 longum

198 4107 512 4210 impedimentorum
533 4127 651 4194 agmen
671 4119 897 4192 opportunum
924 4109 966 4174 ad
993 4113 1139 4192 insidias,
1167 4103 1395 4178 defensantibus

200 4213 370 4274 amquam:
393 4199 438 4270 at,
458 4194 487 4254 si
508 4211 600 4254 mare
621 4195 781 4272 intretur,
802 4203 990 4277 promptam
1011 4198 1093 4280 ipsis
1117 4201 1351 4280 possessionem
1369 4201 1397 4252 et

201 4273 352 4339 hostibus
385 4272 548 4360 ignotam:
591 4275 690 4338 simul
723 4276 847 4340 bellum
879 4281 1042 4344 maturius
1069 4283 1172 4364 incipi
1200 4283 1396 4368 legionesque
