2890 4790
193 203 255 270 tlt
581 201 824 268 sunamite
850 203 933 268 LIB.
955 202 1015 272 tv.

589 367 784 426 carui*
835 370 1016 424 xxxvii.

277 479 341 542 Per
361 476 450 544 idem
470 485 599 562 tempus
620 473 783 562 Hispania
802 479 955 557 ulterior,
985 479 1095 542 missis
1117 477 1159 542 ad
1186 487 1331 542 senatum
1356 481 1394 544 ie-

193 563 292 648 gatie,
322 563 444 639 oravit,
480 570 520 624 ut
551 561 702 643 exempto
723 560 825 634 ¹Asiae
864 559 1040 624 delubrum
1073 561 1214 625 Tiberio
1246 565 1395 645 matrique

194 647 266 707 eius
288 651 485 708 exstrueret
519 645 591 709 Qus
612 645 786 706 occasione
798 643 930 722 Caesar,
952 643 1082 708 validas
1103 645 1232 728 alioqui
1252 665 1396 730 spernen-

195 725 246 788 dis
274 727 456 790 bonoribus
472 724 519 790 ‘et
544 725 809 810 respondendam
837 735 931 789 ratas
953 727 1022 805 iis,
1034 747 1177 872 auorum
1199 747 1332 790 ramore
1351 749 1396 789 ar-

218 811 358 874 uebatur
380 813 415 872 ia
435 811 649 874 ambitionem
676 811 819 887 flexisse,
840 810 1032 873 huiuscemo
1058 813 1273 876 iorationem
1289 815 1395 894 coepit.

193 829 286 974 bero,
314 889 354 958 P·
387 891 438 972 0.,
473 895 685 958 constantiam
719 911 813 956 meam
840 913 860 954 a
881 895 1045 976 plerisque
1072 891 1297 974 desideratam,
1325 898 1398 976 quod

193 973 491 1040 Asiascivitatibua
509 995 610 1058 nuper
632 975 711 1040 idem
736 975 828 1040 istud
845 975 1029 1056 petentibus
1049 995 1113 1040 non
1131 979 1190 1040 sim
1208 977 1393 1040 aduersatus.

194 1057 288 1142 Ergo
307 1063 469 1140 etpriorie
486 1059 608 1124 silentii
626 1058 848 1140 defensionem,
870 1070 902 1122 ct
917 1061 999 1206 Χὲιίᾱ
1017 1064 1053 1123 in
1072 1061 1216 1140 futurarm
1232 1067 1395 1138 statuerim,

194 1143 288 1206 simrd
306 1145 454 1224 aperiam
498 1145 597 1214 Qum
618 1141 665 1208 Ι).
687 1139 858 1224 Augustas
886 1147 917 1206 si
1008 1163 1067 1229 que
1093 1144 1169 1208 urbi
1188 1143 1309 1208 Hamae
1335 1154 1396 1206 ten·

172 1225 278 1306 vpium
305 1226 392 1308 apud
418 1223 604 1310 Pergamum
632 1229 708 1290 sisti
739 1245 804 1288 non
829 1226 1065 1308 prohibuissem
1097 1231 1154 1310 aar·
1180 1232 1287 1290 omnia
1319 1227 1396 1308 farta

195 1309 346 1394 dictaque
357 1313 424 1373 sisu
435 1314 503 1374 vice
514 1309 598 1392 tegis
609 1309 778 1389 observem
797 1309 950 1390 placitum
969 1313 1030 1374 iam
1048 1311 1217 1392 exemplum
1234 1316 1396 1394 promptius

193 1401 320 1458 recisius
352 1412 430 1474 sum,
463 1393 540 1478 quia
574 1392 676 1456 cultui
706 1411 771 1456 mea
803 1395 966 1458 veneratio
998 1403 1128 1458 senatus
1159 1393 1394 1478 adiungebatur.

196 1473 342 1540 Ceterum
364 1489 401 1540 ut
420 1476 514 1554 semei
535 1479 691 1556 recepisse
718 1480 837 1540 veniam
864 1475 1024 1556 babuerit,
1049 1479 1099 1542 ita
1122 1497 1183 1558 per
1204 1497 1309 1542 omnes
1334 1499 1396 1559 pro-

195 1562 319 1624 uincias
339 1559 461 1642 effigie
481 1563 638 1624 neminum
665 1563 791 1624 sacrari
818 1559 1025 1638 ambitiosum,
1046 1561 1230 1640 superbum:
1260 1572 1292 1625 et
1319 1581 1396 1627 raas.

194 1652 262 1706 acet
284 1640 431 1728 Augusti
450 1643 562 1722 bonor,
591 1646 621 1706 ei
639 1646 830 1724 promiscuis
851 1644 1094 1708 adulationibus
1113 1645 1279 1727 vulgatur.

266 1764 291 1816 1.
317 1759 462 1830 Hispania
480 1757 603 1816 ulterior
621 1759 724 1830 orarii,
748 1769 780 1814 ut
799 1761 922 1831 exempto
942 1761 1029 1816 Asiae
1047 1793 1081 1808 -
1099 1767 1275 1826 exstrueret,
1293 1763 1328 1816 ar.
1346 1780 1397 1831 cap.

194 1835 238 1890 bt
258 1841 288 1888 et
305 1831 341 1886 ad
358 1837 386 1898 4,
405 1835 449 1902 15,
468 1835 493 1890 3
514 1837 682 1898 exstrueret,
702 1839 853 1888 exstruere
871 1833 978 1902 posset,
1000 1831 1054 1886 sibi
1073 1832 1187 1886 liceret.
1209 1831 1257 1886 Cf.
1275 1833 1310 1885 ad
1326 1835 1398 1896 285,

195 1905 220 1959 l.
241 1935 273 1944 -
310 1901 424 1955 ualidus
450 1902 619 1970 spernendis
645 1899 809 1966 honoribus,
833 1921 861 1956 v.
885 1901 921 1956 ad
945 1904 972 1968 3,
993 1906 1036 1970 lb,
1054 1905 1080 1962 2.
1101 1935 1134 1946 -
1172 1903 1204 1956 in
1232 1905 1398 1958 ambitionem

195 1969 307 2036 riesisse
327 1991 365 2026 sc.
386 1991 426 2040 ea,
444 1981 478 2026 ut
497 1978 522 2038 1,
544 1973 584 2028 ta.
605 1975 650 2028 34.
670 1974 714 2026 to.
734 1974 761 2038 4,
781 1973 824 2026 20.
843 1975 870 2038 b,
892 1975 932 2028 ib'·
956 1977 999 2036 13,
1017 1975 1044 2030 3.

264 2045 292 2100 2.
317 2043 406 2100 Qum
430 2045 466 2098 D.
487 2046 636 2112 Arignotus
660 2043 718 2098 sibi
743 2049 827 2114 atqrre
852 2043 916 2096 urbi
933 2043 1036 2098 Rornae
1062 2047 1194 2114 tempium
1212 2047 1290 2116 apud
1308 2045 1399 2113 Perga-

136 2161 139 2170 .
194 2129 269 2166 mesen
286 2113 446 2192 (Pergami,
462 2118 513 2168 'ot
535 2115 597 2168 iud.
616 2115 653 2168 11.
674 2131 701 2168 r.
721 2115 817 2182 Apud)
834 2115 902 2168 sisti
921 2133 975 2170 non
992 2114 1196 2185 prohibuisset,
1224 2137 1253 2170 v.
1272 2117 1307 2170 ad
1325 2121 1348 2179 t,
1367 2119 1398 2178 to,

194 2189 222 2242 4.
243 2184 440 2257 „Exemplum
457 2185 544 2242 huius
562 2185 738 2240 adulationis
756 2204 772 2239 a
791 2186 897 2252 Persis,
926 2189 975 2258 qui
994 2205 1050 2241 non
1068 2187 1156 2242 coium
1172 2189 1233 2256 pie,
1259 2187 1398 2240 sedetiam

193 2259 349 2326 pradinter
367 2273 451 2327 reges
469 2273 534 2311 seor
552 2257 634 2310 inter
648 2259 714 2312 deos
732 2259 857 2310 coluere:
883 2259 1060 2312 maiestatem
1082 2261 1156 2314 enirn
1174 2261 1186 2310 i
1206 2265 1207 2268 ’
1235 2261 1294 2312 erir'
1311 2258 1399 2310 salutis

196 2329 400 2394 scestaniam,
421 2331 502 2384 Gurt.
520 2327 547 2392 Β,
566 2331 594 2394 b,
616 2333 655 2384 11.
692 2327 801 2382 Eadem
821 2329 951 2406 Ateguam
969 2347 1062 2394 mens,
1085 2331 1145 2384 eed-
1158 2340 1192 2384 at
1223 2331 1320 2384 eniret
1337 2330 1399 2380 inri-

194 2399 282 2464 diam,
300 2417 359 2454 non
379 2402 433 2455 eibi
453 2401 509 2453 soli
527 2401 663 2470 permisit
689 2400 801 2472 templa
818 2402 917 2466 statui,
946 2402 995 2454 sed
1014 2401 1282 2459 oonianothn.urbs'
1300 2401 1399 2457 iiomar,

194 2487 269 2542 quae
287 2472 351 2524 soil.
372 2473 430 2525 iam
448 2470 562 2545 pridem
581 2472 659 2524 inter
678 2471 754 2525 deae.
775 2489 803 2525 v.
823 2471 904 2526 Stat.
925 2471 985 2526 Oct.
1005 2490 1030 2524 a.
1042 2471 1085 2528 62
1106 2479 1136 2527 et
1154 2473 1189 2526 de
1208 2473 1321 2542 templo
1334 2491 1359 2526 a.
1371 2471 1397 2522 U.
1416 2468 1420 2482 '

196 2543 258 2597 tta.
277 2543 410 2618 Pergami
429 2550 536 2596 statuto
554 2541 609 2610 Dio
628 2546 671 2606 51,
690 2543 733 2597 ib.
762 2549 792 2597 et
809 2539 943 2597 denarios
962 2544 1129 2616 lapidesque
1146 2551 1275 2608 veteres,
1301 2545 1331 2595 in
1347 2543 1399 2612 qui-

194 2611 247 2664 bus
266 2622 324 2666 tem
348 2615 370 2668 ii
393 2617 488 2666 forma
516 2615 590 2665 curn*
606 2613 801 2684 inscriptione
829 2614 912 2668 coti.
941 2615 1136 2681 (Gornmune)
1155 2613 1271 2668 Asiam
1288 2611 1400 2668 ROMAE

196 2681 247 2734 ΕΤ
265 2683 316 2736 AU
347 2694 403 2738 .et
421 2683 580 2736 abnuunt
603 2685 687 2737 nont.
716 2684 768 2737 ΕΤ
790 2685 878 2739 AUG.
907 2685 952 2750 (v.
972 2683 1079 2756 Spenh.
1104 2686 1138 2740 de
1162 2705 1216 2738 usu
1236 2695 1268 2740 et
1284 2703 1329 2756 pr.
1347 2684 1398 2734 NN.

197 2753 230 2805 T.
251 2755 290 2808 ii.
331 2758 418 2811 .65(t.
438 2753 553 2808 Eckhal
571 2754 604 2806 D.
624 2756 687 2811 NN.
706 2763 766 2810 vet.
792 2755 826 2808 Τ.
847 2757 1169 2828 lantoniensem
1198 2757 1292 2812 deser.
1317 2753 1400 2808 oitbe
1423 2767 1424 2820 j

132 2831 136 2836 '
193 2823 267 2878 East
285 2773 370 2888 141.
390 2840 420 2896 p·
440 2827 484 2881 61.
512 2827 594 2882 Mem.
620 2827 654 2880 da
673 2825 778 2881 l'Acad.
803 2827 855 2882 das
875 2828 967 2881 inser.
989 2827 1026 2879 Τ.
1042 2829 1106 2880 ΧΠ.
1126 2828 1162 2882 ad
1178 2845 1207 2898 p.
1228 2829 1308 2890 253.)
1330 2825 1400 2896 Apud
1423 2847 1424 2860 t

196 2897 302 2949 iluium
322 2897 463 2970 ternplum
481 2895 587 2951 Romae
606 2907 634 2951 et
652 2897 777 2974 Augusti
796 2899 827 2951 in
847 2901 910 2970 ipsa
929 2899 1008 2954 urbe,
1046 2897 1107 2952 Soli
1136 2915 1252 2970 quoque
1275 2899 1339 2952 urbi
1354 2897 1400 2948 iio·

194 2985 259 3022 ‘mse
286 2976 422 3040 tanquam
447 2967 515 3022 deae
539 2969 683 3039 templum
712 2977 892 3024 exstructum
916 2979 975 3024 tam
1000 2971 1030 3022 in
1049 2971 1209 3042 provinciis
1238 2981 1269 3025 et
1286 2972 1398 3041 primurn

196 3039 313 3108 quidem
338 3057 354 3093 a
380 3037 548 3110 Smyrnaeis
573 3058 596 3092 a.
616 3039 652 3093 U·
671 3043 732 3097 558.
761 3039 794 3093 ab
813 3041 1058 3095 Alabandensibus
1082 3043 1166 3094 annis
1185 3041 1276 3094 xxtv
1295 3041 1399 3094 circiter

196 3120 375 3234 miz-quam
397 3111 436 3233 1ιέι
446 3109 508 3182 ipsa
531 3110 863 3239 υὲὴεὸἓοωιῖῃιιηίῧοιιιθη
882 3111 995 3235 ζιειιιίἷο
1009 3113 1093 3236 ι(11.1ςί
1155 3111 1218 3166 lare
1242 3113 1279 3239 ald
1298 3111 1399 3238 41113113

246 3199 319 3234 amr
337 3198 413 3234 mon
430 3201 462 3234 rs.
488 3199 525 3238 a.
570 3218 578 3246 ,
641 3220 648 3234 .
697 3202 738 3236 ar.
799 3219 807 3246 ‚
856 3222 862 3234 .
916 3201 951 3236 ru
973 3201 1029 3237 an.
1058 3203 1089 3236 sn
1136 3200 1224 3253 ymm-
1272 3222 1279 3248 ‚
1365 3197 1398 3248 sq·

82 3271 85 3278 ’
197 3251 345 3305 Claudiam.
368 3253 397 3306 in
417 3253 440 3304 1.
461 3251 526 3305 Cos.
546 3251 612 3306 stit.
631 3257 658 3318 2,
677 3252 762 3310 tw
780 3253 858 3322 Lips.
881 3254 925 3308 Ci.
948 3261 975 3308 et
994 3253 1139 3326 spartian.
1166 3255 1198 3306 in
1215 3255 1304 3308 Hadr.
1323 3269 1347 3306 a.
1365 3251 1397 3306 lb.

197 3323 273 3394 Lips.
294 3324 328 3377 de
345 3342 441 3400 rnagn.
468 3321 549 3378 Rom.
569 3327 596 3388 3,
616 3328 641 3380 6.
663 3333 693 3378 et
710 3327 786 3395 inpr.
812 3327 907 3396 intpp.
927 3325 1074 3380 Arnmiani
1099 3329 1144 3391 lb,
1165 3328 1327 3389 1114-
1360 3321 1398 3392 itti

197 3395 291 3446 arania
308 3395 386 3460 facta
405 3395 536 3464 dietaque
554 3393 615 3447 eius
634 3394 692 3448 aiae
711 3395 786 3464 Iegis
805 3397 956 3460 observem,
968 3399 1014 3448 ef.
1034 3395 1070 3450 ad
1087 3393 1160 3474 Agr.
1182 3399 1224 3452 13.
1241 3416 1270 3453 n.
1289 3401 1314 3452 3.
1334 3391 1399 3460 Quod

196 3466 231 3538 sie
251 3483 279 3520 se
297 3463 348 3518 hic
366 3463 509 3532 Tiberius,
528 3465 632 3518 tribuit
652 3467 699 3520 iili
718 3469 807 3522 etiam
826 3465 927 3520 Strabo
947 3467 967 3520 l.
988 3467 1036 3530 til.
1058 3475 1131 3522 extr.
1152 3461 1258 3519 sundra
1284 3475 1327 3534 ιῆς
1345 3465 1399 3516 drm-

197 3529 360 3602 aristaeum
380 3538 434 3588 scir
451 3531 668 3612 mpsrrsupprirurr
687 3533 852 3611 ποιούμενος
870 3537 985 3604 ἐκεῖνον,
1012 3535 1090 3608 lips.
1119 3540 1186 3606 ficta
1206 3537 1335 3610 dictaque
1352 3534 1398 3588 tis.

198 3639 229 3650 -
249 3606 339 3658 retitui
363 3626 423 3660 meo
447 3607 541 3676 (mei)
567 3611 711 3663 susurratio
736 3615 852 3664 senatus
876 3611 1095 3677 adiungebatur,
1123 3629 1151 3662 v.
1171 3609 1250 3674 add,
1274 3611 1313 3676 15,
1332 3613 1355 3664 3.
1374 3637 1398 3646 -

196 3681 306 3732 reniam
324 3676 462 3740 babuerit,
495 3676 608 3755 ignosci
626 3683 734 3752 possit,
758 3681 829 3734 Ern.
850 3713 883 3724 -
921 3682 1036 3734 sacrari
1055 3681 1116 3737 edd.
1137 3679 1217 3758 Lips.
1241 3690 1271 3736 et
1289 3699 1345 3735 ruo.
1362 3693 1398 3729 sa·

197 3767 247 3803 rra
271 3748 325 3802 MS'.
354 3759 381 3804 et
407 3749 470 3804 edd.
496 3757 555 3807 vet.
580 3783 614 3794 -
656 3752 684 3803 si
707 3751 878 3822 promiscuis
910 3751 1123 3806 adulationibus
1149 3751 1285 3820 autgariu-
1309 3751 1397 3803 honor.

200 3819 325 3892 Vulgari
343 3821 460 3888 (licitur,
480 3819 556 3893 quod
574 3821 706 3898 vulgare,
727 3841 890 3890 commune,
915 3825 1115 3894 promiscuum
1133 3821 1178 3888 fit,
1209 3821 1257 3876 vel
1280 3821 1398 3876 omnibus
1423 3853 1424 3892 3

198 3891 259 3946 sina
277 3893 447 4022 discrissninle
466 3891 643 3957 conceditur,
669 3903 701 3947 ut
731 3899 771 3960 11,
790 3897 832 3952 33.
861 3903 890 3950 et
909 3913 959 3968 ap..
981 3895 1046 3954 Lir.
1067 3895 1139 3964 1‚'t.
1161 3897 1202 3950 tt.
1230 3897 1318 3962 att.
1336 3897 1361 3956 3,
1377 3893 1397 3944 fi·
1423 3893 1424 3898 ’

196 3967 223 4032 47
242 3967 269 4023 ²·
299 3967 342 4030 1⁰2
381 4005 386 4016 .
406 3983 422 4017 a
438 3973 452 4014 ·¹

588 4089 781 4144 CAPUT
835 4089 1028 4146 XXXV'HI.
1142 4099 1147 4106 '

165 4202 169 4221 '
279 4197 356 4278 Ego
386 4217 442 4270 nse,
477 4196 514 4262 Ρ.
544 4197 594 4276 C,
625 4197 785 4266 nortuum
817 4218 884 4262 esse
913 4210 946 4264 et
982 4199 1138 4264 bominem
1166 4201 1278 4282 officia
1313 4197 1398 4280 [ungi

145 4351 149 4366 Ι
197 4281 341 4359 satisque
368 4279 494 4357 babere,
528 4285 557 4344 si
585 4281 684 4345 iocum
698 4283 880 4368 'principem
908 4282 1060 4364 impleam,
1090 4293 1122 4347 et
1157 4303 1214 4347 aas
1244 4293 1339 4347 testor
1373 4287 1398 4339 et
