2774 4784
151 219 181 274 ιι
422 191 429 285 J
697 165 835 280 vl'iA

151 385 340 460 Britannia
369 381 442 454 hoc
474 393 513 456 et
542 383 722 478 proximis
747 383 853 456 annis
877 393 999 478 gestae
1023 385 1068 456 ab
1094 385 1139 456 A.
1168 381 1313 456 Plautio
1338 395 1373 456 et

151 487 375 581 Vespasiano
410 482 564 578 legionis
588 484 638 556 ll.
663 484 792 580 legato,
819 485 883 580 qui
909 485 1030 556 tricies
1047 507 1133 556 cum
1157 485 1262 558 hoste
1288 510 1373 556 con·

151 585 258 660 flixit.
297 584 385 679 Agr.
416 581 472 658 13.
502 583 558 660 14.
598 582 699 658 Suet.
726 584 837 680 Vesp.
864 583 898 660 4.

376 735 426 811 Α.
457 734 503 814 U.
532 733 576 836 G.
601 735 686 812 799.
728 733 819 816 Gltr.
845 735 906 812 40.
946 737 1081 836 Agric.
1108 737 1142 812 9.

247 851 439 952 Agricola
477 853 652 950 parvulus
686 857 812 929 sedern
846 867 883 928 et
914 857 1128 963 magistram
1162 855 1370 928 studiorum

150 955 351 1028 Massiliam
381 955 502 1027 habet.
553 955 639 1049 Agr.
667 955 700 1030 4.
1169 975 1174 996 ’

356 1089 406 1162 Α.
437 1087 482 1164 u.
511 1085 557 1166 0.
584 1087 671 1164 000.
712 1087 804 1168 csr.
829 1087 891 1164 rr.
933 1090 1071 1188 Agris.
1098 1089 1158 1164 10.

247 1205 289 1283 Ρ.
318 1207 497 1282 Ostorius
522 1195 694 1312 Scapula
738 1207 878 1305 legatus
909 1233 1008 1282 cons.
1040 1211 1079 1280 in
1104 1209 1291 1282 Britannia
1318 1235 1371 1280 se-

121 1372 124 1394 ,
149 1309 304 1399 curdus,
330 1311 396 1404 qui
419 1333 487 1404 per
512 1310 677 1404 quinque
702 1309 777 1381 fere
803 1333 917 1382 annos
943 1334 1002 1382 res
1026 1311 1120 1381 bene
1145 1311 1246 1404 gerit.
1280 1310 1369 1404 Agr.

125 1408 207 1483 ,14.
247 1407 345 1481 Amr.
378 1409 434 1499 12,
460 1407 506 1482 31
522 1409 643 1484 -40.
702 1409 804 1481 Mors
836 1410 977 1483 Valerii
1014 1410 1175 1481 Asiatici.
1235 1407 1372 1481 Modus

146 1510 323 1604 pecuniae
356 1509 402 1578 ab
437 1509 620 1582 advocatis
649 1510 849 1604 'capiendae
883 1511 1037 1605 positus.
1088 1507 1191 1582 Bella
1216 1509 1372 1580 Partho·

143 1617 246 1680 rum‘
265 1609 449 1680 intestina.
499 1608 600 1680 Ludi
634 1608 847 1681 saeculares.
899 1607 1078 1682 Claudius
1112 1631 1226 1679 novas
1250 1609 1372 1679 litera-

146 1731 233 1780 rum
267 1708 405 1779 formas
439 1707 563 1803 vulgat
595 1719 633 1780 et
664 1709 711 1782 ad
743 1721 912 1780 senatum
935 1709 1047 1781 relert
1081 1731 1190 1804 super
1215 1707 1372 1802 collegio

14 1803 16 1812 '
146 1805 397 1902 haruspicum.
467 1808 615 1882 Italicus
655 1833 719 1880 rex
760 1805 958 1881 Cheruscis
997 1811 1205 1904 petentibus
1247 1809 1371 1880 datur.

145 1907 336 1980 Domitius
361 1903 526 1980 Corbulo
559 1932 708 1981 severus
739 1909 816 1982 dux
841 1907 1011 1998 Chaucos
1031 1909 1243 2004 Frisiosqnc
1269 1931 1373 1978 com-

110 2065 112 2072 ,
145 2009 253 2101 ponit
284 2017 320 2078 et
352 2008 490 2080 fossam
523 2009 626 2081 ducit
657 2009 754 2082 inter
787 2011 930 2083 Mosam
965 2019 1002 2080 et
1033 2009 1217 2082 Rhenum
1269 2007 1370 2078 Ann.

149 2105 191 2179 ll
236 2105 391 2180 1—23.

193 2157 206 2198 ⁷
357 2237 407 2314 A.
439 2240 484 2318 U.
513 2239 558 2320 C.
583 2241 670 2318 801.
712 2240 890 2326 611048.
929 2243 1065 2340 Agris.
1094 2241 1153 2314 11.

245 2355 385 2431 Civitas
414 2359 522 2433 Rom.
561 2361 703 2436 Aeduis
742 2361 898 2460 aliisque
931 2361 1048 2436 Gallis
1082 2361 1182 2446 data3
1222 2355 1372 2452 patricii

145 2455 307 2554 suppleti
341 2469 378 2532 et
408 2459 568 2534 lustrum
609 2463 811 2536 conditum.
879 2459 1076 2536 Messalina
1116 2455 1211 2529 Silio
1245 2453 1373 2550 palam

28 2627 31 2640 ,
145 2559 255 2630 nubit
286 2569 323 2630 et
356 2558 530 2658 Principe
564 2563 691 2658 ignaro
715 2561 792 2634 ictu
817 2551 1216 2654 tribuni'transfigitur.
1268 2554 1373 2628 Ann.

150 2657 207 2751 ιι,
233 2655 419 2734 03-30.

216 2789 267 2864 A.
300 2787 346 2866 U.
375 2787 419 2868 C.
444 2791 531 2868 802.
556 2792 643 2868 803.
684 2791 774 2872 ctr.
801 2795 861 2869 49.
888 2793 949 2868 50.
989 2793 1125 2889 Agris.
1152 2789 1211 2864 12.
1238 2787 1296 2862 13.

180 2943 182 2950 ·
244 2905 423 2981 Claudius
456 2913 744 3006 uxoremducit
768 2913 1025 3010 Agrippinam,
1064 2907 1274 2982 Germanioi
1300 2905 1376 2976 sra-

146 3009 214 3092 1110
238 3006 397 3098 01144041
411 2989 830 3117 :hirlinhbffls'ffleca
855 3011 971 3102 exsrrl,
995 3019 1023 3082 0
1049 3008 1198 3081 Corsica
1224 3029 1375 3078 revoca-

145 3119 217 3202 tus,
252 3101 751 3212 studii's3llertnissspraeest,
786 3115 894 3208 eique
929 3110 1177 3205 despondetur
1205 3103 1374 3178 Octavia.

145 3207 218 3282 Res
251 3231 338 3280 cum
365 3194 550 3305 Pli'ffisjl·
569 3203 781 3308 'uii'tpgem
812 3213 931 3285 Roma
963 3212 1143 3305 petierant
1176 3203 1375 3278 Meherda-

146 3319 236 3398 tam,
261 3317 299 3380 et
323 3233 661 3413 cumss'llhihiihaileg
684 3339 768 3408 rege
803 3313 913 3384 Ponti
948 3319 1076 3406 gestae.
1129 3305 1375 3379 Pomoerirun

146 3405 260 3481 Urbis
284 3403 719 3524 prola‘tirpi.f.·.plrtrissiitz
749 3414 833 3486 l—
846 3409 905 3488 25.

216 3558 267 3633 Α.
299 3559 344 3635 U.
374 3557 418 3637 G.
443 3560 531 3638 804.
555 3563 643 3639 805.
685 3561 776 3641 Cltr.
802 3563 863 3639 51.
890 3561 950 3637 52.
989 3562 1125 3658 Agris.
1153 3555 1298 3631 1015.

246 3677 297 3751 Α.
323 3677 464 3756 Didius
492 3679 635 3776 Gallus,
664 3685 793 3756 tertius
817 3683 957 3780 legatus
982 3705 1080 3754 cons.
1106 3681 1157 3752 in'
1170 3671 1379 3760 Britannia,

149 3773 299 3852 Ostorio
339 3791 489 3854 mortuo
520 3783 683 3856 succedit
714 3793 750 3855 et
787 3793 890 3879 parta
926 3807 948 3852 a
978 3780 1164 3878 prioribus
1196 3797 1264 3872 per
1296 3771 1379 3844 VII

149 3900 265 3950 annos
290 3881 463 3954 continet.
514 3883 612 3955 Anu.
643 3883 701 3974 12,
725 3880 911 3959 31-41.
950 3882 1039 3976 Agr.
1070 3879 1125 3953 14.
1182 3872 1381 3950 Domitius

149 3975 246 4048 Nero
279 3979 474 4076 adoptatur
505 4006 528 4053 a
560 3981 718 4057 Claudio
751 3985 860 4080 eique
890 3993 975 4078 toga
1006 3979 1125 4051 virilis
1158 3981 1379 4048 maturatur.

149 4072 254 4147 Bella
277 4101 365 4152 cum
385 4079 540 4174 Chattis,
563 4081 710 4176 Suevis,
734 4081 924 4156 Armeniis
949 4093 986 4154 et
1000 4081 1117 4154 iberis
1141 4085 1249 4173 gesta
1275 4068 1382 4144 SCta

152 4171 356 4250 Claudiana
379 4180 427 4252 dc
450 4181 721 4256 mathematicis
745 4193 783 4256 et
807 4184 855 4256 de
879 4207 998 4278 poena
1021 4179 1256 4264 feminarum,
1279 4195 1381 4266 quae

153 4277 268 4348 servis
293 4278 609 4376 coniungerentur.
660 4284 825 4358 Emissis
855 4282 956 4356 lacus
980 4279 1123 4356 Fucini.
