2774 4784
276 185 526 254 AGRICOLAE
545 187 604 252 ΕΤ
624 187 789 254 Tacl'rl.
833 189 910 272 §.L
1171 189 1226 246 vlt
1260 201 1263 217 ·

144 357 185 430 A.
210 355 252 432 ll.
277 351 319 430 0.
343 355 430 432 819.
469 349 556 430 Otr.
583 355 644 431 66.
686 357 784 453 Agr.
811 357 871 432 29.
915 354 1004 432 Tac.
1031 357 1092 432 14.

126 475 291 572 Agricola
316 477 410 572 petit
433 485 653 570 praeturam.
711 475 864 552 Tacitus
894 477 1098 548 admodum
1123 479 1225 548 iuve-

56 575 95 644 nis
114 575 290 671 frequentat
315 573 458 648 scholas
483 576 675 648 rhetorum
701 589 738 650 et
759 577 922 650 studiose
954 577 1057 648 audit
1081 587 1227 671 praeter

54 673 117 746 alios
136 679 217 771 inpr.
234 677 282 748 Μ.
300 677 458 770 Aprum,
484 675 626 750 Iulium
644 675 858 750 Secundum
883 688 920 748 et
938 675 1223 757 Quintilianum.

53 800 75 842 r.
94 775 129 846 0.
153 777 178 848 l.
201 777 233 848 2.
259 786 295 848 et
319 775 416 848 Plin.
443 800 499 870 ep.
525 776 561 865 2,
591 776 647 851 14.
700 777 772 848 His
808 778 938 848 studiis
964 775 1101 848 excolit
1123 779 1225 872 inge

53 875 176 974 dumet
196 886 425 972 praeparatur
440 893 442 898 '
458 900 535 948 non
564 878 692 946 minus
724 877 771 948 ad
807 901 864 948 res
889 878 930 948 in
955 876 1036 948 foro
1060 875 1225 948 iudiciis-

51 997 100 1066 que
117 977 264 1068 agendas,
302 1000 415 1072 quam
446 975 492 1046 ad
525 977 758 1070 magistratus
787 977 1042 1071 capessendos.
1094 973 1137 1046 C.
1165 977 1225 1047 Pi-

50 1073 178 1146 mnisin
208 1075 392 1148 Neronem
423 1075 635 1146 coniuratio.
702 1075 802 1147 Mors
846 1075 1005 1164 Pisonis,
1041 1073 1225 1166 Laterani,

49 1169 177 1262 6266666,
198 1176 322 1269 Aspri,
349 1175 475 1248 Subn'i
499 1173 631 1266 Flavii,
662 1173 759 1266 Rufi.
790 1175 945 1266 Vestini,
970 1173 1125 1274 Lucani,
1160 1173 1225 1246 Se·

49 1273 182 1364 necionis,
211 1271 361 1348 Scevini
394 1286 430 1347 et
461 1272 630 1346 aliorum.
682 1275 779 1346 Ann.
808 1275 864 1364 15,
891 1273 1074 1349 48-74.
1126 1274 1224 1346 Nero
1268 1305 1270 1312 ’

49 1371 129 1442 ridor
154 1374 190 1444 in
221 1375 419 1448 certamine
451 1371 605 1444 lustrali.
657 1374 764 1446 Idem
796 1375 1011 1471 Poppaeam
1034 1383 1222 1446 mortuam

46 1465 134 1542 laudat
155 1474 245 1568 apud
269 1485 395 1546 rostra.
446 1471 545 1545 Anu.
576 1473 633 1565 16,
667 1473 824 1548 1-13.

132 1608 175 1676 A.
203 1607 248 1682 U.
279 1603 319 1678 0.
344 1585 438 1684 820.Ι
476 1603 565 1682 Otr.
591 1607 652 1684 67.
690 1609 791 1706 Agr.
817 1605 878 1682 30.
923 1605 1010 1682 Tac.
1036 1606 1096 1681 15.

112 1722 285 1819 Agricola
316 1737 471 1822 praetor.
516 1727 603 1820 Agr.
632 1725 666 1799 6.
720 1727 822 1800 Mors
847 1727 888 1798 P.
916 1726 1055 1815 Anteii,
1082 1722 1222 1796 Ostorii
1275 1779 1278 1787 .

43 1815 190 1916 Scapulae,
228 1825 332 1898 Rufii
365 1825 542 1922 Crispini,
584 1824 728 1918 Mellae,
764 1824 931 1916 Cerialis,
975 1823 1018 1898 C.
1045 1824 1222 1912 Petronii,

42 1917 181 1994 Thraseae
213 1925 329 2017 Paeti,
367 1925 502 1998 Bareae
536 1925 677 1998 Sorani.
736 1924 932 1998 Helvidius
967 1935 1004 1996 et
1040 1923 1222 1995 Paconius

43 2017 118 2091 ltalia
145 2021 336 2116 pelluntur.
388 2025 484 2098 Ann.
516 2024 573 2117 16,
602 2021 784 2102 14-35.
813 2025 814 2032 ¹

135 2163 176 2228 A.
204 2157 250 2233 U.
278 2154 320 2230 0.
345 2160 431 2236 821.
479 2155 565 2234 062.
592 2158 652 2234 68.
692 2158 793 2256 Agr.
819 2155 879 2232 31.
924 2154 1010 2232 Tac.
1039 2152 1097 2230 16.

107 2273 235 2347 Nerone
260 2280 381 2350 occiso
410 2276 534 2351 Galba
558 2280 655 2372 Imp.
706 2277 767 2350 Ab
793 2301 837 2348 eo
863 2274 1009 2368 eligitur
1033 2268 1223 2378 Agricola
1356 2301 1358 2304 ·

38 2369 167 2444 addona
190 2376 417 2472 templorum
441 2378 743 2472 recognoscenda.
795 2375 884 2469 Agr.
912 2374 946 2447 6.
1054 2459 1060 2470 ‚

132 2507 176 2580 r.
205 2508 249 2586 u
281 2507 321 2584 c.
346 2511 431 2586 822.
479 2507 566 2586 car.
593 2510 652 2586 rr.
693 2511 792 2608 Agr.
818 2508 878 2583 32.
922 2503 1009 2582 rac.
1036 2504 1095 2580 17.
1133 2508 1136 2518 ’

108 2627 341 2724 Imperatores
381 2626 515 2720 Galba,
551 2625 664 2721 Orda,
705 2625 895 2706 Vitellius.
945 2625 1047 2698 Mors
1082 2621 1221 2698 Galbae

36 2731 59 2790 tl
78 2723 212 2798 Pisonis.
265 2727 459 2802 Proelium
482 2722 743 2802 'Bedriacense
795 2724 971 2800 Vitellius
996 2725 1152 2796 Neronis
1178 2723 1221 2794 li-

35 2819 144 2896 bidines
167 2829 342 2902 imitatur.
394 2829 442 2900 Η.
463 2831 494 2902 l.
512 2840 550 2902 et
575 2830 631 2919 ll,
660 2829 816 2903 1-72.
869 2821 1080 2921 Agricolae
1104 2827 1242 2894 mater'
1315 2901 1319 2918 Ι

34 2918 217 3016 itlpraediis
243 2929 321 3000 suis
347 2927 564 3017 interficitur
596 2930 642 3000 ab
669 2927 901 3001 Othonianis.
928 2923 1015 3018 Agr.
1043 2924 1077 2996 7.
1129 2923 1219 2996 Tre·

35 3017 115 3094 bellio
137 3026 228 3098 Man
256 3053 279 3100 a
302 3027 486 3102 militibus
511 3031 588 3104 suis
614 3029 736 3122 lugeto
770 3025 933 3098 succedit
964 3021 1116 3096 Verrius
1141 3017 1219 3094 Bo-

34 3111 120 3212 lssm,
156 3135 304 3199 octavus
336 3127 547 3202 Britanniae
580 3128 731 3224 legatus,
771 3128 907 3198 missus
941 3145 985 3214 eo
1010 3145 1032 3192 6
1056 3119 1217 3192 Vitellio.

35 3215 66 3286 Η·
93 3223 118 3312 l,
147 3223 203 3300 60.
237 3227 276 3317 2,
308 3226 366 3302 65.
410 3229 498 3323 Agr.
533 3229 569 3304 8.
607 3227 662 3302 16.
723 3224 983 3398 Veppaaiaoua
1015 3221 1221 3315 Imperator

33 3315 170 3396 salutatu
206 3327 248 3397 in
287 3326 462 3423 Aegypto
496 3338 533 3400 et
573 3329 717 3402 Iudaea.
822 3325 985 3412 ucianus,
1035 3319 1220 3392 Antonius

35 3413 145 3493 Primus
175 3437 210 3496 et
244 3423 440 3500 Cornelius
475 3427 616 3500 Fuscus
654 3451 740 3498 cum
775 3423 995 3496 exercitibus
1027 3421 1220 3515 praemissi

32 3515 166 3594 adversus
180 3523 378 3598 Vitellium
405 3537 441 3600 et
467 3527 579 3598 duces
605 3528 696 3617 eius,
723 3525 921 3597 Caecinam
946 3545 987 3592 ac
1010 3519 1217 3592 Valentem.

32 3612 66 3683 lli
84 3622 270 3697 vincuntur
294 3627 340 3697 ad
365 3625 591 3699 Cremonam
616 3637 654 3698 et
677 3637 800 3720 portas
825 3623 951 3712 Urbis,
983 3621 1132 3690 incenso
1158 3643 1220 3688 an-

32 3721 69 3826 lea
88 3717 274 3816 Capitolio,
309 3729 409 3820 quod
437 3726 586 3800 Flavius
612 3725 775 3798 Sabinus
801 3728 1050 3817 occupaverat.
1104 3715 1219 3790 Vitel-

32 3809 80 3884 lm
105 3822 146 3892 ad
174 3827 364 3920 gemonias
396 3827 564 3899 trahitur.
622 3824 672 3898 H.
697 3825 734 3918 2,
759 3821 968 3900 73-101.
995 3815 1031 3909 3,
1061 3816 1217 3893 1-86,

32 3917 193 4014 Agricola,
235 3925 278 3995 in
304 3927 524 4024 Vespasiani
556 3937 678 4021 partes
711 3935 967 4018 transgressus,
993 3921 1033 3990 in
1058 3915 1219 4016 Galliam

32 4015 154 4091 mittitur
175 4023 221 4096 ad
248 4023 414 4101 delectus
444 4026 614 4122 agendos.
665 4023 754 4119 Agr.
780 4025 815 4100 7.
1071 4053 1076 4062 ·

124 4137 170 4212 A.
198 4139 246 4217 U.
275 4139 317 4215 0.
343 4143 428 4220 823.
478 4139 564 4216 Otr.
590 4141 653 4220 70.
691 4147 791 4240 Agr.
816 4137 897 4214 33..
922 4135 1009 4211 Tac.
1035 4135 1095 4210 18.

102 4255 282 4353 Agricola
307 4261 445 4357 legioni
461 4263 538 4338 XX
562 4265 603 4338 in
619 4261 810 4336 Britannia
833 4255 1051 4354 praeficitur.
1078 4254 1164 4347 Agr.
1183 4253 1216 4326 7.
1357 4235 1358 4257 ’
