2868 4792
215 223 358 288 CAPUT
378 225 488 292 XXV.
509 223 638 291 XXVI.
674 227 727 306 (Δ.
750 225 883 296 11773.
915 229 954 292 Α.
977 227 1013 301 G,
1035 230 1102 312 to.)
1214 231 1277 300 291

483 391 844 449 CAPUTXXVI.

145 497 371 564 Vetustissimi
400 499 604 580 mortalium,
644 501 736 566 nulla
762 501 870 566 adhue
897 505 985 566 mala
1015 502 1165 584 libidine,
1206 506 1278 570 sine

66 579 196 662 probro,
224 582 349 646 scelere
376 579 480 668 eoque
506 587 578 650 sius
607 605 714 668 poena
744 593 804 647 aut
830 589 1087 652 wercitionihns
1115 587 1277 676 agebantt

71 683 166 746 nequa
195 669 354 750 praemiis
375 685 458 750 epm
480 677 564 746 erat,
593 687 694 751 quum
717 667 855 732 honesta
882 680 999 754 suopte
1025 673 1161 760 ingenio
1188 681 1280 756 pste-
1365 699 1371 722 =

72 756 197 821 rentum
227 754 262 811 et
288 751 347 812 nbi
369 751 454 812 nihil
476 759 594 814 contra
615 771 743 814 morem
765 765 938 834 cuperent,
960 755 1045 816 nihil
1072 773 1134 836 per
1153 764 1281 818 metam

71 831 268 896 vetabantur.
311 833 356 894 At
381 842 556 918 postquam
588 837 665 898 exui
694 835 876 918 aequalitas
905 847 939 900 et
966 857 1029 920 pro
1059 836 1221 900 modestia
1242 857 1281 900 ae

72 912 190 994 pudure
212 915 351 979 ambitio
373 925 407 979 et
428 919 480 980 vis
503 915 689 997 incedebat,
715 921 897 1001 provenire
926 919 1169 984 dominationes
1195 921 1282 984 mul·
1373 915 1385 942 “’

71 1005 175 1078 tesqua
205 995 294 1082 apud
320 999 460 1082 populos
487 1008 659 1063 aeternum
688 1022 849 1066 mansere.
898 1001 1038 1068 Quidam
1066 1005 1192 1082 statim,
1224 1011 1282 1068 aut

71 1081 1059 1232 ttttt'mlttlmdtt‘ttt’tantillitati
1076 1089 1283 1234 iltuit:

30 1237 40 1248 ⁸
71 1244 171 1308 brevit
191 1245 416 1328 Cretensium,
445 1211 524 1333 queis
547 1187 673 1328 tubos,
702 1213 957 1336 Spartainorurn,
977 1189 1067 1336 ⁴’dluas
1089 1253 1282 1342 Lyeurgus,

70 1347 104 1390 ae
122 1349 193 1392 mox
214 1331 475 1396 Atheniensibus
496 1335 715 1418 quaesitiores
738 1338 810 1424 'iam
832 1345 866 1398 et
894 1337 1007 1418 plures
1029 1333 1109 1400 Solo
1139 1339 1283 1419 perseri-

70 1413 137 1552 qsit.
159 1411 265 1514 lflobis
287 1413 458 1517 Romulus,
479 1429 519 1516 ut
540 1417 683 1495 libitum,
705 1419 978 1520 imperitaverat:
1001 1419 1077 1482 dein
1094 1419 1206 1482 Numa
1229 1439 1283 1483 re-

71 1497 306 1644 tillitus
321 1497 1283 1668 ,itt3¹¹titttlltloli“tutti‘ltiiituttltt

70 1659 179 1750 legum,
193 1665 270 1742 tuit,
292 1668 365 1747 quis
387 1667 496 1727 etiam¹
511 1687 609 1753 reges
629 1668 910 1751 obtemperarent.

132 1749 156 1802 1.
179 1746 379 1800 Vetustissimi
395 1749 561 1802 mortalium
578 1757 633 1804 aet.
652 1749 862 1806 siccatione
881 1749 939 1809 Sat.
954 1755 979 1816 l,
990 1753 1019 1818 3,
1037 1752 1182 1808 stt-111.
1201 1752 1282 1806 Plato

69 1811 100 1868 de
115 1816 171 1892 leg.
190 1817 246 1871 111.
265 1819 455 1876 1³.1n.v01.
475 1821 514 1874 11.
533 1839 562 1892 p·
580 1823 643 1879 tte.
662 1826 726 1880 283·
746 1823 790 1876 ed.
809 1823 900 1880 Bekis.
920 1833 950 1877 et
962 1821 1027 1877 Seu.
1047 1840 1092 1894 sp·
1112 1827 1156 1880 90.
1177 1823 1284 1890 (lb-imi

69 1889 227 1942 monalium
245 1921 275 1932 -
296 1897 430 1944 naturam
448 1892 645 1961 internuptam
661 1895 864 1964 sequebantur;
881 1897 998 1948 eandem
1014 1893 1151 1949 habehant
1179 1903 1207 1950 st
1230 1897 1284 1950 es·

68 1973 119 2010 cem
136 1966 162 2012 et
180 1962 281 2030 legem.
302 1995 334 2005 -
354 1963 410 2018 1110
429 1981 499 2032 ergo
518 1965 639 2029 saecuto,
658 1966 734 2036 qaod
750 1981 868 2018 aureum
882 1963 1039 2034 perbibent,
1067 1983 1151 2034 penes
1169 1967 1284 2036 sapisti·

69 2033 107 2080 tes
121 2029 211 2094 {nisse
229 2049 349 2102 regnam
366 2033 538 2089 Posidonius
554 2035 674 2092 indicat.
703 2067 736 2078 -
763 2036 821 2090 Sed
834 2043 983 2107 postquam
1000 2037 1214 2106 surrepentidus
1239 2038 1283 2092 vi·

69 2100 116 2152 tiis
137 2103 167 2156 ire
190 2105 373 2174 tyrannidem
399 2123 490 2176 regna
513 2123 596 2160 aerea
619 2111 693 2173 sust,
721 2121 792 2175 opus
815 2123 877 2162 esse
894 2107 987 2175 eoepit
1010 2108 1143 2177 legibus.)
1178 2109 1284 2175 „Quod

68 2171 146 2226 sirmi
164 2177 330 2232 fabulosum
349 2183 378 2232 st
397 2195 433 2232 ex
451 2193 540 2232 aureo
559 2177 674 2232 saeculo
693 2177 769 2250 apud
786 2183 886 2250 postas
904 2177 1049 2246 haustum,
1069 2180 1111 2232 ita
1129 2197 1283 2265 perperam

69 2257 100 2295 ex
116 2245 167 2300 illo
186 2247 353 2302 desumitur
371 2250 455 2326 urigo
474 2249 646 2316 uvantum,
673 2257 703 2302 et
722 2251 831 2306 rectius
849 2249 1023 2304 Aristoteles
1045 2251 1091 2304 ad.
1105 2251 1219 2304 Nisam.
1239 2255 1282 2316 ts,

67 2316 90 2369 1.
107 2315 262 2390 plerosque
280 2321 353 2374 dieii
371 2337 431 2374 nou
450 2321 603 2374 sicionios
621 2327 726 2375 ustura
744 2337 816 2388 esse,
840 2329 874 2375 ut
889 2319 996 2394 pudori
1021 2330 1153 2392 pareant,
1178 2322 1227 2377 sed
1244 2323 1284 2376 ti·

67 2389 166 2440 mori.u
184 2391 271 2461 liqut.
307 2391 347 2445 At
370 2409 398 2446 r.
424 2391 574 2450 Wisland.
599 2391 634 2446 sd
652 2392 723 2449 llos.
743 2391 765 2451 1.
777 2393 801 2448 1.
816 2401 885 2448 nota
903 2397 929 2450 9.
949 2400 978 2446 et
997 2395 1040 2448 lu.
1072 2425 1105 2437 -
1132 2409 1226 2464 eoque,
1250 2409 1282 2448 r.

67 2457 98 2510 ad
114 2463 138 2522 1.
157 2465 200 2528 16,
230 2467 254 2519 l.
293 2494 326 2506 ·-
356 2463 576 2518 sonorissimo
603 2471 633 2517 st
655 2463 744 2534 paula
770 2472 837 2536 post
861 2463 1079 2532 dominationes,
1115 2483 1144 2518 v.
1172 2465 1208 2519 ad
1239 2469 1282 2533 1²,

66 2531 113 2592 tu,
138 2535 162 2586 1.
205 2533 242 2588 ln
269 2535 327 2590 MS.
360 2534 625 2601 coercitationibus,
665 2535 715 2589 sed
748 2535 860 2605 syllaba
892 2541 923 2590 ta
955 2538 1072 2606 punctis
1102 2545 1209 2591 notata.
1247 2568 1300 2600 -,

66 2599 254 2732 timui·
279 2607 315 2732 :l
337 2611 367 2732 i
391 2609 441 2732 ῗῖἰ
458 2609 657 2732 nutu
675 2605 1282 2736 t‘ttthlttuattolite

87 2707 93 2722 ⁶
126 2715 131 2728 ·
1076 2721 1083 2736 ·
1159 2720 1165 2733 ·
1239 2735 1247 2750 ,
1270 2717 1281 2744 s

65 2743 97 2796 55
119 2694 195 2799 axell
239 2781 256 2813 „
289 2755 351 2804 ecta
377 2749 468 2806 Gran.
496 2749 595 2826 iungit
627 2745 744 2802 honesta
771 2757 869 2819 suopte
896 2749 1030 2820 ingenio,
1061 2757 1094 2802 ut
1123 2751 1165 2806 ite
1190 2749 1283 2808 hone·

66 2823 104 2868 aa
128 2827 253 2892 propter
280 2837 309 2874 se
334 2821 397 2892 ipsa
418 2823 483 2904 peti
512 2821 656 2886 dieantur,
689 2837 748 2874 non
775 2821 811 2875 oh
837 2825 975 2894 praemia.
1014 2821 1168 2876 Commode
1194 2821 1283 2878 affert

66 2885 122 2940 hir.
141 2893 167 2953 2,
193 2893 238 2946 ³⁰.
263 2897 296 2944 ut
320 2892 471 2961 imperium
496 2909 547 2946 suo
571 2891 713 2946 uehemens
735 2899 882 2948 mansueto
903 2893 1119 2962 pemnitteretaa·
1145 2893 1281 2962 ingenio.-

65 2973 125 3012 nsm
142 2960 292 3031 ingenium
309 2971 353 3017 est
370 2971 503 3018 nostrum
520 2965 653 3028 Natur,
681 2963 731 3018 Gn
753 2959 846 3034 φύσις,
872 2972 906 3017 ut
923 2967 952 3030 s,
970 2967 995 3020 4.
1020 2963 1057 3028 ll,
1080 2967 1108 3030 1,
1134 2969 1160 3021 4.
1184 2967 1212 3030 ὅ,
1237 2967 1280 3020 14.

65 3029 232 3101 (emnporum
254 3041 353 3105 suopte
377 3035 495 3105 ingenio
519 3033 703 3101 bumentinm)
735 3032 891 3090 Ernestius
916 3035 1014 3111 iungit
1040 3043 1138 3103 suopte
1163 3034 1282 3104 ingenio

63 3109 230 3172 peterauur,
250 3115 284 3160 ut
301 3113 399 3176 suopte
416 3109 535 3177 ingenio
554 3108 593 3160 sit
610 3113 709 3176 monte
727 3113 757 3162 et
776 3123 793 3161 o
814 3115 941 3178 ponatur
952 3105 1105 3174 praemiis:
1124 3115 1182 3160 non
1202 3107 1282 3162 anim
1310 3153 1316 3160 .

65 3179 159 3245 quaeri
185 3181 245 3233 ism
268 3177 302 3232 de
327 3180 411 3234 rebus
438 3197 493 3251 per
511 3194 540 3234 se
558 3177 702 3246 honestis,
721 3177 772 3232 sed
790 3125 826 3234 de
842 3175 973 3232 honestis
998 3178 1061 3231 sine
1083 3179 1281 3302 praemiorum

65 3263 110 3316 spe
126 3251 240 3320 petitis,
259 3251 349 3304 insito
367 3267 466 3306 amore
484 3249 609 3306 honesti.
646 3250 706 3304 lain
731 3265 803 3304 vero
827 3249 896 3304 satis
923 3255 1004 3304 recte
1031 3249 1082 3319 qui
1103 3267 1149 3303 em
1174 3249 1281 3322 aliquis

62 3325 154 3388 suopte
172 3321 291 3392 ingenio
310 3321 422 3394 aliquid
439 3331 541 3395 petere
558 3321 617 3375 diei
634 3329 741 3391 potest,
759 3331 794 3375 ut
813 3323 852 3376 sit
870 3327 984 3392 sponte3
1010 3337 1103 3392 neque
1121 3329 1217 3375 temen
1235 3321 1281 3376 vi-

63 3389 119 3456 deo,
138 3393 283 3463 quomodo
301 3391 417 3450 honesta
435 3399 533 3463 suopte
551 3391 668 3463 ingenio
683 3392 747 3462 peti
763 3395 889 3466 possint,
907 3399 941 3446 ut
958 3397 1056 3462 suapte
1080 3393 1196 3462 ingenio
1221 3401 1280 3462 tra7

62 3457 144 3515 hatur
161 3482 223 3519 non
242 3465 277 3518 sd
295 3483 337 3533 es,
356 3483 428 3536 quse
446 3473 595 3538 petantur,
619 3463 670 3518 sed
692 3463 728 3518 sd
745 3481 803 3531 eos,
831 3465 883 3536 qui
905 3471 1016 3538 petant.
1052 3463 1087 3518 ld
1103 3465 1191 3536 plane
1209 3481 1280 3519 eon-

62 3541 168 3590 tortum
188 3545 241 3593 est.
279 3537 407 3592 Honesta
447 3545 576 3602 etuntur,
595 3551 678 3608 quae,
698 3537 722 3588 si
742 3553 793 3589 suo
812 3537 930 3614 ingenio
953 3541 1106 3606 petuntur,
1130 3551 1189 3590 uon
1207 3536 1280 3590 elio-

62 3621 122 3658 rum
139 3609 204 3678 peti
222 3609 342 3684 iugenio
368 3609 428 3663 inte
454 3611 498 3684 igi
521 3615 653 3679 possunt.
690 3605 737 3658 Ex
755 3608 999 3679 interpretatione
1015 3606 1088 3660 Era.
1116 3609 1279 3663 necessario

62 3691 123 3730 eum
140 3680 224 3733 Acid.
245 3679 426 3734 scribendam
452 3688 513 3734 erat
537 3677 693 3748 peterent.“
722 3677 829 3732 Wutu.
867 3677 1040 3749 Saepissime
1063 3678 1221 3747 ingenium,
1244 3683 1280 3730 ut

61 3743 148 3874 builli
166 3758 400 3880 qm4qatq5ra¹3t
416 3749 522 3879 ι511901ιῖ
533 3749 653 3878 dibitull
677 3751 940 3878 qoqlmoqflnsqq.
959 3749 1041 3876 quq,
1059 3753 1085 3877 ⁴s'
1105 3747 1280 3888 iiiiii

61 3861 329 3961 satiatissime.
349 3859 454 3959 28:12.
476 3857 582 3958 37:54·
602 3896 646 3958 tu,
671 3858 715 3954 bb·
736 3893 810 3946 Plin.
829 3911 896 3962 pan.
922 3857 967 3950 ab.
988 3899 1018 3944 et
1035 3857 1073 3947 21.
1100 3923 1132 3934 -
1155 3907 1278 3944 morans

61 3963 89 4014 iu
106 3963 163 4018 MS.
183 3971 313 4019 marten.
334 3991 366 4004 —
385 3965 425 4018 At
441 3969 589 4034 postquam
608 3964 674 4017 esaei
691 3965 853 4035 aequalitas
870 3997 903 4009 -
922 3977 1059 4028 amasses,
1079 3965 1117 4016 ai.
1137 3963 1213 4028 itt,
1232 3965 1278 4018 38.

61 4032 126 4088 bell.
146 4035 211 4090 Cet.
231 4041 257 4103 2,
276 4039 301 4092 t.
321 4039 346 4090 7.
385 4035 451 4089 esui
477 4035 561 4089 infin.
587 4033 656 4088 hist.
695 4063 727 4078 -
752 4037 892 4090 modestia
917 4050 951 4088 aa
974 4033 1082 4103 pudore
1105 4049 1278 4103 synonyma,

60 4115 89 4157 ut
106 4109 196 4178 paulo
214 4117 283 4180 post
300 4107 492 4178 religionibus
510 4115 536 4160 et
556 4107 652 4161 divino
671 4107 750 4174 iureq
768 4105 852 4164 lietb.
872 4107 907 4161 ds
927 4121 1030 4176 synon.
1049 4121 1094 4176 sp.
1114 4103 1183 4158 Tac.
1201 4121 1230 4176 p.
1250 4107 1277 4158 7.

60 4175 134 4241 „sed
157 4195 221 4234 uon
247 4181 344 4234 omnis
367 4187 435 4233 sunt
458 4195 629 4252 synonyma,
663 4196 734 4250 quse
759 4185 860 4232 natura
885 4195 936 4232 seu
961 4185 1024 4230 arta
1043 4177 1199 4230 coniuncta
1216 4189 1278 4229 esse

61 4249 160 4304 solent.
200 4251 347 4306 Modestia
375 4252 507 4318 cernimur
530 4253 561 4304 in
589 4266 632 4313 eo,
662 4250 739 4322 quod
762 4251 876 4304 animus
899 4247 1005 4302 altiora
1033 4250 1154 4322 cupiens
1178 4247 1276 4312 abest,

58 4324 147 4386 pudor
172 4325 206 4378 in
229 4324 414 4396 aspernandis
436 4323 565 4400 flagitiis.
603 4323 706 4392 Neque
729 4337 891 4394 synonyma
912 4318 1070 4454 religliqqes
1096 4329 1125 4375 et
1149 4319 1277 4374 diuinum
