2774 4784
251 219 310 282 ns
332 217 448 284 aare
470 217 705 288 onerante.
749 221 778 304 s.
801 218 910 288 xxn.
1045 221 1189 281 aman

38 395 85 454 un
103 383 266 458 Puteolani
291 385 482 484 inscriptio
508 389 554 460 ad
579 401 837 485 argumentum
864 391 1010 486 dialogi,
1045 397 1077 466 si
1111 419 1187 470 non

36 485 197 577 aduersum,
230 489 290 558 cui
315 489 435 582 aptior
460 489 530 560 erit
560 499 693 579 nostra,
720 491 781 580 (de
806 515 878 586 qua
901 517 937 566 v.
964 495 1188 588 §.xxlltt

36 583 118 654 sdtem
136 588 377 682 praecipuum,
409 589 535 683 paucis
568 591 692 659 verbis
726 593 1012 689 exprimendum
1046 617 1189 668 accom-

34 685 158 756 nodatior
177 683 322 758 sidetem
347 709 458 782 quam
484 687 552 758 hae
579 687 782 782 Goeringii,
820 714 912 786 quae
937 702 975 764 et
997 693 1190 788 ambiguae

34 794 85 854 sunt
102 795 130 854 et
148 787 265 858 minus
290 809 482 880 congruae,
508 789 540 858 si
564 787 616 858 ita
640 797 682 859 ut
706 788 771 860 ille
796 789 877 860 vult
911 790 1117 884 capiuntur,
1148 805 1191 868 ut

33 907 76 952 uon
94 885 239 976 deterior,
272 887 338 958 sed
364 885 510 958 diversa
539 884 682 958 tantum
717 889 929 960 recentioris
962 889 1190 987 eloquentiae

34 982 125 1053 indoles
145 985 372 1079 significetur,
399 995 436 1058 et
460 1009 535 1058 non
561 997 761 1081 corruptae,
789 989 853 1060 sed
877 991 1092 1064 immutatae
1117 993 1227 1082 elo„

33 1085 146 1174 quentiae
171 1107 295 1158 musae
327 1085 366 1156 in
405 1085 550 1181 dialogo
592 1097 843 1182 exponantur:
889 1113 982 1184 quae
1015 1093 1192 1165 sententia

33 1183 174 1256 udonibus
197 1187 241 1256 ab
268 1211 313 1257 eo
337 1183 489 1281 prolatis
527 1185 765 1257 labefactatur
789 1189 913 1282 potius
939 1200 977 1260 et
1000 1189 1192 1284 refellitur,

30 1305 100 1373 quan
119 1283 284 1376 firmatam,
325 1295 362 1357 et
386 1287 432 1356 ab
459 1295 675 1381 argumento
709 1289 822 1358 totius
854 1287 989 1382 dialogi
1022 1289 1192 1367 consilio-

30 1403 73 1472 que
95 1385 262 1480 scriptoris
295 1384 414 1456 aliem
454 1396 518 1457 est.
580 1385 674 1456 Nam
707 1385 862 1458 Messala
901 1398 1001 1482 optat
1040 1392 1193 1486 quidem

28 1503 75 1574 up.
97 1482 140 1558 15.
164 1493 202 1556 ut
224 1487 333 1558 amici
358 1505 494 1558 consae
518 1479 625 1558 darius
650 1482 820 1580 infinitae
837 1483 1076 1581 differentiae
1094 1511 1194 1564 scra

29 1591 112 1654 tuter
145 1607 187 1656 ac
227 1581 408 1675 reddant,
459 1593 495 1656 et
536 1585 722 1657 Maternus
754 1583 966 1658 exhortatur
999 1589 1194 1662 Messalam

27 1681 103 1755 eil.
124 1693 161 1756 ut
180 1705 314 1758 amoos
339 1693 540 1778 expromat,
575 1705 642 1756 cnr
674 1683 713 1756 in
739 1697 880 1756 tantors
913 1685 961 1759 ab
987 1685 1195 1785 eloquentia

27 1791 145 1853 a'etenun
174 1795 357 1856 oratorum
397 1783 674 1856 recesserimus:
714 1785 779 1855 sad
815 1783 989 1858 recedere
1024 1800 1079 1860 est
1112 1789 1148 1861 h.
1168 1788 1193 1861 l.

27 1879 91 1950 iden
115 1885 203 1978 quod
234 1909 263 1956 c.
291 1885 350 1958 27.
378 1879 622 1980 degenerare,
661 1905 690 1955 c.
718 1883 777 1960 28.
814 1881 1032 1978 desciscere,
1076 1911 1106 1959 c.
1133 1885 1193 1964 24.

26 1973 100 2072 lorge
117 1979 246 2074 adase,
284 1995 328 2056 ut
354 1983 442 2054 alibi
467 1979 669 2073 declinare,
705 1980 927 2076 deflectam
975 1998 1012 2059 ot
1046 1985 1196 2081 infinita
1293 2031 1297 2036 -

25 2073 191 2170 differentia
213 2083 259 2155 ad
284 2083 541 2178 praestantiam
566 2084 728 2154 internae
752 2083 890 2156 indolis
914 2093 969 2156 est
995 2087 1193 2159 referenda.

26 2175 111 2272 laque
131 2181 213 2253 haec
235 2207 312 2255 non
337 2183 410 2254 alio
436 2205 546 2254 sensu
571 2182 668 2254 dicta
692 2207 804 2280 quam
831 2207 908 2278 cap.
935 2184 994 2258 27.
1029 2209 1097 2257 car
1122 2208 1195 2259 noa

24 2275 100 2350 aurs
127 2277 463 2378 degeneraverimrts
496 2279 544 2356 ab
578 2276 788 2376 eloquentia
819 2305 924 2377 quom
957 2307 983 2355 o
1021 2280 1197 2359 libertate

24 2379 146 2472 ntique,
168 2405 195 2453 c.
220 2381 280 2459 28.
308 2403 376 2454 car
405 2379 614 2476 eloquentia
645 2377 846 2454 desciverit
879 2379 928 2454 ob
963 2383 1038 2456 isto
1070 2399 1196 2460 cetere

23 2472 123 2568 glorio,
154 2505 180 2552 c.
205 2483 264 2558 25.
292 2493 329 2554 ct
361 2479 421 2555 27.
460 2501 528 2554 cur
562 2478 770 2576 eloquentia
809 2479 955 2554 illoram
995 2496 1196 2587 temporem

23 2576 188 2652 citerior
211 2593 247 2653 et
270 2581 416 2676 antiqui
440 2593 613 2654 oratores
644 2577 867 2653 disertiores
899 2579 1053 2676 fuerint,
1088 2609 1118 2656 c.
1146 2583 1196 2660 27

22 2695 54 2762 Pr·
80 2673 193 2771 padua
223 2677 409 2778 gradibus
440 2679 573 2774 fracta
606 2680 658 2752 sit
692 2693 728 2752 ct
760 2677 944 2753 deminuta
978 2679 1195 2780 eloquentia.

23 2769 74 2844 lloc
98 2801 175 2851 vero
208 2781 428 2876 primarium
469 2779 604 2874 dialogi
646 2780 905 2874 argumentum
946 2805 1024 2854 esse
1057 2783 1134 2854 iam
1172 2807 1192 2854 e

21 2873 114 2960 prinu
140 2879 216 2952 eius
250 2881 374 2952 vorbis
400 2889 482 2950 ete
520 2903 598 2974 cap.
631 2879 681 2953 24
695 2919 745 2934 -
758 2879 815 2953 42.
845 2879 982 2952 elucet:
1016 2905 1103 2954 nem
1129 2883 1196 2955 Fa-

21 2967 75 3042 lius
100 2978 212 3050 lustus
252 3003 298 3052 ex
339 2977 439 3051 illius
472 2989 616 3052 auctore
654 3001 768 3080 saepe
807 2979 1066 3074 requisiverat,
1117 3001 1195 3073 car,

21 3089 88 3159 pua
116 3079 249 3179 priora
282 3075 432 3152 soeculo
467 3091 524 3152 tot
555 3078 779 3153 eminentiam
814 3091 1003 3151 oratorem
1034 3078 1197 3174 ingeniis

20 3167 173 3270 eumque
197 3175 443 3275 effloruerint,
476 3191 609 3250 nostra
638 3177 868 3279 potissimum
899 3191 1007 3250 oetas
1044 3173 1197 3253 deserta

21 3269 151 3349 suade
176 3275 401 3374 eioqrrentioe
427 3275 563 3350 orbata
586 3277 651 3350 ota
676 3299 801 3350 nornen
827 3274 945 3379 ipsum
975 3280 1196 3352 oratoris

21 3371 164 3460 retusam
201 3401 315 3474 neqac
348 3377 439 3450 caira
472 3375 530 3449 ita
567 3369 818 3478 appellandos
851 3377 925 3450 nisi
952 3379 1195 3474 antiquos,

20 3457 107 3544 lorea
128 3488 244 3550 aetem
270 3491 471 3574 temporam
495 3473 658 3549 disertos
685 3473 967 3550 causidicos
993 3490 1030 3548 et
1055 3474 1197 3550 adco-

21 3581 117 3644 trtos
141 3587 177 3648 et
197 3591 441 3680 patronos
466 3577 525 3664 (et
551 3571 803 3668 rltetorcs)¹
837 3587 873 3646 et
899 3573 1044 3672 quidvis
1066 3575 1197 3678 potine

21 3683 332 3752 reseratores
357 3671 543 3752 vocandos
568 3698 657 3748 esser
710 3673 747 3754 Ia
785 3685 909 3746 autern
947 3671 1018 3748 tali
1039 3699 1197 3778 percon·

60 3811 227 3829 *ffl—n-

22 3879 53 3930 aa
71 3871 194 3955 dialogus
218 3877 334 3935 habitus
359 3895 419 3934 esse
435 3877 568 3956 fingitur,
595 3877 729 3950 pluribus
748 3877 904 3932 disserit-ur
927 3891 1032 3948 eaeque
1058 3877 1198 3932 duntaxat

22 3951 148 4002 emaum
167 3949 211 4004 elo
253 3953 348 4008 entiae
367 3967 475 4018 causae,
495 3967 568 4022 quae
586 3957 648 4002 tum
672 3949 865 4016 invaluerant,
890 3951 1112 4022 perquiruntur.
1155 3947 1199 4002 Ea

21 4015 90 4079 '‘l‘ll’s
113 4036 183 4088 quae
204 3971 251 4077 illu
265 4021 389 4078 historia
412 4021 537 4094 repetita
561 4029 638 4087 sunt,
666 4037 725 4074 non
748 4021 812 4075 ideo
832 4021 942 4092 scripta
960 4025 1036 4085 sunt,
1056 4027 1098 4085 ut,
1127 4033 1199 4090 quo

26 4083 74 4134 ⁴⁰⁴⁰
89 4091 256 4156 Procedente
274 4104 408 4164 tempore
427 4095 533 4147 sensim
552 4091 658 4146 senaim
680 4109 716 4146 ue
734 4090 915 4162 eloquentiae
942 4093 1037 4144 forma
1060 4107 1115 4174 per
1132 4108 1200 4168 gra-

22 4145 51 4198 ἐϋ
64 4161 133 4226 quasi
152 4175 287 4240 corrupta
312 4167 361 4232 sit,
386 4179 601 4242 cognoscamus,
629 4110 679 4218 aad
697 4167 729 4216 ut
746 4163 901 4236 pristinam
925 4161 1122 4234 eloquentiam
1141 4177 1203 4224 nou

22 4227 88 4298 7,]ῖῦ
104 4247 137 4285 0¹
174 4247 235 4292 arte
252 4239 425 4310 per-rectam,
444 4235 610 4294 sedoneris
629 4235 800 4304 quibusdam
818 4231 997 4304 maculisque
1016 4249 1200 4304 conspersam

20 4289 81 4350 lusae
96 4252 321 4386 intelligamus“
887 4377 940 4437 F*
