2828 4794
176 163 317 274 catur
338 159 497 228 Lxxvt.
519 161 694 236 uxxvn.
737 161 988 241 (tuaest.
1006 163 1043 227 G.
1063 167 1126 243 15.)
1207 169 1267 234 1³5

49 331 249 402 vituperatum
268 347 336 384 nam
353 345 387 386 so
406 345 493 384 seusu
511 326 540 382 b.
553 329 573 382 l.
593 329 727 400 arguisse
745 331 857 384 dictum
876 329 1061 396 crediderim,
1081 338 1110 386 et
1128 333 1266 398 arguebat
1318 332 1320 341 '

47 421 84 455 ox
107 403 253 472 proximis
280 401 378 456 verbis
397 401 598 472 supplendum.
636 401 682 460 Gt,
702 402 765 455 lnd.
793 401 846 457 lll.
877 419 902 454 v.
926 401 1049 470 Ellipsia
1071 409 1101 455 et
1118 400 1265 471 Syllepsic.
1347 425 1351 430 ·

46 473 192 527 Nonnulli
210 471 283 528 baec
301 472 450 532 rerbaita
469 490 483 527 e
542 482 630 528 nunt:
657 474 732 544 quod
749 473 851 541 uulgus
869 472 1095 539 somniatorum,
1119 471 1266 540 timidum,

46 544 168 614 (palam)
187 551 214 600 rt
229 550 316 613 pater
334 543 377 608 (in
397 489 541 608 anastisio

46 617 123 668 tioni
142 615 238 670 obstat
256 631 313 670 ror
330 615 486 680 dicebatur,
515 615 592 686 quod
617 625 660 670 est
706 617 803 670 uidam
821 617 961 680 dicebaut,
986 616 1073 668 atde
1091 632 1124 669 re
1142 633 1202 672 non
1220 617 1266 670 ni·

44 688 101 740 mis
121 696 213 753 certa,
232 688 318 758 quale
337 687 414 758 quod
427 686 562 740 'liberius
581 705 647 747 auin
665 636 728 741 aiio
747 689 779 740 in
798 697 912 742 secreto
930 695 1040 763 egerat.
1067 687 1100 740 ld
1118 703 1188 742 vero
1206 704 1266 744 nou

46 759 185 814 convenit
202 758 323 828 populo,
343 759 425 814 ouius
443 757 559 812 affectio
576 757 693 829 publiea
711 768 780 812 nota
796 757 889 812 fuit.“
918 759 1006 814 Gran.
1027 789 1074 812 -.
1098 757 1156 812 Gur
1174 760 1265 813 absti-

45 832 142 884 nuerit
160 831 320 898 wectaeulo
337 830 408 897 ipse,
426 829 570 886 Tiberius.
589 829 673 894 Rem,
698 847 757 884 non
782 847 897 884 causam
920 828 1210 893 inaeniorum.
1231 861 1264 873 -

44 901 593 1029 mittimimii‘ii'i'ii
611 905 638 1028 i'
657 903 685 968 ‘³'
704 897 1099 1026 ¹·..1..t“t‘.'{.t“t⁶.t't.
1111 899 1267 1049 ‘titt
1278 973 1280 981 ·

329 1015 336 1030 ·
414 1013 418 1023 ·
516 1007 525 1038 s
587 1009 596 1036 r
634 1015 641 1028 ·
661 1003 693 1014 ··
948 1008 958 1038 a

45 1061 109 1097 cum
127 1058 163 1097 eo
181 1041 406 1119 congrediendie
426 1043 496 1098 Era.
517 1071 549 1082 -
586 1043 714 1098 tristitia
738 1043 862 1112 ingenii,
887 1063 915 1098 r.
941 1041 977 1112 sd
1061 1046 1113 1099 ,9.
1135 1059 1164 1098 a.
1183 1047 1210 1098 4.
1230 1073 1263 1084 —

43 1115 110 1183 quia
126 1114 279 1183 Augustus
298 1115 418 1168 comiter
435 1115 609 1184 spectaculis
628 1117 671 1170 iut
718 1116 820 1181 uisset,
848 1123 881 1168 ut
899 1113 937 1170 al.
956 1112 1014 1166 ciui
1026 1120 1084 1168 ster
1102 1122 1131 1168 et
1145 1114 1264 1182 popula-

44 1186 125 1238 riter.
146 1205 175 1238 v.
195 1186 274 1250 adl,
294 1189 338 1252 33,
361 1191 385 1242 l.
406 1193 436 1240 et
454 1189 492 1238 ci.
522 1185 646 1242 Suana
688 1189 759 1244 Λᾶ.
793 1187 844 1240 ubi
862 1186 983 1238 casuue
1002 1183 1075 1238 haec
1097 1186 1263 1240 annotavit:

44 1257 116 1321 ,itio
135 1257 219 1310 locus
236 1257 376 1323 declarat,
402 1275 488 1327 mam
506 1275 611 1328 parum
629 1206 720 1334 rhigo
746 1259 929 1330 probaretur,
959 1257 985 1308 ai
1007 1257 1147 1326 Princeps
1173 1255 1264 1310 alium

43 1328 245 1393 substitueret,
274 1329 325 1398 qui
351 1343 432 1384 suem
450 1329 545 1382 ricem
563 1329 640 1382 ludis
664 1338 821 1402 praeesset.
858 1328 989 1382 Iulianus
1007 1343 1122 1398 quoque
1140 1327 1265 1398 Misopo-

78 1417 116 1454 ne
135 1415 241 1470 parum
261 1417 291 1452 se
310 1399 400 1476 vulgo
423 1407 538 1476 gratum
564 1401 655 1454 fuisse
673 1401 795 1466 indicat,
822 1399 901 1471 quod
927 1398 958 1450 tr
979 1397 1265 1470 satrianodpoptuse

59 1464 216 1542 urpspeiew
232 1487 292 1523 non
311 1471 419 1526 soleret
435 1471 521 1526 modo
538 1473 672 1541 priorum
693 1472 873 1542 Principum.
910 1469 978 1523 ldeo
996 1469 1040 1522 lm
1062 1487 1090 1540 p.
1110 1471 1264 1524 assiduita-

43 1553 99 1598 tem
125 1543 159 1596 in
187 1541 352 1612 spectandis
377 1542 454 1596 ludis
477 1543 627 1598 nominant
650 1544 876 1613 popularitatem
899 1541 928 1596 le
991 1542 1009 1596 2
1123 1540 1263 1597 Theodos.

42 1615 75 1668 de
97 1614 150 1670 off.
177 1621 249 1668 rect.
268 1630 352 1684 prov.
388 1614 500 1668 Eodem
525 1623 657 1670 sectant
681 1615 768 1668 verba
795 1613 892 1668 Taciti
943 1629 992 1667 nu.
1021 1617 1049 1678 1,
1073 1615 1118 1668 et.
1163 1612 1263 1680 Augu-

43 1693 101 1738 stus
119 1684 208 1738 ciniis
227 1685 344 1740 rebatur
366 1685 484 1742 misceri
505 1631 697 1753 ooiuptatibua
715 1686 805 1753 vulgi,
825 1693 863 1746 et,
882 1701 969 1754 quam
984 1691 1069 1737 vocat
1084 1683 1261 1750 civilitatem,
1331 1701 1335 1710 “

42 1757 149 1810 Graeci
166 1752 392 1828 συμπεριφοράν,
411 1766 455 1824 at,
484 1775 574 1826 quum
600 1757 771 1828 Simplicius
797 1758 829 1828 in
852 1756 1025 1826 Epictetum
1049 1755 1130 1810 inter
1154 1771 1262 1822 oanan,

42 1845 111 1898 qum
130 1835 254 1897 possunt
271 1830 434 1899 sapientem
453 1827 616 1898 impellere,
642 1837 674 1880 ut
697 1829 781 1882 ludos
799 1825 955 1896 aliquando
972 1834 1134 1910 spectatum
1153 1827 1261 1891 veniat,

42 1903 136 1953 refert
152 1895 202 1962 τὴν
219 1894 288 1970 πρὸς
305 1897 367 1960 τοὺς
385 1897 504 1958 πολλοὺς
520 1895 746 1972 συμπεριφοράν.
782 1903 884 1969 Βαρεῖς
900 1893 965 1968 γὰρ,
983 1897 1093 1968 lnquit,
1113 1902 1262 1967 petronas

42 1970 135 2030 sirete
151 1971 180 2022 ol
196 1967 247 2038 sip
263 1967 370 2039 συνήθη
392 1968 535 2042 διαγωγὴν
556 1968 733 2045 ineptaque
751 1971 906 2032 δοκοῦντες,
931 1969 1033 2024 tristes
1051 1977 1079 2024 et
1103 1969 1195 2024 seueri
1212 1979 1262 2024 aut

41 2060 145 2112 graver
160 2051 193 2097 et
208 2043 307 2098 odiosi
321 2047 412 2114 *uulgo
430 2043 575 2112 habeatur,
604 2045 654 2115 qui
676 2045 754 2100 uitae
770 2042 925 2096 cormunis
944 2043 1174 2098 consuetudinum
1197 2043 1262 2096 aab·

41 2119 188 2182 termera
210 2116 372 2170 uidentur.“
392 2151 425 2162 -
462 2133 620 2187 quanquam
654 2117 687 2172 id
713 2133 819 2186 quoque
844 2115 952 2168 dictam
977 2121 1021 2168 eat
1048 2115 1112 2168 edd.
1141 2133 1200 2170 rec.
1225 2133 1262 2168 ex

41 2188 154 2242 emend.
173 2189 252 2260 lips.
289 2199 447 2260 quanquam
474 2189 507 2242 id
552 2189 608 2242 uod
632 2189 659 2242 d.
677 2195 731 2242 est.
768 2188 808 2240 Ar
827 2185 935 2241 theatri
953 2194 1007 2238 cet.
1026 2185 1084 2242 MS.
1103 2187 1259 2240 materiem.

42 2276 199 2329 quanquam
216 2261 250 2314 id
267 2263 341 2332 quod
359 2263 387 2315 d.
404 2267 460 2326 est,
486 2277 505 2313 a
523 2207 630 2314 theatri
649 2269 702 2314 cet.
725 2259 769 2314 ed.
788 2261 853 2315 Bar.
880 2271 1049 2328 quanquam,
1074 2259 1108 2312 id
1135 2259 1208 2328 quad
1232 2259 1259 2312 d.

42 2339 89 2398 est,
110 2329 221 2386 theatri
246 2333 308 2389 edd.
333 2331 425 2390 liban.
452 2339 481 2386 et
500 2341 554 2388 oet.
582 2333 765 2398 „materiem
784 2330 977 2394 occasionem,
997 2331 1259 2400 opportunitatem,

42 2411 71 2456 ut
87 2422 135 2475 ap.
156 2403 237 2460 Suet.
258 2403 318 2460 Oct.
339 2409 382 2462 lb.
401 2407 444 2461 32
465 2404 566 2460 Claud.
585 2407 611 2459 4.
632 2411 662 2457 et
677 2402 746 2460 al.“
787 2397 894 2456 Wattt.

435 2556 627 2612 CAPUT
681 2555 863 2611 nxxvtt.

120 2683 166 2745 At
188 2684 312 2744 theatri
338 2684 474 2744 licentia
506 2686 660 2764 proximo
697 2685 811 2766 priore
846 2701 934 2744 anno
963 2680 1080 2764 coepas
1121 2684 1260 2766 gravius
1294 2683 1303 2700 “

40 2777 110 2828 tam
132 2769 258 2850 erupit,
280 2768 397 2828 occisis
418 2783 486 2826 non
507 2765 606 2828 modo
629 2787 647 2827 e
668 2767 774 2848 plebe,
808 2764 866 2826 sed
893 2765 1058 2826 militibus
1090 2769 1123 2826 et
1145 2773 1259 2826 eentu-

42 2855 144 2922 riona,
182 2851 359 2912 vulnerato
389 2849 525 2910 tribuno
553 2851 743 2932 praetoriae
775 2847 935 2928 cohortis,
969 2848 1048 2910 dum
1069 2847 1196 2930 probra
1223 2847 1259 2908 in

42 2937 255 3018 magistratus
277 2942 310 2994 ot
332 2931 572 2994 dissensionem
594 2931 687 3018 vulgi
709 2931 918 3016 prohibent„
944 2931 1064 2994 Actum
1087 2929 1127 2996 de
1149 2949 1188 2992 ea
1209 2949 1258 2992 se-

41 3017 165 3078 ditione
194 3015 282 3098 apud
312 3015 425 3076 Patres
452 3012 713 3097 dicebanturque
742 3017 936 3088 sententiae,
971 3021 1009 3074 ut
1045 3013 1258 3095 praetoribus

42 3101 89 3160 ius
114 3100 290 3185 virgarum
312 3101 347 3160 iu
369 3099 550 3162 histriones
574 3107 667 3160 esset.
712 3097 904 3160 intercessit
925 3097 1087 3157 Haterius
1108 3093 1258 3180 Agrippa
1308 3111 1312 3116 ·

42 3185 194 3244 tribunus
227 3181 349 3263 plebei,
371 3183 620 3263 increpitusque
641 3189 692 3243 est
713 3182 821 3244 Asinii
838 3179 929 3242 Galli
951 3181 1115 3255 oratione,
1137 3178 1257 3238 silente

41 3265 190 3345 Tiberio,
211 3266 268 3344 qui
290 3285 328 3325 ea
349 3265 526 3328 simulacra
548 3265 714 3327 libertatis
744 3265 875 3326 senatui
904 3261 1092 3344 praebebat.
1139 3259 1258 3322 Valuit

42 3358 147 3410 tamen
168 3349 374 3425 intercessio,
397 3346 474 3430 qnia
495 3346 592 3408 divus
614 3348 782 3434 Augustus
805 3348 969 3408 immunes
996 3345 1178 3407 verberum
1206 3342 1256 3402 hi-

41 3437 182 3515 striones
216 3430 382 3514 quondam
411 3429 629 3513 responderat
664 3451 768 3512 neque
802 3433 849 3490 tas
884 3425 1036 3504 Tiberio,
1071 3427 1257 3511 intringere

42 3514 127 3577 dicta
156 3517 240 3576 eius.
292 3515 342 3576 Dc
371 3511 471 3576 modo
497 3515 620 3576 lucaris
642 3523 676 3575 et
701 3511 862 3576 adversus
889 3511 1059 3574 lasciviam
1086 3513 1256 3572 fautorum

42 3599 142 3660 multa
164 3597 405 3674 decernuntur,
427 3615 466 3658 ex
489 3597 561 3679 quis
583 3599 723 3658 maxime
744 3597 907 3682 insignia:
939 3613 981 3654 ne
1002 3592 1118 3654 domos
1139 3601 1255 3674 panto·

41 3683 219 3742 mimorum
242 3691 376 3742 senator
398 3681 573 3752 introirem
595 3701 637 3742 ne
658 3678 861 3767 egredientis
882 3679 917 3737 in
940 3675 1109 3759 publicum
1127 3676 1256 3756 equites

42 3761 179 3826 Romani
199 3765 382 3850 cingerent,
411 3769 470 3824 aot
497 3764 575 3826 alibi
597 3781 693 3845 quam
721 3763 756 3822 in
786 3760 918 3822 theatro
945 3766 1200 3840 spectarentur3
1222 3765 1257 3819 et

41 3845 258 3990 bpertentium
288 3843 531 3909 immodestiam
560 3847 675 3908 exsilio
700 3841 883 3907 mulctandi
911 3849 1058 3926 potestas
1087 3840 1254 3924 praetori·

60 3951 98 3992 us
119 3931 226 3993 lieret.

108 4053 133 4104 l.
159 4052 201 4102 At
229 4046 339 4100 theatri
363 4046 482 4100 licentia
502 4043 553 4113 (ut
570 4049 615 4113 1³,
633 4045 694 4114 24.)
717 4041 849 4115 proximo
869 4041 970 4112 priore
992 4057 1068 4095 anuo
1090 4044 1197 4108 coepta,
1226 4057 1253 4092 v.

41 4118 226 4186 nealal.
247 4123 321 4184 etl,
341 4121 429 4184 tal.
457 4127 487 4174 et
511 4120 550 4171 cf.
569 4118 625 4172 Dio
642 4121 689 4184 56,
708 4121 751 4174 il.
790 4115 963 4184 „Proainass
991 4122 1020 4168 et
1042 4111 1172 4180 proxime
1195 4125 1254 4162 uon

42 4189 138 4260 inepte
154 4191 273 4245 additur
296 4179 395 4244 verbis
418 4189 512 4259 prior,
546 4189 680 4259 superior
702 4198 732 4244 et
756 4185 883 4254 inferior
905 4201 997 4238 annue
1020 4193 1050 4238 et
1071 4182 1159 4248 ortis,
1186 4181 1253 4253 quia

42 4276 139 4316 omnes
147 4261 364 4336 praecedentes
388 4263 457 4316 suni
481 4269 512 4316 ot
536 4263 618 4318 orbes
643 4271 711 4317 sunt
726 4261 852 4332 priores,
880 4257 1055 4328 superiores.
1079 4273 1107 4311 v.
1127 4253 1251 4320 (licor.

539 543 674 614 arguisse
692 545 848 612 dicebatur.
886 542 972 610 „Sed
995 543 1066 597 huic
1082 544 1267 615 ,intorpreta-
1348 597 1351 614 ,
