2762 4788
135 190 179 258 et
265 269 269 282 ,
510 193 788 298 ΙΛικιΝΔωυὶιι
815 195 898 262 ms.
921 197 948 264 1.

135 355 208 409 facit
224 355 352 412 adulitia
371 357 490 426 saeculi,
509 375 546 414 ex
563 375 621 416 uno
638 367 735 416 umen
752 359 859 418 haram
877 363 1117 438 locorum-plene
1133 375 1264 454 afferet,
1283 387 1310 426 a.
1324 372 1365 428 U.

134 427 188 482 tte
205 444 222 480 a
241 436 342 482 senatu
360 446 424 484 rem
442 431 571 484 nandum
589 433 778 488 constitutam
795 435 845 490 nel
862 435 1032 494 ordinatam,
1052 438 1146 492 nasse
1169 457 1201 493 m
1224 442 1248 495 s'
1315 443 1368 496 las

134 512 233 554 annos.
269 499 382 570 Neque,
410 499 436 554 si
458 501 489 555 id
515 504 626 556 factum
650 512 742 572 esset,
766 505 833 560 fleri
859 513 984 577 poterat,
1011 515 1046 562 ut
1062 525 1152 578 nunc,
1178 459 1368 582 ᾳιιιζῗξιυὶὴίἰ

133 576 231 621 acuum
251 579 338 638 esset,
355 571 468 625 tribuni
485 572 529 644 pl.
548 589 665 644 operam
683 592 764 630 suam
780 593 815 630 ac
832 577 1133 662 sumptusafferrent,
1151 590 1202 636 aut
1219 583 1254 637 ds
1273 585 1368 640 mado

133 639 301 694 celebrandi
322 641 384 695 ulla
407 643 582 699 consultatio
606 645 682 715 apud
706 655 837 702 senatum
862 649 1024 706 orsretun“
1043 651 1134 718 Wolf.
1171 653 1290 719 „Immo
1308 673 1368 708 aaa·

132 719 188 834 spa
206 718 250 795 est
268 712 368 783 inepta
385 713 557 800 tautologia,
588 715 726 802 quoniam
749 717 785 772 de
810 718 888 802 ludis
913 722 1017 802 annus
1041 737 1204 778 sermonem
1223 741 1288 780 esse
1305 745 1369 798 per

59 874 76 924 ,ψ
271 785 842 942 „ns
857 790 1369 862 a*

132 921 189 976 Dia
215 925 262 990 bl,
279 927 339 1008 ξω
354 927 404 978 nal
425 945 505 1016 saona
531 927 595 1000 pla,
618 933 708 1016 eutrop
729 927 768 1002 μὴ
791 934 945 1002 ψηφισθέν,
969 933 1001 988 ir
1023 937 1110 990 πᾶσιν
1133 932 1170 1022 sie
1189 939 1287 1026 ²elnftn
1304 947 1371 1002 τοῖς

132 993 224 1080 ἔτεσιν
240 1011 310 1068 προς
326 1013 399 1058 τινος
416 1014 472 1084 aar
489 1001 533 1088 ast
549 1014 775 1074 maatnyovrsar
791 1001 926 1074 tranem,
945 1013 976 1058 et
989 1006 1034 1072 bb,
1046 1007 1090 1064 28.
1108 1025 1164 1090 aar
1181 1011 1226 1092 nel
1236 1029 1370 1065 masen-

133 1065 252 1122 onnrf‘
279 1067 386 1122 Wattt
422 1067 472 1124 Sto
491 1079 521 1125 et
538 1085 651 1125 amenta
674 1077 825 1138 praetorem
840 1091 903 1160 pro·
919 1083 1048 1143 mare
1071 1093 1138 1133 anm
1161 1095 1290 1150 maone
1317 1084 1370 1136 ‹li-

133 1144 214 1192 ctam
231 1139 371 1209 putabant
395 1141 417 1194 1.
437 1141 528 1198 Gran.
546 1142 619 1200 Era.
638 1141 745 1202 tillem.
771 1144 851 1202 Brat.
870 1146 935 1218 Brp.
946 1161 1043 1228 'meaa
1065 1164 1123 1204 mm
1140 1151 1179 1204 ad
1192 1160 1369 1218 prmorern,

132 1207 178 1262 cai
196 1217 252 1266 oet.
270 1211 348 1264 ocni.
366 1209 471 1268 Kiessl.
492 1211 537 1270 Gi.
556 1212 637 1281 adl,
655 1216 698 1272 bi.
719 1247 752 1261 ·-
770 1215 817 1270 ani
832 1217 906 1272 inter
923 1233 998 1272 aces
1015 1225 1043 1272 et
1057 1235 1170 1288 perege.
1187 1223 1206 1277 i.
1224 1225 1369 1282 evenient

134 1288 222 1350 same,
246 1287 280 1336 ut
297 1281 443 1338 obvenerat
460 1281 532 1360 Agr.
551 1288 578 1344 b.

504 1519 507 1528 ,
575 1457 770 1515 assur
814 1459 911 1520 svs.

114 1597 135 1646 '.
215 1560 285 1624 Hic
305 1581 421 1626 rerum
441 1562 646 1628 urbanarum
666 1575 773 1630 status
793 1577 877 1647 erat,
899 1588 1003 1652 quam
1023 1568 1228 1634 Pannonicas
1252 1570 1369 1658 legio-

134 1661 191 1706 nes
212 1643 334 1707 seditio
354 1648 502 1724 incessit,
524 1647 627 1710 nullis
647 1651 744 1714 novis
765 1653 885 1724 causis,
908 1652 975 1713 nisi
993 1649 1081 1736 quad
1093 1659 1241 1714 mutatus
1261 1653 1369 1714 Prin-

134 1745 210 1808 ceps
238 1727 409 1790 licentiam
436 1729 614 1791 turbarum
642 1741 678 1794 et
704 1752 746 1794 ex
773 1733 867 1797 civili
896 1733 984 1796 bello
1015 1753 1107 1816 spem
1128 1733 1368 1815 praemiorum

134 1807 338 1876 ostendebat.
388 1809 515 1874 Castris
548 1812 685 1878 aestivis
724 1822 795 1876 tres
834 1816 933 1878 simul
966 1815 1114 1906 legiones
1147 1813 1369 1880 habebantur

133 1891 345 1974 praesidente
370 1893 469 1956 Iunio
496 1895 630 1974 Blaeso,
662 1897 730 1980 qui,
763 1897 830 1960 fine
859 1899 1003 1986 Augusti
1031 1909 1066 1962 et
1095 1900 1202 1962 initiis
1223 1895 1370 1962 Tiberii

133 1973 269 2054 auditis,
305 1977 349 2040 ab
382 1978 548 2040 iustitium
574 1987 633 2042 aut
664 1977 823 2067 gaudium
851 1981 1080 2049 intenmiserat
1111 1982 1210 2044 solita
1230 1985 1371 2045 munia.

133 2058 182 2122 Eo
203 2060 369 2142 principio
390 2061 546 2126 lascivire
566 2063 671 2140 miles,
702 2059 907 2143 discordare,
935 2066 1071 2147 pessimi
1099 2067 1263 2148 caiusque
1291 2087 1369 2129 ser-

133 2141 287 2205 monibus
307 2144 470 2225 praebare
491 2163 601 2226 aaron,
623 2142 764 2228 denique
784 2145 900 2208 luxum
921 2147 1083 2228 statium
1099 2165 1235 2230 cupere,
1261 2145 1371 2212 disci-

133 2227 257 2310 plinam
279 2233 314 2290 et
334 2225 483 2289 laborem
504 2229 689 2310 aspernari.
732 2229 815 2290 Erat
841 2230 877 2289 in
904 2232 1023 2291 ansuis
1051 2230 1255 2293 Percennius
1292 2236 1371 2316 qui-

134 2307 222 2388 dam,
256 2307 323 2372 dux
350 2309 432 2372 olim
462 2309 679 2372 theatralium
708 2329 900 2394 operarum,
937 2311 1014 2374 dein
1046 2313 1221 2400 gregarius
1250 2315 1371 2392 miles,

134 2411 259 2492 procas
286 2393 401 2492 lingua
427 2401 463 2456 et
490 2391 629 2458 miscere
659 2401 775 2458 coetus
802 2393 993 2458 histrionali
1014 2395 1134 2495 ⁸²¹¹f¹l⁰.
1154 2393 1287 2460 doctus.
1338 2399 1372 2462 Is

134 2477 1371 2645 {titillantisttttttttlstttt‘ttntltttt”tte

134 2643 171 2704 iu
198 2661 373 2724 vesperam
405 2643 460 2704 die
486 2649 521 2704 et
549 2641 683 2726 dilapsis
712 2643 920 2720 melioribus,
952 2643 1172 2707 deterrimum
1193 2663 1372 2730 quemque

135 2743 351 2814 congregare.
393 2726 578 2804 Postremo,
606 2727 770 2809 promptis
796 2729 864 2788 iam
889 2735 924 2790 et
949 2727 1024 2790 aliis
1052 2725 1225 2790 seditionis
1257 2731 1370 2792 mini-

136 2811 227 2888 stris,
248 2807 343 2872 velut
363 2807 654 2871 contionabundus
675 2811 922 2898 interrogabat:
997 2809 999 2816 ’

207 2949 231 3004 1,
251 2943 421 2998 Pannonicas
444 2941 567 3010 legiones
592 2945 632 3011 (v.
652 2945 716 3002 lnd.
734 2945 758 3002 l.
778 2953 808 3000 et
825 2946 860 3000 ad
887 2945 923 3004 G.
941 2952 967 3004 1.
995 2963 1024 3004 n.
1044 2945 1084 3011 1.)
1109 2943 1209 2999 sedala
1232 2944 1372 3012 incessit,

112 3075 114 3082 y
136 3019 173 3072 ol.
193 3013 272 3072 Suet.
291 3011 356 3071 Tib.
374 3017 418 3072 76.
455 3016 511 3070 Dic
529 3019 573 3084 5⁷,
593 3020 619 3074 i.
642 3017 718 3074 Vell.
737 3020 767 3080 2,
791 3021 851 3074 125.
881 3045 913 3057 —
941 3023 1056 3072 nanas
1071 3017 1203 3085 &inceps
1227 3025 1289 3075 eet.
1314 3020 1373 3073 Ar-

135 3095 205 3166 guta
222 3087 350 3145 brevitis
372 3103 427 3158 pro
454 3089 566 3142 mutatio
591 3087 761 3156 principatus
789 3097 850 3143 erat
873 3089 969 3214 prima
988 3107 1072 3144 causa
1096 3090 1263 3152 turbarum,
1292 3109 1373 3162 quae

136 3159 316 3212 ostentabant
334 3161 514 3214 occasionem
532 3161 626 3226 lucri;
648 3161 735 3227 Wolf.
755 3178 782 3216 v.
802 3161 864 3218 lnd.
890 3161 927 3214 ll.
947 3179 975 3216 v.
990 3160 1143 3228 Pmtiaipia
1156 3161 1268 3225 sannae
1290 3177 1372 3229 paee.

134 3247 183 3298 pra
210 3229 397 3284 substantivis
423 3232 582 3288 abstractis.
628 3232 684 3285 Pro
708 3231 864 3284 ostendebat
881 3229 1023 3288 Freineh:
1045 3233 1078 3296 in
1095 3231 1159 3287 lnd.
1178 3231 1266 3285 Flori
1288 3236 1371 3290 coni.

135 3302 296 3356 ostentabat.
335 3299 399 3356 lica
417 3319 485 3356 sane
502 3301 606 3356 'l'acito
624 3305 671 3356 ire
713 3305 809 3357 entius
828 3311 888 3357 ests
915 3297 1184 3358 sedentibus-atio
1209 3307 1373 3358 nonsatis

135 3373 228 3440 valet3
250 3371 338 3431 Wolf.
359 3403 390 3415 -
412 3373 523 3432 Castris
541 3373 655 3426 aestivis
725 3375 838 3428 ebontur
855 3381 912 3427 tres
928 3365 1011 3429 sinai
1026 3375 1158 3440 legiones,
1186 3391 1215 3429 v.
1236 3391 1307 3445 cap.
1325 3379 1371 3432 30.

135 3447 178 3498 De
195 3444 274 3496 lanio
291 3445 396 3499 Blaeso
423 3453 452 3499 et
478 3444 542 3498 lilia
565 3445 627 3498 eius
655 3463 682 3501 v.
702 3446 809 3502 Ind'l.
836 3453 865 3499 et
883 3446 959 3502 vell.
978 3450 1005 3513 2,
1025 3448 1086 3503 125.
1111 3477 1144 3488 -
1167 3443 1309 3499 iustitium
1329 3448 1371 3498 in-

135 3519 234 3570 dictura
248 3523 362 3584 propter
373 3514 455 3579 finem
472 3517 605 3582 Augusti,
625 3525 750 3571 mortem
769 3517 840 3582 eius,
859 3515 902 3584 (v.
922 3517 958 3571 ad
975 3519 1003 3582 2,
1022 3519 1066 3581 ⁷1,
1083 3513 1127 3582 7.)
1153 3523 1201 3569 ant
1228 3519 1375 3581 gaudiam

135 3587 1375 3732 tittbttulbifflslttbtlttn³ttttllttt'tnltttzstt

320 3703 325 3715 ι
461 3695 471 3722 5
1076 3703 1082 3717 ι

66 3779 69 3784 .
135 3749 198 3786 ram
222 3733 327 3784 iterato
351 3737 418 3784 nata
440 3731 489 3786 vel
515 3730 627 3784 adiecta
648 3747 712 3786 esse
730 3731 765 3785 ab
783 3730 891 3802 aliquo,
919 3732 981 3801 qui,
1010 3731 1157 3784 iustitium
1183 3729 1256 3800 quid
1278 3741 1374 3796 esset,

135 3820 238 3874 patum
255 3809 337 3857 recte
355 3804 493 3874 tenuerit.
530 3801 663 3858 Fuerant
681 3801 760 3856 enim
778 3803 882 3864 leniae,
909 3801 1101 3888 gaudentibus
1125 3803 1207 3854 iuxta
1232 3809 1265 3854 et
1286 3820 1375 3857 mae-

135 3875 267 3930 rentibus
287 3873 413 3927 indiotae
432 3891 468 3928 ex
485 3889 575 3940 more,
604 3875 682 3928 sicut
707 3873 794 3928 hodie
814 3874 928 3950 publici
951 3873 1047 3928 luctus
1075 3873 1106 3928 in
1131 3877 1226 3925 morte
1243 3871 1375 3926 Princi-

155 3963 220 4002 um,
253 3944 386 3999 secutam
404 3960 471 4000 max
489 3955 546 4016 aut
557 3946 742 4002 coniunctam
761 3961 828 3998 cam
846 3945 961 3999 iustitio
977 3945 1069 3998 husee
1093 3943 1240 4014 publicam
1259 3953 1375 4026 gntu-

134 3965 276 4072 lationem
295 4033 345 4071 seu
362 4015 516 4084 laetitiam,
541 4034 596 4071 nas
638 4033 685 4071 am
709 4017 791 4092 lego,
827 4025 857 4070 et
881 4015 1013 4088 ineptam
1041 4015 1160 4068 videtur
1175 4013 1316 4078 gaaditas
1336 4017 1374 4070 de

156 4089 278 4142 raesidis
302 4087 408 4142 allecta
455 4089 560 4143 riveto.
624 4089 722 4142 asinus
744 4086 870 4142 malebat
896 4087 930 4139 ob
956 4087 1118 4142 saeuitiam
1144 4091 1192 4138 ast
1218 4087 1374 4151 gaudisteo.

135 4107 233 4214 liliam
252 4160 389 4232 ineptius.
453 4161 575 4226 icamne,
594 4159 672 4230 quod
689 4161 807 4213 sentia?
843 4157 917 4212 Mihi
934 4157 990 4213 hoo
1004 4167 1099 4212 totam
1119 4155 1245 4234 glossam
1266 4157 1376 4215 clet.“

137 4231 227 4298 Wals.
264 4229 424 4288 Enimvero
453 4230 585 4284 iustitiam
609 4231 681 4284 olim
707 4231 737 4284 in
762 4231 892 4284 tumultu
918 4238 969 4284 sut
993 4229 1157 4284 calamitate
1180 4228 1375 4284 adtestatus-e

137 4303 339 4360 oonsulibusve
363 4321 399 4356 ex
423 4304 544 4359 decreta
559 4310 684 4372 senatus,
704 4309 733 4358 et
750 4299 797 4360 bis
815 4301 994 4373 temporibus
1018 4302 1049 4357 in
1067 4302 1170 4356 funere
1188 4299 1374 4374 principum
