2868 4792
256 233 400 300 CAPUT
420 235 512 302 XIX.
535 237 612 310 XX.
640 238 745 320 (1.11.
758 239 830 309 773.
859 242 899 306 Α.
913 239 949 308 G.
969 237 1054 322 16.)Ι
1191 243 1252 312 181

49 401 93 456 vel
118 407 201 457 extra
218 401 327 456 Urbem
344 403 531 474 capiebantur
563 414 593 460 et
617 407 735 477 quidem
758 423 775 462 a
796 407 953 462 maioribus
977 425 1006 462 m
1046 410 1192 464 'stratibus
1221 411 1253 464 in

49 474 115 527 locis
140 475 229 597 effutis
256 481 285 528 et
311 473 362 526 sub
395 475 443 529 dio
476 475 606 532 adhibito
633 497 752 556 augure,
786 479 833 534 vel
857 480 889 534 in
911 481 974 550 ipso
997 488 1026 534 ta
1045 481 1180 536 ernaoulo
1205 481 1253 536 vel

49 546 153 628 extrai
179 545 227 610 ud,
256 551 285 600 et
301 547 431 600 tbntomo
454 547 512 604 rite
535 558 619 620 capto
638 551 782 622 sacrisque
799 551 932 622 peractis.
955 581 987 594 -
1023 569 1083 604 moa
1106 569 1189 605 ovans
1211 553 1253 606 in-

48 623 120 668 troiit
143 614 245 680 Urbem,
273 616 348 670 unde
372 617 541 685 triumphalia
567 621 677 674 dicitur
700 627 726 688 ³,
752 625 787 680 66
811 630 886 676 extr.
910 622 954 678 cf.
972 623 1007 676 ad
1027 629 1052 689 1,
1071 626 1113 688 71,
1134 629 1158 679 1.
1178 631 1208 678 et
1225 627 1253 690 1,

48 690 133 754 61,1.
155 720 186 731 -
227 687 362 756 Vipsania
379 690 512 755 ceceanu
538 709 565 744 r.
585 693 621 746 ad
637 696 664 758 1,
682 697 727 760 11,
748 699 773 749 1.
814 695 960 761 Vipstania
982 693 1038 747 Ms.
1064 703 1136 750 teste
1154 695 1252 750 Furia.

48 777 73 811 v.
96 759 132 813 ad
160 763 266 826 11,13,
297 765 373 816 1.-
414 777 467 814 anta
498 763 608 817 ommam
634 763 780 833 Agrippae
801 766 944 820 tideroraro
967 765 1027 818 miti
1044 767 1132 818 abita:
1161 769 1254 832 „citra

48 832 102 884 rim
128 839 212 886 etex
234 834 304 885 fato.
340 833 376 884 Μ.
467 833 552 905 ippae
582 853 618 889 ex
644 835 738 889 tribus
755 837 893 892 uxoribus
916 837 1017 908 plures
1042 839 1127 891 farere
1151 837 1252 904 liberi,

47 921 79 958 ex
106 903 265 974 Pomponia
292 902 382 956 Attici
414 903 477 958 iiia
514 905 648 974 Vipsania
675 903 764 962 Drusi
794 917 901 973 mater,
943 909 978 960 de
1011 925 1068 978 qua
1110 907 1176 976 hic;
1217 926 1254 962 ex

47 973 182 1028 Marcella
208 975 340 1030 Octaviae
358 975 420 1030 filia
445 978 542 1048 proles
570 979 696 1049 quidem,
720 980 771 1034 sed
794 997 897 1050 parum
923 987 990 1033 nota
1009 987 1038 1033 et
1054 982 1177 1033 fortasse
1195 997 1254 1032 non

47 1046 160 1112 ritalis3
179 1045 221 1113 (v.
241 1047 320 1100 Suet.
339 1045 416 1124 Aug.
433 1049 490 1116 63.)
509 1069 543 1104 ex
562 1049 637 1105 iulia
654 1051 679 1103 A
740 1052 778 1106 sti
803 1050 865 1104 filia
890 1044 997 1113 estun*
1012 1051 1127 1117 Lucius,
1155 1051 1254 1104 Postu·

46 1137 105 1172 mus
124 1120 150 1172 A
190 1120 265 1190 ppo,
283 1120 447 1195 Agrippina
464 1129 494 1178 et
512 1121 599 1176 lulis.
633 1122 680 1174 Ex
718 1125 743 1176 is
760 1123 845 1176 Gaius
865 1129 894 1176 et
911 1123 1018 1176 Lucius
1035 1124 1189 1192 perierunt
1205 1139 1254 1175 ve-

46 1206 129 1256 neno,
150 1211 197 1244 ·v.
217 1197 244 1254 l,
262 1191 301 1257 3.)
328 1189 491 1267 Agrippina
512 1195 600 1260 fame,
623 1192 663 1261 (6,
687 1194 745 1260 15.)
771 1195 921 1248 Postumus
939 1197 1029 1256 ferra,
1056 1193 1096 1258 (l,
1114 1193 1153 1258 6.)
1172 1202 1201 1246 at
1219 1210 1254 1246 ex

45 1272 146 1316 natura
172 1280 230 1316 non
256 1262 340 1316 modo
367 1265 502 1334 Vipsania
527 1266 576 1320 sed
601 1273 631 1320 et
663 1265 748 1333 lulis,
777 1265 812 1320 de
836 1285 892 1336 qua
909 1283 937 1322 v.
957 1269 984 1332 t,
1003 1269 1047 1322 11.
1084 1264 1255 1320 sed—foma

45 1334 112 1390 baec
132 1353 247 1406 quoque
265 1336 335 1401 farne
353 1337 488 1388 exstincta
505 1337 536 1389 in
554 1339 693 1394 diuturno
714 1339 938 1408 miserrimoque
955 1337 1074 1405 exsilio,
1107 1343 1156 1389 aut
1174 1344 1255 1391 certo

46 1408 73 1461 id
92 1409 224 1466 creditam
242 1407 315 1462 εει.α
339 1407 418 1476 lips.
437 1407 514 1464 Haec
531 1412 608 1466 fame
625 1409 702 1468 baud
719 1409 805 1470 dubie
821 1411 921 1484 periit.

494 1571 685 1628 CAPUT
737 1521 802 1629 X'X.

122 1700 249 1783 Eodem
269 1721 356 1764 anno
377 1699 583 1781 Tacfarinas,
605 1721 702 1785 qoem
724 1705 840 1785 priore
862 1710 985 1766 aestate
1005 1701 1137 1786 pulsum
1158 1696 1256 1761 aGa-

45 1788 134 1848 millo
158 1787 353 1864 memoravi,
374 1786 497 1847 bellurn
519 1787 555 1846 in
577 1787 690 1848 Africa
712 1794 863 1865 renovat,
885 1789 977 1874 vagis
993 1787 1139 1870 primum
1152 1803 1257 1866 popu-

45 1869 225 1932 lationibus
263 1876 296 1929 et
328 1869 370 1930 ob
398 1871 629 1952 pernicitatem
661 1871 793 1936 inattist
827 1857 908 1932 deio'
932 1873 1023 1932 vicos
1053 1866 1255 1944 exscindere,

44 1955 179 2015 trahere
201 1971 320 2036 graves
341 1949 498 2034 praedas:
527 1961 695 2034 postremo
716 1951 806 2014 baud
827 1952 946 2034 procul
967 1949 1099 2038 Pagyda
1120 1951 1257 2012 flumine

44 2037 216 2099 cohortem
255 2035 434 2097 Romanam
467 2035 689 2102 circumsedit.
751 2035 909 2098 Praeerat
945 2037 1080 2098 castello
1114 2034 1257 2094 Decrius

43 2123 187 2208 impiger
208 2139 317 2196 manu,
341 2119 505 2182 exercitus
527 2120 647 2180 militia
668 2128 706 2179 et·
722 2119 813 2180 illam
834 2117 1040 2180 obsidionem
1063 2118 1182 2203 flagitii
1204 2135 1258 2176 ra·

44 2213 107 2268 tus.
155 2204 186 2264 Is
198 2202 390 2264 cohortatus
402 2201 536 2279 milites,
558 2209 597 2261 nt
613 2203 741 2284 copiam
759 2221 886 2288 pugnae
902 2204 938 2262 in
959 2208 1075 2284 aperto
1097 2202 1257 2275 tacerent,

43 2291 164 2366 eciem,
186 2305 248 2367 pro
283 2285 399 2346 cestris
433 2286 589 2357 instruit3
631 2287 806 2367 primoque
831 2286 958 2366 impetu
988 2284 1082 2364 pulsa
1118 2281 1258 2343 cohorte

43 2377 218 2454 promptus
247 2369 336 2428 inter
364 2367 432 2428 tela
460 2377 614 2428 occursat
642 2367 856 2454 fugientibus,
890 2370 1043 2450 increpat
1070 2366 1256 2452 signiferos,

42 2453 129 2538 quod
158 2449 339 2514 inconditis
370 2458 427 2512 aut
456 2447 682 2512 desertoribus
710 2451 805 2510 miles
827 2449 994 2511 Romanus
1029 2456 1124 2534 tergo
1151 2447 1257 2510 daret.

41 2535 149 2598 Simul
172 2541 307 2616 excepta
327 2533 483 2607 vulneram
506 2541 539 2594 et
560 2532 743 2616 quanquam
765 2535 946 2594 transfosso
969 2531 1065 2595 oculo
1082 2529 1259 2592 adversum

41 2643 77 2682 os
107 2623 146 2682 in
174 2619 303 2762 Baetem
326 2613 481 2695 intendit,
503 2636 607 2699 nequo
628 2617 946 2700 proeliumomisit,
981 2615 1086 2678 donec
1107 2611 1259 2677 desertus

42 2704 109 2765 suis
132 2722 171 2762 aa
196 2709 278 2762 eret.

113 2826 140 2878 1.
173 2818 348 2886 Tacfarinas,
374 2835 446 2886 qaam
471 2819 562 2886 priore
584 2825 687 2872 aestate
712 2821 814 2887 pateam
841 2835 860 2871 a
876 2817 995 2872 ¹Caniiila
1008 2809 1152 2872 'mennaei
1168 2818 1196 2878 1,
1214 2817 1258 2872 51.

43 2923 75 2932 -
87 2895 166 2946 vicos
185 2891 358 2944 exsmndere:
375 2890 462 2946 habet
470 2891 587 2947 Tacitus
606 2899 669 2944 tum
681 2892 847 2956 exscindere,
865 2891 1085 2955 mensidare,
1102 2887 1160 2944 iao.
1176 2888 1258 2940 Gran.

43 2983 69 3023 r.
89 2965 155 3018 lnd.
175 2963 214 3015 11.
234 2963 408 3016 exaincedere
430 2963 488 3017 MS.
513 2963 655 3016 excindere
678 2963 720 3018 ed.
746 2962 812 3016 Ber.
841 2971 869 3016 et
887 2961 924 3014 al.
944 2994 977 3005 -
1013 2961 1132 3030 Pagyda
1155 2959 1261 3023 taeniae

42 3039 73 3092 in
91 3034 241 3090 Numidia.
278 3033 377 3100 „Idem
396 3033 470 3088 mihi
487 3036 607 3090 videtur
625 3051 685 3089 esso
709 3033 786 3104 quod
809 3048 887 3088 nunc
911 3034 1020 3088 dieitur
1037 3031 1140 3086 Abeod.
1177 3030 1261 3082 inter

41 3111 138 3172 sontes
156 3107 312 3158 fluminum
330 3105 427 3160 Abead
453 3114 483 3160 et
500 3105 625 3172 Meierda
652 3113 714 3158 erat
740 3103 892 3159 castellum
909 3105 991 3158 Rom.
1011 3104 1093 3156 Alius
1116 3099 1191 3154 rinae
1208 3099 1261 3154 Pa-

40 3181 112 3244 gs'da
132 3198 155 3232 s.
177 3177 261 3230 Betae
285 3195 327 3247 ap.
347 3177 421 3230 Plin-
447 3180 474 3245 6,
495 3181 535 3234 13.
556 3196 577 3230 s.
599 3181 640 3232 11.
660 3177 692 3228 in
710 3173 881 3230 Phoenice.“
910 3179 1003 3230 Brot‘
1017 3175 1068 3246 qui
1096 3168 1183 3226 etiam
1203 3171 1260 3226 Pa-

41 3252 120 3319 gyda
140 3268 176 3302 ex
194 3247 252 3304 MS.
273 3257 302 3300 et
320 3247 382 3300 cdd.
403 3255 460 3304 vet.
480 3249 619 3303 restituit.
640 3245 750 3311 Pagida
769 3246 830 3300 edd.
849 3263 908 3300 rec.
927 3253 1045 3318 praeter
1061 3243 1157 3299 Bekk,
1171 3243 1209 3299 11.
1227 3275 1259 3285 -

42 3323 172 3387 Decrius,
199 3322 237 3373 af.
266 3319 302 3372 ad
326 3325 367 3386 ll,
391 3320 435 3384 35,
467 3323 493 3376 1,
524 3352 555 3362 -
592 3317 667 3370 ittam
686 3317 848 3370 abortionem
866 3317 974 3384 fiagitii
997 3323 1073 3370 ratas
1091 3333 1160 3378 esse,
1178 3315 1261 3392 {iegi-

41 3395 158 3455 tiosam,
181 3401 309 3462 turpem,
375 3393 402 3444 ia
419 3391 602 3460 probrosum,
630 3390 771 3444 Romanos
789 3389 823 3442 ab
849 3390 1006 3444 inconditis
1022 3387 1213 3460 praedonibus
1233 3394 1262 3440 et

42 3465 171 3518 militiae
189 3462 308 3516 rudibus
328 3479 344 3516 o
364 3462 469 3528 sideri;
487 3463 565 3516 Brot.
585 3461 746 3515 obsidionem
763 3461 871 3527 flagitii
888 3479 956 3530 esse,
975 3479 1004 3518 v.
1023 3459 1058 3514 ad
1076 3459 1111 3516 G.
1130 3462 1156 3514 6.
1175 3475 1205 3512 n.
1218 3460 1260 3513 11.

43 3545 71 3592 et
89 3535 156 3588 Ind.
176 3533 229 3586 111.
248 3549 279 3586 v.
298 3533 420 3587 Genitios'
435 3535 579 3602 pendentes
604 3549 637 3586 ea
661 3535 759 3586 omissa
777 3549 848 3590 aare.

112 3629 141 3682 2
161 3625 264 3691 copiam
280 3638 388 3691 pugnae
411 3622 441 3674 ia
459 3628 552 3691 aperto
574 3624 640 3678 loco
668 3643 690 3677 s.
710 3639 822 3694 campo,
849 3631 883 3676 ut
906 3623 939 3680 H.
971 3625 1059 3683 3,13.
1081 3628 1111 3675 et
1128 3619 1198 3696 Agr.
1217 3619 1261 3674 36.
1299 3639 1304 3649 ‘

41 3697 106 3748 Liv.
130 3702 156 3758 1,
174 3699 219 3752 33.
239 3698 283 3760 11,
301 3697 327 3750 4-
346 3697 390 3758 13,
409 3696 454 3750 46.
474 3699 519 3759 36,
539 3700 581 3751 11.
605 3695 636 3748 ἐν
653 3695 768 3766 καθαρῷ
790 3713 834 3766 ap.
859 3695 943 3748 Hom.
971 3694 1007 3747 ll.
1027 3699 1054 3757 8,
1073 3695 1135 3748 431.
1163 3690 1208 3744 Cf.
1227 3689 1263 3742 ad

40 3769 77 3821 H.
97 3772 128 3828 3,
149 3769 194 3832 13,
214 3771 241 3820 3.
262 3775 292 3820 et
309 3765 370 3819 lna
390 3763 443 3819 111.
463 3784 490 3819 v.
510 3767 657 3819 Adiectivo
674 3775 776 3820 neatra.
790 3799 821 3810 -
859 3766 942 3818 aciem
959 3781 1008 3831 pro
1026 3763 1125 3817 caetris
1142 3759 1262 3823 instruit,

40 3857 69 3892 v.
90 3839 129 3892 ad
147 3841 176 3902 1,
195 3839 240 3904 81,
261 3843 285 3892 1.
306 3863 339 3875 -
374 3838 532 3900 inconditis,
555 3845 591 3890 ut
608 3838 762 3890 inconditae
786 3838 879 3910 turbae
903 3841 930 3900 1,
949 3839 992 3893 51.
1011 3835 1047 3890 ds
1065 3833 1178 3897 iisdem,
1203 3847 1277 3884 non*

41 3909 193 3976 disciplina
220 3915 246 3962 et
271 3909 395 3976 inperiis
413 3908 521 3970 ,saetis
537 3907 674 3964 barbaris.
704 3935 748 3956 -ι
773 3909 964 3970 desertoribus,
991 3907 1027 3962 ad
1049 3905 1263 3959 Tacfarinatem

39 3983 205 4108 1)τοίιὲςίιῶ
239 3997 330 4103 quum
362 3981 446 4104 pria?
481 3980 626 4102 stiptle'ndia
657 3981 831 4036 meruissent
866 3981 920 4104 l'ub
950 3977 1105 4102 maluhi
1137 3973 1261 4096 Frcegned.

39 4085 110 4188 sela,
140 4067 588 4191 :zmefflwpssgnmeggqczpffl
600 4059 820 4176 eosiscuid’cudac'
832 4061 1264 4198 rdcige‘i'ntexrunliergoeliiigoe

39 4197 158 4266 aliique
182 4201 328 4260 veterum,
354 4199 388 4246 ut
411 4201 442 4248 et
466 4193 578 4264 Wopk.
602 4192 651 4247 Ob.
675 4192 793 4248 Walth.
822 4225 856 4238 -
903 4198 930 4244 et
957 4223 988 4234 -
1016 4191 1154 4243 adversam
1180 4203 1211 4240 os
1234 4203 1264 4238 sn

40 4267 149 4320 boetem
165 4265 292 4326 intendit,
309 4267 411 4328 vertit,
430 4264 567 4322 obvertit.
604 4264 732 4332 „Vocula
755 4272 782 4318 et
799 4265 957 4322 transitum
975 4261 1057 4326 facit,
1077 4267 1111 4316 ut
1128 4277 1154 4314 c.
1172 4261 1217 4316 11.
1237 4264 1262 4310 et

27 4340 103 4393 dun
123 4353 159 4391 ea
175 4337 251 4390 ratio
268 4335 341 4391 cet“
362 4335 469 4391 Wann
