<?xml version="1.0" encoding="UTF-8"?>
<!DOCTYPE html PUBLIC "-//W3C//DTD XHTML 1.0 Transitional//EN"
    "http://www.w3.org/TR/xhtml1/DTD/xhtml1-transitional.dtd">
<html xmlns="http://www.w3.org/1999/xhtml" xml:lang="en" lang="en">
 <head>
  <title>
</title>
<meta http-equiv="Content-Type" content="text/html;charset=utf-8" />
  <meta name='ocr-system' content='tesseract 3.04.00' />
  <meta name='ocr-capabilities' content='ocr_page ocr_carea ocr_par ocr_line ocrx_word'/>
</head>
<body>
  <div class='ocr_page' id='page_1' title='image "./ccorneliitaciti28tacigoog/ccorneliitaciti28tacigoog_0415.png"; bbox 0 0 2868 4792; ppageno 0'>
   <div class='ocr_carea' id='block_1_1' title="bbox 196 217 1093 324">
    <p class='ocr_par' dir='ltr' id='par_1_1' title="bbox 196 217 1093 324">
     <span class='ocr_line' id='line_1_1' title="bbox 196 217 1093 324; baseline 0.002 -38"><span class='ocrx_word' id='word_1_1' title='bbox 196 217 260 286; x_wconf 76' lang='grc'><strong>768</strong></span> <span class='ocrx_word' id='word_1_2' title='bbox 485 317 492 324; x_wconf 87' lang='lat'><strong>.</strong></span> <span class='ocrx_word' id='word_1_3' title='bbox 585 217 826 284; x_wconf 79' lang='lat' dir='ltr'><strong>ANNALIUM</strong></span> <span class='ocrx_word' id='word_1_4' title='bbox 845 219 929 286; x_wconf 85' lang='lat' dir='ltr'><strong>LIB.</strong></span> <span class='ocrx_word' id='word_1_5' title='bbox 953 219 1012 284; x_wconf 92' lang='lat'><strong>111.</strong></span> <span class='ocrx_word' id='word_1_6' title='bbox 1091 274 1093 288; x_wconf 87' lang='lat'><strong>.</strong></span> 
     </span>
    </p>
   </div>
   <div class='ocr_carea' id='block_1_2' title="bbox 198 380 1386 670">
    <p class='ocr_par' dir='ltr' id='par_1_2' title="bbox 198 380 1386 670">
     <span class='ocr_line' id='line_1_2' title="bbox 199 380 1383 458; baseline -0.001 -20"><span class='ocrx_word' id='word_1_7' title='bbox 199 385 253 438; x_wconf 85' lang='lat' dir='ltr'><strong>ciis</strong></span> <span class='ocrx_word' id='word_1_8' title='bbox 271 381 400 448; x_wconf 75' lang='lat' dir='ltr'><strong>laetitiae</strong></span> <span class='ocrx_word' id='word_1_9' title='bbox 416 380 453 436; x_wconf 89' lang='lat' dir='ltr'><strong>ob</strong></span> <span class='ocrx_word' id='word_1_10' title='bbox 469 381 596 438; x_wconf 81' lang='lat' dir='ltr'><strong>reditum</strong></span> <span class='ocrx_word' id='word_1_11' title='bbox 614 383 735 438; x_wconf 86' lang='lat' dir='ltr'><strong>domini.</strong></span> <span class='ocrx_word' id='word_1_12' title='bbox 771 383 821 437; x_wconf 81' lang='lat' dir='ltr'><strong>bic</strong></span> <span class='ocrx_word' id='word_1_13' title='bbox 846 401 893 456; x_wconf 74' lang='lat' dir='ltr'><strong>sp.</strong></span> <span class='ocrx_word' id='word_1_14' title='bbox 909 384 1025 441; x_wconf 79' lang='lat' dir='ltr'><strong>Arrisn.</strong></span> <span class='ocrx_word' id='word_1_15' title='bbox 1045 383 1075 438; x_wconf 90' lang='lat' dir='ltr'><strong>in</strong></span> <span class='ocrx_word' id='word_1_16' title='bbox 1094 399 1179 438; x_wconf 83' lang='lat' dir='ltr'><strong>serm.</strong></span> <span class='ocrx_word' id='word_1_17' title='bbox 1196 383 1288 458; x_wconf 85' lang='lat' dir='ltr'><strong>Epict.</strong></span> <span class='ocrx_word' id='word_1_18' title='bbox 1307 388 1331 450; x_wconf 91' lang='lat' dir='ltr'><strong>l,</strong></span> <span class='ocrx_word' id='word_1_19' title='bbox 1349 391 1383 443; x_wconf 85' lang='lat' dir='ltr'><strong>u.</strong></span> 
     </span>
     <span class='ocr_line' id='line_1_3' title="bbox 198 453 1384 528; baseline -0.003 -16"><span class='ocrx_word' id='word_1_20' title='bbox 198 459 293 521; x_wconf 66' lang='lat'><strong>21³3</strong></span> <span class='ocrx_word' id='word_1_21' title='bbox 313 456 389 521; x_wconf 82' lang='lat' dir='ltr'><strong>Lipe.</strong></span> <span class='ocrx_word' id='word_1_22' title='bbox 413 453 458 508; x_wconf 79' lang='lat' dir='ltr'><strong>Ol.</strong></span> <span class='ocrx_word' id='word_1_23' title='bbox 477 454 512 508; x_wconf 85' lang='lat' dir='ltr'><strong>sd</strong></span> <span class='ocrx_word' id='word_1_24' title='bbox 530 455 565 508; x_wconf 83' lang='lat' dir='ltr'><strong>G.</strong></span> <span class='ocrx_word' id='word_1_25' title='bbox 585 457 625 510; x_wconf 82' lang='grc'><strong>43.</strong></span> <span class='ocrx_word' id='word_1_26' title='bbox 647 457 720 510; x_wconf 73' lang='lat' dir='ltr'><strong>no.</strong></span> <span class='ocrx_word' id='word_1_27' title='bbox 739 456 867 509; x_wconf 78' lang='lat' dir='ltr'><strong>lurensi.</strong></span> <span class='ocrx_word' id='word_1_28' title='bbox 886 457 913 521; x_wconf 81' lang='lat'><strong>³,</strong></span> <span class='ocrx_word' id='word_1_29' title='bbox 931 459 964 512; x_wconf 83' lang='lat' dir='ltr'><strong>bl</strong></span> <span class='ocrx_word' id='word_1_30' title='bbox 984 475 1026 528; x_wconf 84' lang='lat' dir='ltr'><strong>sq.</strong></span> <span class='ocrx_word' id='word_1_31' title='bbox 1053 457 1097 512; x_wconf 82' lang='lat'><strong>⁷³.</strong></span> <span class='ocrx_word' id='word_1_32' title='bbox 1116 457 1221 522; x_wconf 71' lang='grc'><strong>7333,</strong></span> <span class='ocrx_word' id='word_1_33' title='bbox 1245 459 1285 512; x_wconf 73' lang='lat' dir='ltr'><strong>ab.</strong></span> <span class='ocrx_word' id='word_1_34' title='bbox 1310 459 1384 528; x_wconf 85' lang='lat' dir='ltr'><strong>impr.</strong></span> 
     </span>
     <span class='ocr_line' id='line_1_4' title="bbox 199 525 1385 596; baseline -0.003 -14"><span class='ocrx_word' id='word_1_35' title='bbox 199 528 388 592; x_wconf 79' lang='grc'><strong>17,83-37.</strong></span> <span class='ocrx_word' id='word_1_36' title='bbox 414 525 484 590; x_wconf 80' lang='lat' dir='ltr'><strong>[este</strong></span> <span class='ocrx_word' id='word_1_37' title='bbox 502 525 564 581; x_wconf 87' lang='lat' dir='ltr'><strong>edd.</strong></span> <span class='ocrx_word' id='word_1_38' title='bbox 584 527 662 596; x_wconf 76' lang='lat' dir='ltr'><strong>bips.</strong></span> <span class='ocrx_word' id='word_1_39' title='bbox 683 527 803 584; x_wconf 77' lang='lat' dir='ltr'><strong>stelias</strong></span> <span class='ocrx_word' id='word_1_40' title='bbox 822 545 837 580; x_wconf 88' lang='lat' dir='ltr'><strong>e</strong></span> <span class='ocrx_word' id='word_1_41' title='bbox 856 529 930 581; x_wconf 89' lang='lat' dir='ltr'><strong>coni.</strong></span> <span class='ocrx_word' id='word_1_42' title='bbox 955 529 1027 580; x_wconf 83' lang='lat' dir='ltr'><strong>Mur.</strong></span> <span class='ocrx_word' id='word_1_43' title='bbox 1053 527 1135 592; x_wconf 74' lang='lat' dir='ltr'><strong>festu,</strong></span> <span class='ocrx_word' id='word_1_44' title='bbox 1163 533 1258 579; x_wconf 78' lang='lat' dir='ltr'><strong>meta</strong></span> <span class='ocrx_word' id='word_1_45' title='bbox 1278 528 1385 581; x_wconf 81' lang='lat' dir='ltr'><strong>malebat</strong></span> 
     </span>
     <span class='ocr_line' id='line_1_5' title="bbox 199 595 1386 670; baseline -0.002 -20"><span class='ocrx_word' id='word_1_46' title='bbox 199 597 278 650; x_wconf 80' lang='lat' dir='ltr'><strong>rich.</strong></span> <span class='ocrx_word' id='word_1_47' title='bbox 314 595 370 650; x_wconf 82' lang='lat' dir='ltr'><strong>Sed</strong></span> <span class='ocrx_word' id='word_1_48' title='bbox 397 597 469 660; x_wconf 73' lang='lat' dir='ltr'><strong>sesto</strong></span> <span class='ocrx_word' id='word_1_49' title='bbox 491 603 588 648; x_wconf 77' lang='lat' dir='ltr'><strong>orente</strong></span> <span class='ocrx_word' id='word_1_50' title='bbox 605 595 661 648; x_wconf 81' lang='lat' dir='ltr'><strong>MS.</strong></span> <span class='ocrx_word' id='word_1_51' title='bbox 676 597 726 652; x_wconf 70' lang='lat' dir='ltr'><strong>ed.</strong></span> <span class='ocrx_word' id='word_1_52' title='bbox 746 598 810 651; x_wconf 83' lang='lat' dir='ltr'><strong>Ber.</strong></span> <span class='ocrx_word' id='word_1_53' title='bbox 835 597 927 651; x_wconf 76' lang='lat' dir='ltr'><strong>nhsn.</strong></span> <span class='ocrx_word' id='word_1_54' title='bbox 946 597 1013 651; x_wconf 74' lang='lat' dir='ltr'><strong>Ala.</strong></span> <span class='ocrx_word' id='word_1_55' title='bbox 1038 605 1067 651; x_wconf 86' lang='lat' dir='ltr'><strong>et</strong></span> <span class='ocrx_word' id='word_1_56' title='bbox 1085 614 1143 650; x_wconf 86' lang='lat' dir='ltr'><strong>rec.</strong></span> <span class='ocrx_word' id='word_1_57' title='bbox 1169 597 1254 670; x_wconf 86' lang='lat' dir='ltr'><strong>idque</strong></span> <span class='ocrx_word' id='word_1_58' title='bbox 1277 599 1386 668; x_wconf 81' lang='lat' dir='ltr'><strong>exquisi-</strong></span> 
     </span>
    </p>
   </div>
   <div class='ocr_carea' id='block_1_3' title="bbox 199 665 1416 1091">
    <p class='ocr_par' dir='ltr' id='par_1_3' title="bbox 199 665 1416 1091">
     <span class='ocr_line' id='line_1_6' title="bbox 199 665 1386 734; baseline -0.001 -13"><span class='ocrx_word' id='word_1_59' title='bbox 199 671 259 722; x_wconf 88' lang='lat' dir='ltr'><strong>tius</strong></span> <span class='ocrx_word' id='word_1_60' title='bbox 278 675 336 734; x_wconf 69' lang='lat' dir='ltr'><strong>ast,</strong></span> <span class='ocrx_word' id='word_1_61' title='bbox 354 667 419 720; x_wconf 70' lang='lat' dir='ltr'><strong>nm.</strong></span> <span class='ocrx_word' id='word_1_62' title='bbox 439 665 484 722; x_wconf 78' lang='lat' dir='ltr'><strong>cf.</strong></span> <span class='ocrx_word' id='word_1_63' title='bbox 504 667 539 720; x_wconf 83' lang='lat' dir='ltr'><strong>sd</strong></span> <span class='ocrx_word' id='word_1_64' title='bbox 556 670 583 733; x_wconf 81' lang='grc'><strong>3,</strong></span> <span class='ocrx_word' id='word_1_65' title='bbox 601 669 646 732; x_wconf 74' lang='grc'><strong>33,</strong></span> <span class='ocrx_word' id='word_1_66' title='bbox 667 671 691 722; x_wconf 90' lang='lat' dir='ltr'><strong>l.</strong></span> <span class='ocrx_word' id='word_1_67' title='bbox 711 699 742 712; x_wconf 91' lang='lat'><strong>·-</strong></span> <span class='ocrx_word' id='word_1_68' title='bbox 763 669 907 722; x_wconf 70' lang='lat' dir='ltr'><strong>conuicium</strong></span> <span class='ocrx_word' id='word_1_69' title='bbox 925 675 969 723; x_wconf 85' lang='lat' dir='ltr'><strong>est</strong></span> <span class='ocrx_word' id='word_1_70' title='bbox 985 675 1118 721; x_wconf 87' lang='lat' dir='ltr'><strong>nostrum</strong></span> <span class='ocrx_word' id='word_1_71' title='bbox 1136 667 1386 734; x_wconf 83' lang='lat' dir='ltr'><strong>Gesellschslt,</strong></span> 
     </span>
     <span class='ocr_line' id='line_1_7' title="bbox 200 737 1386 824; baseline -0.002 -30"><span class='ocrx_word' id='word_1_72' title='bbox 200 741 326 804; x_wconf 76' lang='lat' dir='ltr'><strong>G&#39;ists,</strong></span> <span class='ocrx_word' id='word_1_73' title='bbox 352 737 541 824; x_wconf 27' lang='lat' dir='ltr'><strong>Gsstsrsni,</strong></span> <span class='ocrx_word' id='word_1_74' title='bbox 573 746 602 792; x_wconf 87' lang='lat' dir='ltr'><strong>et</strong></span> <span class='ocrx_word' id='word_1_75' title='bbox 620 739 714 804; x_wconf 74' lang='lat' dir='ltr'><strong>epulae</strong></span> <span class='ocrx_word' id='word_1_76' title='bbox 732 738 830 792; x_wconf 85' lang='lat' dir='ltr'><strong>Germ.</strong></span> <span class='ocrx_word' id='word_1_77' title='bbox 850 737 972 804; x_wconf 80' lang='lat' dir='ltr'><strong>Tale1;</strong></span> <span class='ocrx_word' id='word_1_78' title='bbox 1001 739 1106 794; x_wconf 81' lang='lat' dir='ltr'><strong>Walth.</strong></span> <span class='ocrx_word' id='word_1_79' title='bbox 1143 739 1284 823; x_wconf 73' lang='lat' dir='ltr'><strong>Vident-nr</strong></span> <span class='ocrx_word' id='word_1_80' title='bbox 1303 741 1386 824; x_wconf 79' lang='lat' dir='ltr'><strong>potins</strong></span> 
     </span>
     <span class='ocr_line' id='line_1_8' title="bbox 200 807 1416 950; baseline -0.002 -14"><span class='ocrx_word' id='word_1_81' title='bbox 200 824 458 950; x_wconf 51' lang='lat' dir='ltr'><strong>fflbmssrdsslgi·</strong></span> <span class='ocrx_word' id='word_1_82' title='bbox 475 807 1338 950; x_wconf 52' lang='lat' dir='ltr'><strong>dllslidlffidlfdlltllnllblmbffid‘ilil&#39;lil&#39;</strong></span> <span class='ocrx_word' id='word_1_83' title='bbox 1351 829 1386 933; x_wconf 71' lang='lat' dir='ltr'><strong>cl.</strong></span> <span class='ocrx_word' id='word_1_84' title='bbox 1415 849 1416 854; x_wconf 47' lang='lat'>‘</span> 
     </span>
     <span class='ocr_line' id='line_1_9' title="bbox 199 949 1387 1018; baseline 0.003 -14"><span class='ocrx_word' id='word_1_85' title='bbox 199 951 236 1004; x_wconf 82' lang='lat' dir='ltr'><strong>sti</strong></span> <span class='ocrx_word' id='word_1_86' title='bbox 253 955 280 1016; x_wconf 98' lang='grc'><strong>4,</strong></span> <span class='ocrx_word' id='word_1_87' title='bbox 297 953 340 1006; x_wconf 74' lang='lat' dir='ltr'><strong>bb·</strong></span> <span class='ocrx_word' id='word_1_88' title='bbox 361 957 391 1004; x_wconf 86' lang='lat' dir='ltr'><strong>et</strong></span> <span class='ocrx_word' id='word_1_89' title='bbox 408 951 445 1002; x_wconf 85' lang='lat' dir='ltr'><strong>H.</strong></span> <span class='ocrx_word' id='word_1_90' title='bbox 464 951 490 1014; x_wconf 78' lang='grc'><strong>3,</strong></span> <span class='ocrx_word' id='word_1_91' title='bbox 509 953 553 1016; x_wconf 78' lang='lat' dir='ltr'><strong>bl,</strong></span> <span class='ocrx_word' id='word_1_92' title='bbox 573 955 597 1006; x_wconf 94' lang='lat'><strong>1.</strong></span> <span class='ocrx_word' id='word_1_93' title='bbox 635 949 683 1004; x_wconf 86' lang='lat' dir='ltr'><strong>Sic</strong></span> <span class='ocrx_word' id='word_1_94' title='bbox 707 957 736 1004; x_wconf 85' lang='lat' dir='ltr'><strong>et</strong></span> <span class='ocrx_word' id='word_1_95' title='bbox 763 953 868 1004; x_wconf 76' lang='lat' dir='ltr'><em>celeber</em></span> <span class='ocrx_word' id='word_1_96' title='bbox 892 961 920 1006; x_wconf 89' lang='lat' dir='ltr'><strong>et</strong></span> <span class='ocrx_word' id='word_1_97' title='bbox 944 953 1138 1005; x_wconf 64' lang='lat' dir='ltr'><strong>celeberrimus</strong></span> <span class='ocrx_word' id='word_1_98' title='bbox 1157 957 1181 1016; x_wconf 86' lang='lat' dir='ltr'><strong>l,</strong></span> <span class='ocrx_word' id='word_1_99' title='bbox 1202 955 1245 1007; x_wconf 81' lang='lat'><strong>51.</strong></span> <span class='ocrx_word' id='word_1_100' title='bbox 1269 956 1296 1018; x_wconf 83' lang='grc'><strong>7,</strong></span> <span class='ocrx_word' id='word_1_101' title='bbox 1313 955 1351 1010; x_wconf 87' lang='grc'><strong>47.</strong></span> <span class='ocrx_word' id='word_1_102' title='bbox 1366 957 1387 1016; x_wconf 88' lang='grc'><strong>4,</strong></span> 
     </span>
     <span class='ocr_line' id='line_1_10' title="bbox 199 1017 1269 1091; baseline -0.003 -13"><span class='ocrx_word' id='word_1_103' title='bbox 199 1023 243 1078; x_wconf 65' lang='grc' dir='ltr'><strong>ω·</strong></span> <span class='ocrx_word' id='word_1_104' title='bbox 264 1025 307 1088; x_wconf 70' lang='lat'><strong>¹³³</strong></span> <span class='ocrx_word' id='word_1_105' title='bbox 325 1023 368 1078; x_wconf 69' lang='lat'><strong>⁴⁷·</strong></span> <span class='ocrx_word' id='word_1_106' title='bbox 388 1023 431 1086; x_wconf 71' lang='grc' dir='ltr'><strong>Η,</strong></span> <span class='ocrx_word' id='word_1_107' title='bbox 449 1024 493 1078; x_wconf 63' lang='lat' dir='ltr'><strong>ae·</strong></span> <span class='ocrx_word' id='word_1_108' title='bbox 511 1021 547 1078; x_wconf 75' lang='lat' dir='ltr'><strong>H.</strong></span> <span class='ocrx_word' id='word_1_109' title='bbox 566 1024 593 1088; x_wconf 67' lang='lat'><strong>2)</strong></span> <span class='ocrx_word' id='word_1_110' title='bbox 613 1024 656 1080; x_wconf 67' lang='grc' dir='ltr'><strong>ω·</strong></span> <span class='ocrx_word' id='word_1_111' title='bbox 675 1024 719 1078; x_wconf 63' lang='lat'><strong>⁶⁴.</strong></span> <span class='ocrx_word' id='word_1_112' title='bbox 740 1049 772 1060; x_wconf 82' lang='lat'><strong>‘¹¹</strong></span> <span class='ocrx_word' id='word_1_113' title='bbox 791 1023 862 1076; x_wconf 62' lang='lat' dir='ltr'><strong>mm</strong></span> <span class='ocrx_word' id='word_1_114' title='bbox 878 1017 1015 1091; x_wconf 56' lang='lat' dir='ltr'><strong>mandabi,</strong></span> <span class='ocrx_word' id='word_1_115' title='bbox 1034 1041 1062 1076; x_wconf 78' lang='lat' dir='ltr'><strong>Vs</strong></span> <span class='ocrx_word' id='word_1_116' title='bbox 1081 1021 1116 1076; x_wconf 58' lang='lat' dir='ltr'><strong>ld</strong></span> <span class='ocrx_word' id='word_1_117' title='bbox 1133 1025 1161 1088; x_wconf 38' lang='grc' dir='ltr'><strong>ᾖ,</strong></span> <span class='ocrx_word' id='word_1_118' title='bbox 1182 1027 1226 1089; x_wconf 63' lang='lat'><strong>¹³?</strong></span> <span class='ocrx_word' id='word_1_119' title='bbox 1243 1027 1269 1078; x_wconf 71' lang='grc'><strong>3.</strong></span> 
     </span>
    </p>
   </div>
   <div class='ocr_carea' id='block_1_4' title="bbox 663 1175 935 1232">
    <p class='ocr_par' dir='ltr' id='par_1_4' title="bbox 663 1175 935 1232">
     <span class='ocr_line' id='line_1_11' title="bbox 663 1175 935 1232; baseline -0.004 -2"><span class='ocrx_word' id='word_1_120' title='bbox 663 1175 852 1232; x_wconf 75' lang='lat' dir='ltr'>CAPUT</span> <span class='ocrx_word' id='word_1_121' title='bbox 895 1176 935 1230; x_wconf 80' lang='lat' dir='ltr'><strong>X.</strong></span> 
     </span>
    </p>
   </div>
   <div class='ocr_carea' id='block_1_5' title="bbox 112 1281 1395 2360">
    <p class='ocr_par' dir='ltr' id='par_1_5' title="bbox 200 1281 1391 1783">
     <span class='ocr_line' id='line_1_12' title="bbox 282 1281 1387 1368; baseline -0.002 -22"><span class='ocrx_word' id='word_1_122' title='bbox 282 1283 419 1346; x_wconf 88' lang='lat' dir='ltr'><strong>Postera</strong></span> <span class='ocrx_word' id='word_1_123' title='bbox 434 1281 487 1346; x_wconf 90' lang='lat' dir='ltr'><strong>die</strong></span> <span class='ocrx_word' id='word_1_124' title='bbox 498 1283 663 1347; x_wconf 77' lang='lat' dir='ltr'><strong>Fulcinius</strong></span> <span class='ocrx_word' id='word_1_125' title='bbox 674 1282 758 1346; x_wconf 83' lang='lat' dir='ltr'><strong>Trio</strong></span> <span class='ocrx_word' id='word_1_126' title='bbox 770 1285 922 1347; x_wconf 81' lang='lat' dir='ltr'><strong>Pisonem</strong></span> <span class='ocrx_word' id='word_1_127' title='bbox 941 1283 1028 1368; x_wconf 86' lang='lat' dir='ltr'><strong>apud</strong></span> <span class='ocrx_word' id='word_1_128' title='bbox 1046 1285 1198 1348; x_wconf 84' lang='lat' dir='ltr'><strong>consules</strong></span> <span class='ocrx_word' id='word_1_129' title='bbox 1215 1287 1387 1365; x_wconf 85' lang='lat' dir='ltr'><strong>postulavit.</strong></span> 
     </span>
     <span class='ocr_line' id='line_1_13' title="bbox 202 1365 1389 1450; baseline -0.002 -23"><span class='ocrx_word' id='word_1_130' title='bbox 202 1365 325 1427; x_wconf 82' lang='lat' dir='ltr'><strong>Contra</strong></span> <span class='ocrx_word' id='word_1_131' title='bbox 355 1367 514 1428; x_wconf 73' lang='lat' dir='ltr'><strong>Vitellius</strong></span> <span class='ocrx_word' id='word_1_132' title='bbox 543 1386 581 1430; x_wconf 87' lang='lat' dir='ltr'><strong>ec</strong></span> <span class='ocrx_word' id='word_1_133' title='bbox 608 1369 774 1430; x_wconf 76' lang='lat' dir='ltr'><strong>Veranius</strong></span> <span class='ocrx_word' id='word_1_134' title='bbox 803 1371 971 1450; x_wconf 85' lang='lat' dir='ltr'><strong>ceterique</strong></span> <span class='ocrx_word' id='word_1_135' title='bbox 991 1368 1234 1432; x_wconf 77' lang='lat' dir='ltr'><strong>Germanicum</strong></span> <span class='ocrx_word' id='word_1_136' title='bbox 1260 1369 1389 1428; x_wconf 86' lang='lat' dir='ltr'><strong>comitati</strong></span> 
     </span>
     <span class='ocr_line' id='line_1_14' title="bbox 200 1446 1389 1533; baseline 0 -25"><span class='ocrx_word' id='word_1_137' title='bbox 200 1446 388 1526; x_wconf 78' lang='lat' dir='ltr'><strong>tendebant,</strong></span> <span class='ocrx_word' id='word_1_138' title='bbox 411 1451 516 1510; x_wconf 87' lang='lat' dir='ltr'><strong>nullus</strong></span> <span class='ocrx_word' id='word_1_139' title='bbox 537 1469 607 1512; x_wconf 85' lang='lat' dir='ltr'><strong>esse</strong></span> <span class='ocrx_word' id='word_1_140' title='bbox 627 1459 738 1532; x_wconf 79' lang='lat' dir='ltr'><strong>partes</strong></span> <span class='ocrx_word' id='word_1_141' title='bbox 760 1451 897 1524; x_wconf 74' lang='lat' dir='ltr'><strong>Trioni,</strong></span> <span class='ocrx_word' id='word_1_142' title='bbox 920 1471 1025 1533; x_wconf 88' lang='lat' dir='ltr'><strong>neque</strong></span> <span class='ocrx_word' id='word_1_143' title='bbox 1045 1469 1080 1512; x_wconf 85' lang='lat' dir='ltr'><strong>se</strong></span> <span class='ocrx_word' id='word_1_144' title='bbox 1101 1459 1319 1530; x_wconf 78' lang='lat' dir='ltr'><strong>accusatores,</strong></span> <span class='ocrx_word' id='word_1_145' title='bbox 1345 1447 1389 1511; x_wconf 85' lang='lat' dir='ltr'><strong>sed</strong></span> 
     </span>
     <span class='ocr_line' id='line_1_15' title="bbox 201 1517 1390 1616; baseline 0.001 -25"><span class='ocrx_word' id='word_1_146' title='bbox 201 1549 313 1592; x_wconf 88' lang='lat' dir='ltr'><strong>rerum</strong></span> <span class='ocrx_word' id='word_1_147' title='bbox 343 1530 467 1593; x_wconf 88' lang='lat' dir='ltr'><strong>indices</strong></span> <span class='ocrx_word' id='word_1_148' title='bbox 501 1539 535 1593; x_wconf 89' lang='lat' dir='ltr'><strong>et</strong></span> <span class='ocrx_word' id='word_1_149' title='bbox 573 1541 671 1596; x_wconf 88' lang='lat' dir='ltr'><strong>testes</strong></span> <span class='ocrx_word' id='word_1_150' title='bbox 703 1531 854 1595; x_wconf 86' lang='lat' dir='ltr'><strong>mandata</strong></span> <span class='ocrx_word' id='word_1_151' title='bbox 883 1533 1072 1595; x_wconf 80' lang='lat' dir='ltr'><strong>Germanici</strong></span> <span class='ocrx_word' id='word_1_152' title='bbox 1105 1534 1303 1616; x_wconf 82' lang='lat' dir='ltr'><strong>perlaturos.</strong></span> <span class='ocrx_word' id='word_1_153' title='bbox 1341 1517 1390 1592; x_wconf 81' lang='lat' dir='ltr'><strong>lile</strong></span> 
     </span>
     <span class='ocr_line' id='line_1_16' title="bbox 200 1611 1391 1698; baseline 0.001 -24"><span class='ocrx_word' id='word_1_154' title='bbox 200 1611 336 1674; x_wconf 84' lang='lat' dir='ltr'><strong>dimisse</strong></span> <span class='ocrx_word' id='word_1_155' title='bbox 358 1615 429 1676; x_wconf 83' lang='lat' dir='ltr'><strong>eins</strong></span> <span class='ocrx_word' id='word_1_156' title='bbox 451 1633 566 1676; x_wconf 86' lang='lat' dir='ltr'><strong>causae</strong></span> <span class='ocrx_word' id='word_1_157' title='bbox 586 1613 763 1691; x_wconf 84' lang='lat' dir='ltr'><strong>delatione,</strong></span> <span class='ocrx_word' id='word_1_158' title='bbox 792 1626 829 1676; x_wconf 90' lang='lat' dir='ltr'><strong>ut</strong></span> <span class='ocrx_word' id='word_1_159' title='bbox 849 1617 997 1698; x_wconf 87' lang='lat' dir='ltr'><strong>priorem</strong></span> <span class='ocrx_word' id='word_1_160' title='bbox 1018 1617 1120 1678; x_wconf 86' lang='lat' dir='ltr'><strong>vitam</strong></span> <span class='ocrx_word' id='word_1_161' title='bbox 1143 1624 1323 1688; x_wconf 83' lang='lat' dir='ltr'><strong>accusaret,</strong></span> <span class='ocrx_word' id='word_1_162' title='bbox 1346 1615 1391 1676; x_wconf 88' lang='lat' dir='ltr'><strong>ob·</strong></span> 
     </span>
     <span class='ocr_line' id='line_1_17' title="bbox 202 1695 1391 1783; baseline 0.002 -29"><span class='ocrx_word' id='word_1_163' title='bbox 202 1696 316 1772; x_wconf 89' lang='lat' dir='ltr'><strong>tinnit,</strong></span> <span class='ocrx_word' id='word_1_164' title='bbox 337 1698 543 1778; x_wconf 85' lang='lat' dir='ltr'><strong>petitumque</strong></span> <span class='ocrx_word' id='word_1_165' title='bbox 565 1707 615 1759; x_wconf 89' lang='lat' dir='ltr'><strong>est</strong></span> <span class='ocrx_word' id='word_1_166' title='bbox 635 1717 654 1757; x_wconf 87' lang='lat' dir='ltr'><strong>a</strong></span> <span class='ocrx_word' id='word_1_167' title='bbox 677 1697 840 1780; x_wconf 82' lang='lat' dir='ltr'><strong>Principe,</strong></span> <span class='ocrx_word' id='word_1_168' title='bbox 863 1700 1085 1783; x_wconf 78' lang='lat' dir='ltr'><strong>cognitionem</strong></span> <span class='ocrx_word' id='word_1_169' title='bbox 1107 1701 1292 1780; x_wconf 67' lang='lat' dir='ltr'><strong>exciperet,</strong></span> <span class='ocrx_word' id='word_1_170' title='bbox 1318 1695 1391 1779; x_wconf 89' lang='lat' dir='ltr'><strong>quod</strong></span> 
     </span>
    </p>

    <p class='ocr_par' dir='ltr' id='par_1_6' title="bbox 112 1777 1395 2360">
     <span class='ocr_line' id='line_1_18' title="bbox 135 1777 1392 1863; baseline 0 -25"><span class='ocrx_word' id='word_1_171' title='bbox 135 1807 138 1812; x_wconf 56' lang='lat'><strong><em>¹</em></strong></span> <span class='ocrx_word' id='word_1_172' title='bbox 201 1797 243 1838; x_wconf 87' lang='lat' dir='ltr'><strong>ne</strong></span> <span class='ocrx_word' id='word_1_173' title='bbox 270 1797 347 1840; x_wconf 86' lang='lat' dir='ltr'><strong>rens</strong></span> <span class='ocrx_word' id='word_1_174' title='bbox 376 1777 504 1860; x_wconf 88' lang='lat' dir='ltr'><strong>quidem</strong></span> <span class='ocrx_word' id='word_1_175' title='bbox 539 1780 703 1842; x_wconf 85' lang='lat' dir='ltr'><strong>abnuebat</strong></span> <span class='ocrx_word' id='word_1_176' title='bbox 736 1780 846 1843; x_wconf 82' lang='lat' dir='ltr'><strong>studia</strong></span> <span class='ocrx_word' id='word_1_177' title='bbox 873 1781 988 1863; x_wconf 87' lang='lat' dir='ltr'><strong>populi</strong></span> <span class='ocrx_word' id='word_1_178' title='bbox 1015 1790 1050 1844; x_wconf 90' lang='lat' dir='ltr'><strong>et</strong></span> <span class='ocrx_word' id='word_1_179' title='bbox 1076 1782 1213 1844; x_wconf 85' lang='lat' dir='ltr'><strong>Petrum</strong></span> <span class='ocrx_word' id='word_1_180' title='bbox 1244 1789 1392 1842; x_wconf 81' lang='lat' dir='ltr'><strong>metuens:</strong></span> 
     </span>
     <span class='ocr_line' id='line_1_19' title="bbox 112 1859 1393 1943; baseline 0 -23"><span class='ocrx_word' id='word_1_181' title='bbox 112 1869 114 1878; x_wconf 81' lang='grc'>’</span> <span class='ocrx_word' id='word_1_182' title='bbox 200 1867 318 1922; x_wconf 86' lang='lat' dir='ltr'><strong>contre</strong></span> <span class='ocrx_word' id='word_1_183' title='bbox 339 1859 510 1922; x_wconf 86' lang='lat' dir='ltr'><strong>Tiberium</strong></span> <span class='ocrx_word' id='word_1_184' title='bbox 533 1862 724 1943; x_wconf 80' lang='lat' dir='ltr'><strong>spernendis</strong></span> <span class='ocrx_word' id='word_1_185' title='bbox 746 1863 938 1924; x_wconf 87' lang='lat' dir='ltr'><strong>rumoribus</strong></span> <span class='ocrx_word' id='word_1_186' title='bbox 959 1863 1106 1926; x_wconf 82' lang='lat' dir='ltr'><strong>validum</strong></span> <span class='ocrx_word' id='word_1_187' title='bbox 1128 1875 1162 1926; x_wconf 88' lang='lat' dir='ltr'><strong>et</strong></span> <span class='ocrx_word' id='word_1_188' title='bbox 1188 1864 1393 1924; x_wconf 82' lang='lat' dir='ltr'><strong>conscientiae</strong></span> 
     </span>
     <span class='ocr_line' id='line_1_20' title="bbox 201 1943 1393 2028; baseline 0 -26"><span class='ocrx_word' id='word_1_189' title='bbox 201 1944 317 2004; x_wconf 84' lang='lat' dir='ltr'><strong>matris</strong></span> <span class='ocrx_word' id='word_1_190' title='bbox 339 1943 494 2004; x_wconf 85' lang='lat' dir='ltr'><strong>innexum</strong></span> <span class='ocrx_word' id='word_1_191' title='bbox 517 1963 605 2006; x_wconf 81' lang='lat' dir='ltr'><strong>esses</strong></span> <span class='ocrx_word' id='word_1_192' title='bbox 625 1965 769 2028; x_wconf 80' lang='lat' dir='ltr'><strong>veraque</strong></span> <span class='ocrx_word' id='word_1_193' title='bbox 790 1956 848 2006; x_wconf 83' lang='lat' dir='ltr'><strong>ent</strong></span> <span class='ocrx_word' id='word_1_194' title='bbox 869 1948 903 2006; x_wconf 94' lang='lat' dir='ltr'><strong>in</strong></span> <span class='ocrx_word' id='word_1_195' title='bbox 926 1943 1074 2008; x_wconf 86' lang='lat' dir='ltr'><strong>deterius</strong></span> <span class='ocrx_word' id='word_1_196' title='bbox 1086 1944 1213 2006; x_wconf 86' lang='lat' dir='ltr'><strong>credits</strong></span> <span class='ocrx_word' id='word_1_197' title='bbox 1238 1943 1343 2006; x_wconf 89' lang='lat' dir='ltr'><strong>indice</strong></span> <span class='ocrx_word' id='word_1_198' title='bbox 1361 1943 1393 2002; x_wconf 89' lang='lat' dir='ltr'><strong>ab</strong></span> 
     </span>
     <span class='ocr_line' id='line_1_21' title="bbox 201 2025 1393 2107; baseline 0.003 -23"><span class='ocrx_word' id='word_1_199' title='bbox 201 2043 269 2100; x_wconf 86' lang='lat' dir='ltr'><strong>nno</strong></span> <span class='ocrx_word' id='word_1_200' title='bbox 290 2025 417 2086; x_wconf 77' lang='lat' dir='ltr'><strong>lucilius</strong></span> <span class='ocrx_word' id='word_1_201' title='bbox 439 2025 603 2090; x_wconf 82' lang='lat' dir='ltr'><strong>discerni:</strong></span> <span class='ocrx_word' id='word_1_202' title='bbox 632 2025 745 2090; x_wconf 91' lang='lat' dir='ltr'><strong>odium</strong></span> <span class='ocrx_word' id='word_1_203' title='bbox 767 2035 800 2102; x_wconf 78' lang='lat' dir='ltr'><strong>et</strong></span> <span class='ocrx_word' id='word_1_204' title='bbox 826 2025 986 2087; x_wconf 87' lang='lat' dir='ltr'><strong>invidiam</strong></span> <span class='ocrx_word' id='word_1_205' title='bbox 1013 2026 1100 2107; x_wconf 87' lang='lat' dir='ltr'><strong>apud</strong></span> <span class='ocrx_word' id='word_1_206' title='bbox 1130 2028 1253 2090; x_wconf 88' lang='lat' dir='ltr'><strong>multos</strong></span> <span class='ocrx_word' id='word_1_207' title='bbox 1284 2027 1393 2088; x_wconf 85' lang='lat' dir='ltr'><strong>valere.</strong></span> 
     </span>
     <span class='ocr_line' id='line_1_22' title="bbox 200 2104 1395 2195; baseline 0 -29"><span class='ocrx_word' id='word_1_208' title='bbox 200 2104 302 2168; x_wconf 85' lang='lat' dir='ltr'><strong>Haud</strong></span> <span class='ocrx_word' id='word_1_209' title='bbox 330 2107 462 2168; x_wconf 85' lang='lat' dir='ltr'><strong>fallebat</strong></span> <span class='ocrx_word' id='word_1_210' title='bbox 490 2105 663 2172; x_wconf 75' lang='lat' dir='ltr'><strong>&#39;liberium</strong></span> <span class='ocrx_word' id='word_1_211' title='bbox 699 2111 800 2169; x_wconf 86' lang='lat' dir='ltr'><strong>moles</strong></span> <span class='ocrx_word' id='word_1_212' title='bbox 833 2111 1032 2195; x_wconf 78' lang='lat' dir='ltr'><strong>cognitionis</strong></span> <span class='ocrx_word' id='word_1_213' title='bbox 1068 2129 1195 2190; x_wconf 81' lang='lat' dir='ltr'><strong>qunque</strong></span> <span class='ocrx_word' id='word_1_214' title='bbox 1224 2111 1295 2191; x_wconf 86' lang='lat' dir='ltr'><strong>ipse</strong></span> <span class='ocrx_word' id='word_1_215' title='bbox 1323 2113 1395 2169; x_wconf 82' lang='lat' dir='ltr'><strong>fama</strong></span> 
     </span>
     <span class='ocr_line' id='line_1_23' title="bbox 202 2186 1395 2276; baseline 0.002 -26"><span class='ocrx_word' id='word_1_216' title='bbox 202 2186 455 2253; x_wconf 85' lang='lat' dir='ltr'><strong>distraheretur.</strong></span> <span class='ocrx_word' id='word_1_217' title='bbox 492 2189 600 2276; x_wconf 80' lang='lat' dir='ltr'><strong>Igitur</strong></span> <span class='ocrx_word' id='word_1_218' title='bbox 631 2193 742 2274; x_wconf 86' lang='lat' dir='ltr'><strong>paucis</strong></span> <span class='ocrx_word' id='word_1_219' title='bbox 765 2193 979 2252; x_wconf 82' lang='lat' dir='ltr'><strong>familiarium</strong></span> <span class='ocrx_word' id='word_1_220' title='bbox 1000 2191 1155 2254; x_wconf 81' lang='lat' dir='ltr'><strong>adhibitis</strong></span> <span class='ocrx_word' id='word_1_221' title='bbox 1182 2193 1288 2253; x_wconf 82' lang='lat' dir='ltr'><strong>minas</strong></span> <span class='ocrx_word' id='word_1_222' title='bbox 1315 2211 1395 2252; x_wconf 87' lang='lat' dir='ltr'><strong>accu-</strong></span> 
     </span>
     <span class='ocr_line' id='line_1_24' title="bbox 201 2272 1394 2360; baseline 0.001 -29"><span class='ocrx_word' id='word_1_223' title='bbox 201 2273 343 2332; x_wconf 87' lang='lat' dir='ltr'><strong>santium</strong></span> <span class='ocrx_word' id='word_1_224' title='bbox 367 2281 400 2334; x_wconf 91' lang='lat' dir='ltr'><strong>et</strong></span> <span class='ocrx_word' id='word_1_225' title='bbox 421 2272 499 2334; x_wconf 88' lang='lat' dir='ltr'><strong>binc</strong></span> <span class='ocrx_word' id='word_1_226' title='bbox 519 2293 632 2356; x_wconf 85' lang='lat' dir='ltr'><strong>preces</strong></span> <span class='ocrx_word' id='word_1_227' title='bbox 653 2273 747 2336; x_wconf 88' lang='lat' dir='ltr'><strong>audit</strong></span> <span class='ocrx_word' id='word_1_228' title='bbox 773 2275 1000 2360; x_wconf 80' lang='lat' dir='ltr'><strong>integramque</strong></span> <span class='ocrx_word' id='word_1_229' title='bbox 1026 2293 1156 2338; x_wconf 86' lang='lat' dir='ltr'><strong>cansam</strong></span> <span class='ocrx_word' id='word_1_230' title='bbox 1188 2273 1231 2336; x_wconf 84' lang='lat' dir='ltr'><strong>ad</strong></span> <span class='ocrx_word' id='word_1_231' title='bbox 1262 2283 1394 2338; x_wconf 85' lang='lat' dir='ltr'><strong>senatun</strong></span> 
     </span>
    </p>
   </div>
   <div class='ocr_carea' id='block_1_6' title="bbox 82 2357 353 2416">
    <p class='ocr_par' dir='ltr' id='par_1_7' title="bbox 82 2357 353 2416">
     <span class='ocr_line' id='line_1_25' title="bbox 82 2357 353 2416; baseline -0.018 1"><span class='ocrx_word' id='word_1_232' title='bbox 82 2377 86 2386; x_wconf 81' lang='grc'>’</span> <span class='ocrx_word' id='word_1_233' title='bbox 201 2357 353 2416; x_wconf 87' lang='lat' dir='ltr'><strong>remittit.</strong></span> 
     </span>
    </p>
   </div>
   <div class='ocr_carea' id='block_1_7' title="bbox 200 2435 1416 3790">
    <p class='ocr_par' dir='ltr' id='par_1_8' title="bbox 200 2435 1416 3709">
     <span class='ocr_line' id='line_1_26' title="bbox 273 2435 1396 2507; baseline 0.002 -17"><span class='ocrx_word' id='word_1_234' title='bbox 273 2441 296 2493; x_wconf 89' lang='lat' dir='ltr'><strong>l.</strong></span> <span class='ocrx_word' id='word_1_235' title='bbox 314 2437 454 2491; x_wconf 73' lang='lat' dir='ltr'><strong>Fulcinius</strong></span> <span class='ocrx_word' id='word_1_236' title='bbox 474 2437 539 2490; x_wconf 79' lang='lat' dir='ltr'><strong>Trio</strong></span> <span class='ocrx_word' id='word_1_237' title='bbox 556 2435 594 2502; x_wconf 81' lang='lat' dir='ltr'><strong>(v.</strong></span> <span class='ocrx_word' id='word_1_238' title='bbox 614 2435 675 2491; x_wconf 86' lang='lat' dir='ltr'><strong>lnd.</strong></span> <span class='ocrx_word' id='word_1_239' title='bbox 694 2438 731 2506; x_wconf 85' lang='lat'><strong>1.)</strong></span> <span class='ocrx_word' id='word_1_240' title='bbox 749 2437 868 2492; x_wconf 77' lang='lat' dir='ltr'><strong>Pisonem</strong></span> <span class='ocrx_word' id='word_1_241' title='bbox 890 2439 1054 2506; x_wconf 80' lang='lat' dir='ltr'><strong>postulauit:</strong></span> <span class='ocrx_word' id='word_1_242' title='bbox 1082 2438 1126 2505; x_wconf 84' lang='lat' dir='ltr'><strong>(ut</strong></span> <span class='ocrx_word' id='word_1_243' title='bbox 1147 2443 1171 2506; x_wconf 92' lang='grc'><strong>1,</strong></span> <span class='ocrx_word' id='word_1_244' title='bbox 1190 2441 1236 2506; x_wconf 89' lang='grc'><strong>74,</strong></span> <span class='ocrx_word' id='word_1_245' title='bbox 1257 2441 1294 2507; x_wconf 88' lang='grc'><strong>1.)</strong></span> <span class='ocrx_word' id='word_1_246' title='bbox 1318 2446 1396 2492; x_wconf 79' lang='lat' dir='ltr'><strong>rostra</strong></span> 
     </span>
     <span class='ocr_line' id='line_1_27' title="bbox 206 2505 1395 2577; baseline -0.002 -17"><span class='ocrx_word' id='word_1_247' title='bbox 206 2505 383 2560; x_wconf 75' lang='lat' dir='ltr'><strong>Vitellianae</strong></span> <span class='ocrx_word' id='word_1_248' title='bbox 406 2509 537 2563; x_wconf 79' lang='lat' dir='ltr'><strong>Veranius</strong></span> <span class='ocrx_word' id='word_1_249' title='bbox 555 2509 594 2576; x_wconf 81' lang='lat' dir='ltr'><strong>(v.</strong></span> <span class='ocrx_word' id='word_1_250' title='bbox 614 2513 641 2576; x_wconf 78' lang='grc'><strong>3,</strong></span> <span class='ocrx_word' id='word_1_251' title='bbox 660 2512 702 2564; x_wconf 91' lang='grc'><strong>74.</strong></span> <span class='ocrx_word' id='word_1_252' title='bbox 722 2517 751 2564; x_wconf 89' lang='lat' dir='ltr'><strong>et</strong></span> <span class='ocrx_word' id='word_1_253' title='bbox 768 2509 830 2566; x_wconf 82' lang='lat' dir='ltr'><strong>ind.</strong></span> <span class='ocrx_word' id='word_1_254' title='bbox 850 2509 891 2577; x_wconf 89' lang='lat' dir='ltr'><strong>l.)</strong></span> <span class='ocrx_word' id='word_1_255' title='bbox 915 2511 1048 2576; x_wconf 77' lang='lat' dir='ltr'><strong>ceterique</strong></span> <span class='ocrx_word' id='word_1_256' title='bbox 1071 2511 1255 2563; x_wconf 74' lang='lat' dir='ltr'><strong>Germanicam</strong></span> <span class='ocrx_word' id='word_1_257' title='bbox 1283 2509 1395 2571; x_wconf 70' lang='lat' dir='ltr'><strong>tonitui,</strong></span> 
     </span>
     <span class='ocr_line' id='line_1_28' title="bbox 201 2577 1397 2652; baseline 0 -22"><span class='ocrx_word' id='word_1_258' title='bbox 201 2577 241 2643; x_wconf 80' lang='lat' dir='ltr'><strong>(r.</strong></span> <span class='ocrx_word' id='word_1_259' title='bbox 259 2577 295 2632; x_wconf 83' lang='lat' dir='ltr'><strong>sd</strong></span> <span class='ocrx_word' id='word_1_260' title='bbox 316 2583 340 2644; x_wconf 93' lang='lat' dir='ltr'><strong>l,</strong></span> <span class='ocrx_word' id='word_1_261' title='bbox 358 2581 403 2645; x_wconf 78' lang='grc'><strong>33,</strong></span> <span class='ocrx_word' id='word_1_262' title='bbox 421 2580 460 2646; x_wconf 82' lang='lat'><strong>2)</strong></span> <span class='ocrx_word' id='word_1_263' title='bbox 478 2595 620 2634; x_wconf 80' lang='lat' dir='ltr'><strong>memores</strong></span> <span class='ocrx_word' id='word_1_264' title='bbox 643 2581 780 2652; x_wconf 85' lang='lat' dir='ltr'><strong>promissi</strong></span> <span class='ocrx_word' id='word_1_265' title='bbox 807 2582 970 2635; x_wconf 81' lang='lat' dir='ltr'><strong>iuramento</strong></span> <span class='ocrx_word' id='word_1_266' title='bbox 994 2581 1104 2634; x_wconf 80' lang='lat' dir='ltr'><strong>firmati</strong></span> <span class='ocrx_word' id='word_1_267' title='bbox 1131 2578 1170 2646; x_wconf 86' lang='lat' dir='ltr'><strong>(v.</strong></span> <span class='ocrx_word' id='word_1_268' title='bbox 1189 2583 1218 2648; x_wconf 76' lang='grc'><strong>3,</strong></span> <span class='ocrx_word' id='word_1_269' title='bbox 1237 2582 1295 2648; x_wconf 90' lang='grc'><strong>71.)</strong></span> <span class='ocrx_word' id='word_1_270' title='bbox 1320 2581 1397 2634; x_wconf 85' lang='lat' dir='ltr'><strong>tende-</strong></span> 
     </span>
     <span class='ocr_line' id='line_1_29' title="bbox 201 2649 1398 2718; baseline 0.001 -16"><span class='ocrx_word' id='word_1_271' title='bbox 201 2649 275 2715; x_wconf 78' lang='lat' dir='ltr'><strong>nass,</strong></span> <span class='ocrx_word' id='word_1_272' title='bbox 293 2650 512 2716; x_wconf 81' lang='lat' dir='ltr'><strong>contendebant,</strong></span> <span class='ocrx_word' id='word_1_273' title='bbox 531 2653 576 2713; x_wconf 87' lang='lat' dir='ltr'><strong>(ut</strong></span> <span class='ocrx_word' id='word_1_274' title='bbox 593 2651 628 2704; x_wconf 80' lang='lat' dir='ltr'><strong>tt.</strong></span> <span class='ocrx_word' id='word_1_275' title='bbox 648 2657 675 2718; x_wconf 93' lang='grc'><strong>4,</strong></span> <span class='ocrx_word' id='word_1_276' title='bbox 694 2656 738 2718; x_wconf 90' lang='grc'><strong>43,</strong></span> <span class='ocrx_word' id='word_1_277' title='bbox 756 2651 795 2713; x_wconf 87' lang='grc'><strong>3.)</strong></span> <span class='ocrx_word' id='word_1_278' title='bbox 817 2652 914 2705; x_wconf 66' lang='lat' dir='ltr'><strong>niani</strong></span> <span class='ocrx_word' id='word_1_279' title='bbox 931 2653 1022 2704; x_wconf 77' lang='lat' dir='ltr'><strong>aulice</strong></span> <span class='ocrx_word' id='word_1_280' title='bbox 1039 2667 1097 2703; x_wconf 80' lang='lat' dir='ltr'><strong>esse</strong></span> <span class='ocrx_word' id='word_1_281' title='bbox 1113 2660 1208 2717; x_wconf 78' lang='lat' dir='ltr'><strong>partes</strong></span> <span class='ocrx_word' id='word_1_282' title='bbox 1233 2668 1273 2705; x_wconf 88' lang='lat' dir='ltr'><strong>sc.</strong></span> <span class='ocrx_word' id='word_1_283' title='bbox 1301 2669 1398 2705; x_wconf 74' lang='lat' dir='ltr'><strong>secuu-</strong></span> 
     </span>
     <span class='ocr_line' id='line_1_30' title="bbox 202 2721 1416 2792; baseline 0.001 -21"><span class='ocrx_word' id='word_1_284' title='bbox 202 2721 276 2774; x_wconf 87' lang='lat' dir='ltr'><strong>torls</strong></span> <span class='ocrx_word' id='word_1_285' title='bbox 298 2739 320 2777; x_wconf 90' lang='lat' dir='ltr'><strong>s.</strong></span> <span class='ocrx_word' id='word_1_286' title='bbox 348 2722 380 2777; x_wconf 88' lang='lat' dir='ltr'><strong>in</strong></span> <span class='ocrx_word' id='word_1_287' title='bbox 398 2721 567 2786; x_wconf 78' lang='lat' dir='ltr'><strong>accusando,</strong></span> <span class='ocrx_word' id='word_1_288' title='bbox 592 2721 713 2792; x_wconf 88' lang='lat' dir='ltr'><strong>ideoque</strong></span> <span class='ocrx_word' id='word_1_289' title='bbox 741 2739 806 2776; x_wconf 84' lang='lat' dir='ltr'><strong>eum</strong></span> <span class='ocrx_word' id='word_1_290' title='bbox 829 2739 888 2776; x_wconf 90' lang='lat' dir='ltr'><strong>non</strong></span> <span class='ocrx_word' id='word_1_291' title='bbox 914 2741 973 2778; x_wconf 84' lang='lat' dir='ltr'><strong>esse</strong></span> <span class='ocrx_word' id='word_1_292' title='bbox 997 2723 1180 2780; x_wconf 78' lang='lat' dir='ltr'><strong>audiendum.</strong></span> <span class='ocrx_word' id='word_1_293' title='bbox 1218 2723 1416 2790; x_wconf 71' lang='lat' dir='ltr'><strong>Querebatur</strong></span> 
     </span>
     <span class='ocr_line' id='line_1_31' title="bbox 203 2791 1399 2919; baseline -0.002 -4"><span class='ocrx_word' id='word_1_294' title='bbox 203 2791 1021 2919; x_wconf 63' lang='lat' dir='ltr'><strong>aasantuman.1arctatur</strong></span> <span class='ocrx_word' id='word_1_295' title='bbox 1051 2795 1085 2918; x_wconf 70' lang='grc' dir='ltr'><strong>ῗὲ</strong></span> <span class='ocrx_word' id='word_1_296' title='bbox 1109 2813 1183 2918; x_wconf 66' lang='lat' dir='ltr'><strong>tt..</strong></span> <span class='ocrx_word' id='word_1_297' title='bbox 1191 2796 1269 2917; x_wconf 51' lang='lat' dir='ltr'><strong>,ap</strong></span> <span class='ocrx_word' id='word_1_298' title='bbox 1271 2795 1399 2918; x_wconf 56' lang='lat' dir='ltr'><strong>⁹1¹),le</strong></span> 
     </span>
     <span class='ocr_line' id='line_1_32' title="bbox 203 2883 1399 3007; baseline 0.003 -21"><span class='ocrx_word' id='word_1_299' title='bbox 203 2931 260 2990; x_wconf 80' lang='lat' dir='ltr'><strong>MS.</strong></span> <span class='ocrx_word' id='word_1_300' title='bbox 289 2934 332 2988; x_wconf 83' lang='lat' dir='ltr'><strong>ed.</strong></span> <span class='ocrx_word' id='word_1_301' title='bbox 356 2935 422 2989; x_wconf 84' lang='lat' dir='ltr'><strong>Ber.</strong></span> <span class='ocrx_word' id='word_1_302' title='bbox 448 2931 540 2991; x_wconf 84' lang='lat' dir='ltr'><strong>Rhen.</strong></span> <span class='ocrx_word' id='word_1_303' title='bbox 563 2933 627 2991; x_wconf 84' lang='lat' dir='ltr'><strong>Ald.</strong></span> <span class='ocrx_word' id='word_1_304' title='bbox 655 2935 732 3007; x_wconf 83' lang='lat' dir='ltr'><strong>Lips.</strong></span> <span class='ocrx_word' id='word_1_305' title='bbox 767 2943 797 2989; x_wconf 89' lang='lat' dir='ltr'><strong>et</strong></span> <span class='ocrx_word' id='word_1_306' title='bbox 820 2953 880 2992; x_wconf 85' lang='lat' dir='ltr'><strong>rec.</strong></span> <span class='ocrx_word' id='word_1_307' title='bbox 907 2953 940 2988; x_wconf 85' lang='lat' dir='ltr'><strong>nc</strong></span> <span class='ocrx_word' id='word_1_308' title='bbox 964 2883 1086 2991; x_wconf 56' lang='lat' dir='ltr'><strong>omfsbre</strong></span> <span class='ocrx_word' id='word_1_309' title='bbox 1111 2935 1189 2988; x_wconf 86' lang='lat' dir='ltr'><strong>Picb.</strong></span> <span class='ocrx_word' id='word_1_310' title='bbox 1212 2937 1322 2992; x_wconf 79' lang='lat' dir='ltr'><strong>etalii.</strong></span> <span class='ocrx_word' id='word_1_311' title='bbox 1359 2935 1399 2989; x_wconf 76' lang='lat' dir='ltr'><strong>Vs-</strong></span> 
     </span>
     <span class='ocr_line' id='line_1_33' title="bbox 202 3005 1401 3077; baseline -0.002 -19"><span class='ocrx_word' id='word_1_312' title='bbox 202 3005 313 3058; x_wconf 82' lang='lat' dir='ltr'><strong>renm&#39;us</strong></span> <span class='ocrx_word' id='word_1_313' title='bbox 331 3005 393 3074; x_wconf 86' lang='lat' dir='ltr'><strong>edd.</strong></span> <span class='ocrx_word' id='word_1_314' title='bbox 412 3013 470 3059; x_wconf 84' lang='lat' dir='ltr'><strong>ret.</strong></span> <span class='ocrx_word' id='word_1_315' title='bbox 490 3013 555 3059; x_wconf 77' lang='lat' dir='ltr'><strong>ants</strong></span> <span class='ocrx_word' id='word_1_316' title='bbox 573 3007 650 3077; x_wconf 81' lang='lat' dir='ltr'><strong>Lips.</strong></span> <span class='ocrx_word' id='word_1_317' title='bbox 676 3008 726 3062; x_wconf 88' lang='lat' dir='ltr'><strong>sed</strong></span> <span class='ocrx_word' id='word_1_318' title='bbox 748 3008 882 3060; x_wconf 81' lang='lat' dir='ltr'><strong>Verusss&#39;ae</strong></span> <span class='ocrx_word' id='word_1_319' title='bbox 898 3011 925 3072; x_wconf 72' lang='lat'><strong>2,</strong></span> <span class='ocrx_word' id='word_1_320' title='bbox 949 3009 992 3064; x_wconf 78' lang='lat'><strong>5³.</strong></span> <span class='ocrx_word' id='word_1_321' title='bbox 1012 3011 1055 3062; x_wconf 92' lang='grc'><strong>74.</strong></span> <span class='ocrx_word' id='word_1_322' title='bbox 1089 3033 1121 3046; x_wconf 85' lang='lat'><strong>·-</strong></span> <span class='ocrx_word' id='word_1_323' title='bbox 1148 3023 1234 3060; x_wconf 86' lang='lat' dir='ltr'><strong>reruss</strong></span> <span class='ocrx_word' id='word_1_324' title='bbox 1258 3008 1360 3060; x_wconf 82' lang='lat' dir='ltr'><strong>s&#39;eds&#39;ees</strong></span> <span class='ocrx_word' id='word_1_325' title='bbox 1381 3011 1401 3056; x_wconf 88' lang='lat' dir='ltr'><strong>et</strong></span> 
     </span>
     <span class='ocr_line' id='line_1_34' title="bbox 203 3077 1399 3154; baseline -0.002 -27"><span class='ocrx_word' id='word_1_326' title='bbox 203 3082 300 3130; x_wconf 82' lang='lat' dir='ltr'><strong>testess</strong></span> <span class='ocrx_word' id='word_1_327' title='bbox 320 3077 432 3142; x_wconf 79' lang='lat' dir='ltr'><strong>„Valde</strong></span> <span class='ocrx_word' id='word_1_328' title='bbox 451 3079 574 3132; x_wconf 88' lang='lat' dir='ltr'><strong>interest</strong></span> <span class='ocrx_word' id='word_1_329' title='bbox 592 3079 670 3132; x_wconf 89' lang='lat' dir='ltr'><strong>inter</strong></span> <span class='ocrx_word' id='word_1_330' title='bbox 687 3085 834 3154; x_wconf 85' lang='lat' dir='ltr'><strong>utrosque.</strong></span> <span class='ocrx_word' id='word_1_331' title='bbox 871 3079 1011 3133; x_wconf 78' lang='lat' dir='ltr'><strong>Pedianus</strong></span> <span class='ocrx_word' id='word_1_332' title='bbox 1039 3078 1151 3142; x_wconf 76' lang='lat' dir='ltr'><strong>scribit,</strong></span> <span class='ocrx_word' id='word_1_333' title='bbox 1178 3077 1326 3131; x_wconf 80' lang='lat' dir='ltr'><strong>s&#39;rds&#39;eess</strong></span> <span class='ocrx_word' id='word_1_334' title='bbox 1343 3088 1399 3138; x_wconf 61' lang='lat' dir='ltr'><strong>*esse</strong></span> 
     </span>
     <span class='ocr_line' id='line_1_35' title="bbox 200 3147 1401 3217; baseline 0 -19"><span class='ocrx_word' id='word_1_335' title='bbox 200 3147 247 3214; x_wconf 69' lang='lat' dir='ltr'><strong>pei</strong></span> <span class='ocrx_word' id='word_1_336' title='bbox 265 3148 407 3214; x_wconf 75' lang='lat' dir='ltr'><strong>facinoris,</strong></span> <span class='ocrx_word' id='word_1_337' title='bbox 426 3149 501 3200; x_wconf 79' lang='lat' dir='ltr'><strong>euius</strong></span> <span class='ocrx_word' id='word_1_338' title='bbox 527 3149 584 3215; x_wconf 78' lang='lat' dir='ltr'><strong>ipse</strong></span> <span class='ocrx_word' id='word_1_339' title='bbox 608 3157 648 3201; x_wconf 86' lang='lat' dir='ltr'><strong>est</strong></span> <span class='ocrx_word' id='word_1_340' title='bbox 671 3150 802 3214; x_wconf 81' lang='lat' dir='ltr'><strong>conscius,</strong></span> <span class='ocrx_word' id='word_1_341' title='bbox 827 3151 946 3202; x_wconf 77' lang='lat' dir='ltr'><strong>latebrae</strong></span> <span class='ocrx_word' id='word_1_342' title='bbox 970 3149 1074 3202; x_wconf 76' lang='lat' dir='ltr'><strong>indicet</strong></span> <span class='ocrx_word' id='word_1_343' title='bbox 1092 3151 1251 3215; x_wconf 66' lang='lat' dir='ltr'><strong>impressisse</strong></span> <span class='ocrx_word' id='word_1_344' title='bbox 1268 3149 1401 3217; x_wconf 76' lang='lat' dir='ltr'><strong>proposita.</strong></span> 
     </span>
     <span class='ocr_line' id='line_1_36' title="bbox 203 3217 1402 3304; baseline 0.002 -33"><span class='ocrx_word' id='word_1_345' title='bbox 203 3217 261 3271; x_wconf 81' lang='lat' dir='ltr'><strong>Sed</strong></span> <span class='ocrx_word' id='word_1_346' title='bbox 277 3219 403 3272; x_wconf 70' lang='lat' dir='ltr'><strong>indictum</strong></span> <span class='ocrx_word' id='word_1_347' title='bbox 422 3219 555 3304; x_wconf 62' lang='lat' dir='ltr'><strong>equidem</strong></span> <span class='ocrx_word' id='word_1_348' title='bbox 574 3221 702 3274; x_wconf 77' lang='lat' dir='ltr'><strong>arbitror</strong></span> <span class='ocrx_word' id='word_1_349' title='bbox 719 3220 755 3274; x_wconf 86' lang='lat' dir='ltr'><strong>ad</strong></span> <span class='ocrx_word' id='word_1_350' title='bbox 773 3219 804 3273; x_wconf 90' lang='lat' dir='ltr'><strong>id</strong></span> <span class='ocrx_word' id='word_1_351' title='bbox 820 3222 979 3291; x_wconf 86' lang='lat' dir='ltr'><strong>pertinere,</strong></span> <span class='ocrx_word' id='word_1_352' title='bbox 1005 3218 1085 3291; x_wconf 82' lang='lat' dir='ltr'><strong>quod</strong></span> <span class='ocrx_word' id='word_1_353' title='bbox 1102 3221 1270 3274; x_wconf 77' lang='lat' dir='ltr'><strong>coniectura</strong></span> <span class='ocrx_word' id='word_1_354' title='bbox 1289 3219 1402 3288; x_wconf 69' lang='lat' dir='ltr'><strong>assequ-</strong></span> 
     </span>
     <span class='ocr_line' id='line_1_37' title="bbox 204 3289 1402 3362; baseline -0.003 -20"><span class='ocrx_word' id='word_1_355' title='bbox 204 3304 272 3342; x_wconf 85' lang='lat' dir='ltr'><strong>mnr</strong></span> <span class='ocrx_word' id='word_1_356' title='bbox 290 3297 320 3344; x_wconf 90' lang='lat' dir='ltr'><strong>et</strong></span> <span class='ocrx_word' id='word_1_357' title='bbox 343 3291 562 3362; x_wconf 73' lang='lat' dir='ltr'><strong>suspicionibus,</strong></span> <span class='ocrx_word' id='word_1_358' title='bbox 592 3299 621 3344; x_wconf 87' lang='lat' dir='ltr'><strong>et</strong></span> <span class='ocrx_word' id='word_1_359' title='bbox 639 3292 716 3361; x_wconf 85' lang='lat' dir='ltr'><strong>quod</strong></span> <span class='ocrx_word' id='word_1_360' title='bbox 738 3292 841 3344; x_wconf 83' lang='lat' dir='ltr'><strong>s&#39;sedicot</strong></span> <span class='ocrx_word' id='word_1_361' title='bbox 864 3293 984 3357; x_wconf 78' lang='lat' dir='ltr'><strong>crimen,</strong></span> <span class='ocrx_word' id='word_1_362' title='bbox 1009 3307 1068 3344; x_wconf 86' lang='lat' dir='ltr'><strong>non</strong></span> <span class='ocrx_word' id='word_1_363' title='bbox 1091 3290 1209 3362; x_wconf 68' lang='lat' dir='ltr'><strong>probet,</strong></span> <span class='ocrx_word' id='word_1_364' title='bbox 1240 3289 1402 3343; x_wconf 81' lang='lat' dir='ltr'><strong>tests&#39;ssoss&#39;sn</strong></span> 
     </span>
     <span class='ocr_line' id='line_1_38' title="bbox 203 3359 1402 3433; baseline 0.002 -21"><span class='ocrx_word' id='word_1_365' title='bbox 203 3377 273 3414; x_wconf 81' lang='lat' dir='ltr'><strong>sero</strong></span> <span class='ocrx_word' id='word_1_366' title='bbox 290 3360 413 3414; x_wconf 84' lang='lat' dir='ltr'><strong>dicimus</strong></span> <span class='ocrx_word' id='word_1_367' title='bbox 432 3359 466 3415; x_wconf 88' lang='lat' dir='ltr'><strong>de</strong></span> <span class='ocrx_word' id='word_1_368' title='bbox 485 3361 569 3416; x_wconf 85' lang='lat' dir='ltr'><strong>rebus</strong></span> <span class='ocrx_word' id='word_1_369' title='bbox 586 3363 657 3416; x_wconf 82' lang='lat' dir='ltr'><strong>visis</strong></span> <span class='ocrx_word' id='word_1_370' title='bbox 676 3371 725 3416; x_wconf 88' lang='lat' dir='ltr'><strong>sut</strong></span> <span class='ocrx_word' id='word_1_371' title='bbox 743 3362 858 3428; x_wconf 82' lang='lat' dir='ltr'><strong>auditis,</strong></span> <span class='ocrx_word' id='word_1_372' title='bbox 877 3379 913 3416; x_wconf 77' lang='lat' dir='ltr'><strong>ex</strong></span> <span class='ocrx_word' id='word_1_373' title='bbox 930 3363 1033 3433; x_wconf 84' lang='lat' dir='ltr'><strong>quibus</strong></span> <span class='ocrx_word' id='word_1_374' title='bbox 1050 3363 1162 3415; x_wconf 84' lang='lat' dir='ltr'><strong>crimen</strong></span> <span class='ocrx_word' id='word_1_375' title='bbox 1182 3377 1241 3415; x_wconf 91' lang='lat' dir='ltr'><strong>non</strong></span> <span class='ocrx_word' id='word_1_376' title='bbox 1258 3363 1402 3421; x_wconf 81' lang='lat' dir='ltr'><strong>indicatur,</strong></span> 
     </span>
     <span class='ocr_line' id='line_1_39' title="bbox 204 3431 1403 3506; baseline 0.002 -22"><span class='ocrx_word' id='word_1_377' title='bbox 204 3431 253 3485; x_wconf 87' lang='lat' dir='ltr'><strong>sed</strong></span> <span class='ocrx_word' id='word_1_378' title='bbox 270 3431 419 3502; x_wconf 80' lang='lat' dir='ltr'><strong>probetur.</strong></span> <span class='ocrx_word' id='word_1_379' title='bbox 454 3431 621 3486; x_wconf 82' lang='lat' dir='ltr'><strong>Abntuntnr</strong></span> <span class='ocrx_word' id='word_1_380' title='bbox 637 3441 735 3488; x_wconf 80' lang='lat' dir='ltr'><strong>temen</strong></span> <span class='ocrx_word' id='word_1_381' title='bbox 753 3433 900 3487; x_wconf 86' lang='lat' dir='ltr'><strong>interdum</strong></span> <span class='ocrx_word' id='word_1_382' title='bbox 918 3433 1106 3506; x_wconf 84' lang='lat' dir='ltr'><strong>scriptores.“</strong></span> <span class='ocrx_word' id='word_1_383' title='bbox 1126 3433 1229 3485; x_wconf 79' lang='lat' dir='ltr'><strong>Ferret.</strong></span> <span class='ocrx_word' id='word_1_384' title='bbox 1259 3433 1344 3486; x_wconf 76' lang='lat' dir='ltr'><strong>ledes</strong></span> <span class='ocrx_word' id='word_1_385' title='bbox 1360 3438 1403 3492; x_wconf 72' lang='lat' dir='ltr'><strong>est,</strong></span> 
     </span>
     <span class='ocr_line' id='line_1_40' title="bbox 204 3501 1403 3587; baseline -0.003 -32"><span class='ocrx_word' id='word_1_386' title='bbox 204 3504 255 3572; x_wconf 86' lang='lat' dir='ltr'><strong>qui</strong></span> <span class='ocrx_word' id='word_1_387' title='bbox 274 3501 392 3567; x_wconf 81' lang='lat' dir='ltr'><strong>indicat,</strong></span> <span class='ocrx_word' id='word_1_388' title='bbox 412 3503 488 3587; x_wconf 73' lang='lat' dir='ltr'><strong>quod</strong></span> <span class='ocrx_word' id='word_1_389' title='bbox 507 3505 567 3560; x_wconf 80' lang='lat' dir='ltr'><strong>sire</strong></span> <span class='ocrx_word' id='word_1_390' title='bbox 585 3505 735 3558; x_wconf 87' lang='lat' dir='ltr'><strong>consortio</strong></span> <span class='ocrx_word' id='word_1_391' title='bbox 750 3504 850 3558; x_wconf 86' lang='lat' dir='ltr'><strong>delicti</strong></span> <span class='ocrx_word' id='word_1_392' title='bbox 868 3506 929 3560; x_wconf 86' lang='lat' dir='ltr'><strong>sire</strong></span> <span class='ocrx_word' id='word_1_393' title='bbox 951 3504 1115 3575; x_wconf 84' lang='lat' dir='ltr'><strong>suspicione</strong></span> <span class='ocrx_word' id='word_1_394' title='bbox 1139 3505 1200 3558; x_wconf 80' lang='lat' dir='ltr'><strong>sire</strong></span> <span class='ocrx_word' id='word_1_395' title='bbox 1218 3503 1279 3558; x_wconf 83' lang='lat' dir='ltr'><strong>slio</strong></span> <span class='ocrx_word' id='word_1_396' title='bbox 1302 3517 1403 3574; x_wconf 83' lang='lat' dir='ltr'><strong>qnoque</strong></span> 
     </span>
     <span class='ocr_line' id='line_1_41' title="bbox 203 3573 1404 3697; baseline 0.001 -71"><span class='ocrx_word' id='word_1_397' title='bbox 203 3573 288 3696; x_wconf 66' lang='lat' dir='ltr'><strong>pnpdn</strong></span> <span class='ocrx_word' id='word_1_398' title='bbox 313 3573 462 3697; x_wconf 55' lang='lat' dir='ltr'><strong>rescsi&#39;erste</strong></span> <span class='ocrx_word' id='word_1_399' title='bbox 491 3574 579 3630; x_wconf 85' lang='lat' dir='ltr'><strong>Vertr.</strong></span> <span class='ocrx_word' id='word_1_400' title='bbox 612 3601 645 3614; x_wconf 92' lang='lat'>-</span> <span class='ocrx_word' id='word_1_401' title='bbox 670 3577 797 3629; x_wconf 73' lang='lat' dir='ltr'><strong>mndata</strong></span> <span class='ocrx_word' id='word_1_402' title='bbox 824 3577 911 3630; x_wconf 73' lang='lat' dir='ltr'><strong>Germ</strong></span> <span class='ocrx_word' id='word_1_403' title='bbox 928 3579 1092 3644; x_wconf 79' lang='lat' dir='ltr'><strong>perlaturos,</strong></span> <span class='ocrx_word' id='word_1_404' title='bbox 1117 3593 1145 3626; x_wconf 79' lang='lat' dir='ltr'><strong>r.</strong></span> <span class='ocrx_word' id='word_1_405' title='bbox 1165 3573 1201 3628; x_wconf 83' lang='lat' dir='ltr'><strong>sd</strong></span> <span class='ocrx_word' id='word_1_406' title='bbox 1220 3578 1313 3641; x_wconf 61' lang='lat'><strong>¹2³⁶,</strong></span> <span class='ocrx_word' id='word_1_407' title='bbox 1333 3579 1356 3627; x_wconf 84' lang='grc' dir='ltr'><strong>Ι.</strong></span> <span class='ocrx_word' id='word_1_408' title='bbox 1378 3601 1404 3614; x_wconf 89' lang='lat'><em>-</em></span> 
     </span>
     <span class='ocr_line' id='line_1_42' title="bbox 202 3645 985 3698; baseline 0.008 -2"><span class='ocrx_word' id='word_1_409' title='bbox 202 3645 480 3698; x_wconf 79' lang='lat' dir='ltr'><strong>·te=inltt.s&#39;tta.</strong></span> <span class='ocrx_word' id='word_1_410' title='bbox 984 3659 1102 3709; x_wconf 77' lang='grc'><strong>’.</strong></span> 
     </span>
    </p>

    <p class='ocr_par' dir='ltr' id='par_1_9' title="bbox 273 3715 1406 3790">
     <span class='ocr_line' id='line_1_43' title="bbox 273 3715 1406 3790; baseline -0.003 -19"><span class='ocrx_word' id='word_1_411' title='bbox 273 3717 299 3771; x_wconf 76' lang='grc'><strong>3.</strong></span> <span class='ocrx_word' id='word_1_412' title='bbox 319 3723 347 3768; x_wconf 83' lang='lat' dir='ltr'><strong>at</strong></span> <span class='ocrx_word' id='word_1_413' title='bbox 363 3715 482 3783; x_wconf 82' lang='lat' dir='ltr'><strong>peiorem</strong></span> <span class='ocrx_word' id='word_1_414' title='bbox 499 3717 581 3784; x_wconf 71' lang='lat' dir='ltr'><strong>nitens</strong></span> <span class='ocrx_word' id='word_1_415' title='bbox 598 3716 710 3772; x_wconf 81' lang='lat' dir='ltr'><strong>Pisonis</strong></span> <span class='ocrx_word' id='word_1_416' title='bbox 726 3724 877 3784; x_wconf 70' lang='lat' dir='ltr'><strong>censeret,</strong></span> <span class='ocrx_word' id='word_1_417' title='bbox 895 3717 931 3774; x_wconf 86' lang='lat' dir='ltr'><strong>de</strong></span> <span class='ocrx_word' id='word_1_418' title='bbox 949 3735 1006 3789; x_wconf 77' lang='lat' dir='ltr'><strong>qne</strong></span> <span class='ocrx_word' id='word_1_419' title='bbox 1022 3737 1051 3772; x_wconf 77' lang='lat' dir='ltr'><strong>v.</strong></span> <span class='ocrx_word' id='word_1_420' title='bbox 1076 3735 1137 3790; x_wconf 83' lang='lat' dir='ltr'><strong>cap.</strong></span> <span class='ocrx_word' id='word_1_421' title='bbox 1157 3721 1200 3774; x_wconf 87' lang='lat'><strong>1³.</strong></span> <span class='ocrx_word' id='word_1_422' title='bbox 1238 3717 1290 3772; x_wconf 81' lang='lat' dir='ltr'><strong>Sic</strong></span> <span class='ocrx_word' id='word_1_423' title='bbox 1315 3717 1406 3770; x_wconf 82' lang='lat' dir='ltr'><strong>Gicero</strong></span> 
     </span>
    </p>
   </div>
   <div class='ocr_carea' id='block_1_8' title="bbox 98 3787 1406 3872">
    <p class='ocr_par' dir='ltr' id='par_1_10' title="bbox 98 3787 1406 3872">
     <span class='ocr_line' id='line_1_44' title="bbox 98 3787 1406 3872; baseline -0.003 -32"><span class='ocrx_word' id='word_1_424' title='bbox 98 3841 100 3848; x_wconf 73' lang='grc'><strong>,</strong></span> <span class='ocrx_word' id='word_1_425' title='bbox 206 3789 236 3840; x_wconf 89' lang='lat' dir='ltr'><strong>in</strong></span> <span class='ocrx_word' id='word_1_426' title='bbox 253 3794 308 3840; x_wconf 75' lang='lat' dir='ltr'><strong>set.</strong></span> <span class='ocrx_word' id='word_1_427' title='bbox 329 3791 354 3842; x_wconf 90' lang='grc'><strong>1.</strong></span> <span class='ocrx_word' id='word_1_428' title='bbox 373 3787 405 3840; x_wconf 85' lang='lat' dir='ltr'><strong>in</strong></span> <span class='ocrx_word' id='word_1_429' title='bbox 421 3789 559 3842; x_wconf 82' lang='lat' dir='ltr'><strong>Verrem:</strong></span> <span class='ocrx_word' id='word_1_430' title='bbox 576 3805 644 3842; x_wconf 84' lang='lat' dir='ltr'><strong>nam</strong></span> <span class='ocrx_word' id='word_1_431' title='bbox 661 3788 748 3842; x_wconf 83' lang='lat' dir='ltr'><strong>buius</strong></span> <span class='ocrx_word' id='word_1_432' title='bbox 766 3789 841 3842; x_wconf 74' lang='lat' dir='ltr'><strong>ratio</strong></span> <span class='ocrx_word' id='word_1_433' title='bbox 860 3790 959 3868; x_wconf 76' lang='lat' dir='ltr'><strong>magni</strong></span> <span class='ocrx_word' id='word_1_434' title='bbox 978 3797 1023 3872; x_wconf 73' lang='lat' dir='ltr'><strong>est</strong></span> <span class='ocrx_word' id='word_1_435' title='bbox 1040 3789 1181 3844; x_wconf 84' lang='lat' dir='ltr'><strong>momenti</strong></span> <span class='ocrx_word' id='word_1_436' title='bbox 1198 3789 1230 3842; x_wconf 89' lang='lat' dir='ltr'><strong>in</strong></span> <span class='ocrx_word' id='word_1_437' title='bbox 1246 3787 1406 3864; x_wconf 69' lang='lat' dir='ltr'><strong>cognitione</strong></span> 
     </span>
    </p>
   </div>
   <div class='ocr_carea' id='block_1_9' title="bbox 205 3858 1410 4355">
    <p class='ocr_par' dir='ltr' id='par_1_11' title="bbox 205 3858 1410 4355">
     <span class='ocr_line' id='line_1_45' title="bbox 205 3858 1404 3928; baseline -0.002 -16"><span class='ocrx_word' id='word_1_438' title='bbox 205 3859 257 3912; x_wconf 84' lang='lat' dir='ltr'><strong>rei.</strong></span> <span class='ocrx_word' id='word_1_439' title='bbox 277 3885 308 3896; x_wconf 91' lang='lat'>-</span> <span class='ocrx_word' id='word_1_440' title='bbox 326 3858 434 3924; x_wconf 80' lang='lat' dir='ltr'><strong>petitum</strong></span> <span class='ocrx_word' id='word_1_441' title='bbox 452 3865 494 3910; x_wconf 82' lang='lat' dir='ltr'><strong>est</strong></span> <span class='ocrx_word' id='word_1_442' title='bbox 509 3875 528 3912; x_wconf 86' lang='lat' dir='ltr'><strong>o</strong></span> <span class='ocrx_word' id='word_1_443' title='bbox 544 3859 680 3926; x_wconf 65' lang='lat' dir='ltr'><strong>Ibisctpe,</strong></span> <span class='ocrx_word' id='word_1_444' title='bbox 698 3867 732 3912; x_wconf 86' lang='lat' dir='ltr'><strong>nt</strong></span> <span class='ocrx_word' id='word_1_445' title='bbox 750 3861 928 3924; x_wconf 69' lang='lat' dir='ltr'><strong>cognitiones·</strong></span> <span class='ocrx_word' id='word_1_446' title='bbox 951 3867 1098 3928; x_wconf 63' lang='lat' dir='ltr'><strong>creperet,</strong></span> <span class='ocrx_word' id='word_1_447' title='bbox 1124 3860 1310 3926; x_wconf 72' lang='lat' dir='ltr'><strong>admitteret,</strong></span> <span class='ocrx_word' id='word_1_448' title='bbox 1335 3859 1404 3910; x_wconf 74' lang='lat' dir='ltr'><strong>oros</strong></span> 
     </span>
     <span class='ocr_line' id='line_1_46' title="bbox 205 3927 1408 4004; baseline -0.002 -22"><span class='ocrx_word' id='word_1_449' title='bbox 205 3929 254 3982; x_wconf 88' lang='lat' dir='ltr'><strong>Sic</strong></span> <span class='ocrx_word' id='word_1_450' title='bbox 271 3947 314 4000; x_wconf 83' lang='lat' dir='ltr'><strong>ap.</strong></span> <span class='ocrx_word' id='word_1_451' title='bbox 334 3927 411 3982; x_wconf 84' lang='lat' dir='ltr'><strong>Soet.</strong></span> <span class='ocrx_word' id='word_1_452' title='bbox 430 3927 503 4004; x_wconf 79' lang='lat' dir='ltr'><strong>Ang-</strong></span> <span class='ocrx_word' id='word_1_453' title='bbox 522 3933 566 3986; x_wconf 77' lang='lat'><strong>6³·</strong></span> <span class='ocrx_word' id='word_1_454' title='bbox 585 3929 623 3984; x_wconf 85' lang='lat' dir='ltr'><strong>sl.</strong></span> <span class='ocrx_word' id='word_1_455' title='bbox 658 3929 715 3984; x_wconf 82' lang='lat' dir='ltr'><strong>bed</strong></span> <span class='ocrx_word' id='word_1_456' title='bbox 731 3928 761 3986; x_wconf 87' lang='lat' dir='ltr'><strong>b.</strong></span> <span class='ocrx_word' id='word_1_457' title='bbox 775 3931 797 3983; x_wconf 92' lang='lat' dir='ltr'><strong>l.</strong></span> <span class='ocrx_word' id='word_1_458' title='bbox 816 3933 940 3996; x_wconf 75' lang='lat' dir='ltr'><strong>excipere</strong></span> <span class='ocrx_word' id='word_1_459' title='bbox 957 3939 1001 3985; x_wconf 88' lang='lat' dir='ltr'><strong>est</strong></span> <span class='ocrx_word' id='word_1_460' title='bbox 1017 3933 1115 4002; x_wconf 86' lang='lat' dir='ltr'><strong>potins</strong></span> <span class='ocrx_word' id='word_1_461' title='bbox 1132 3931 1264 4000; x_wconf 84' lang='lat' dir='ltr'><strong>recipere</strong></span> <span class='ocrx_word' id='word_1_462' title='bbox 1284 3949 1308 3986; x_wconf 91' lang='lat' dir='ltr'><strong>s.</strong></span> <span class='ocrx_word' id='word_1_463' title='bbox 1328 3927 1408 3983; x_wconf 87' lang='lat' dir='ltr'><strong>susci·</strong></span> 
     </span>
     <span class='ocr_line' id='line_1_47' title="bbox 205 3999 1406 4074; baseline -0.003 -19"><span class='ocrx_word' id='word_1_464' title='bbox 205 4019 283 4074; x_wconf 86' lang='lat' dir='ltr'><strong>pers,</strong></span> <span class='ocrx_word' id='word_1_465' title='bbox 302 3999 567 4066; x_wconf 66' lang='lat' dir='ltr'><strong>bbernebmens</strong></span> <span class='ocrx_word' id='word_1_466' title='bbox 597 4003 645 4056; x_wconf 80' lang='lat' dir='ltr'><strong>Ob.</strong></span> <span class='ocrx_word' id='word_1_467' title='bbox 664 4009 694 4055; x_wconf 86' lang='lat' dir='ltr'><strong>et</strong></span> <span class='ocrx_word' id='word_1_468' title='bbox 713 4001 819 4055; x_wconf 82' lang='lat' dir='ltr'><strong>Woltls.</strong></span> <span class='ocrx_word' id='word_1_469' title='bbox 848 4001 892 4056; x_wconf 75' lang='lat' dir='ltr'><strong>(ld.</strong></span> <span class='ocrx_word' id='word_1_470' title='bbox 912 4003 1011 4056; x_wconf 75' lang='lat' dir='ltr'><strong>liunu-</strong></span> <span class='ocrx_word' id='word_1_471' title='bbox 1039 4002 1159 4056; x_wconf 74' lang='lat' dir='ltr'><strong>etEt-n.</strong></span> <span class='ocrx_word' id='word_1_472' title='bbox 1184 4001 1220 4054; x_wconf 83' lang='lat' dir='ltr'><strong>sd</strong></span> <span class='ocrx_word' id='word_1_473' title='bbox 1238 4001 1317 4054; x_wconf 72' lang='lat' dir='ltr'><strong>susa</strong></span> <span class='ocrx_word' id='word_1_474' title='bbox 1339 3999 1406 4052; x_wconf 69' lang='lat' dir='ltr'><strong>caes.</strong></span> 
     </span>
     <span class='ocr_line' id='line_1_48' title="bbox 205 4067 1408 4140; baseline -0.004 -16"><span class='ocrx_word' id='word_1_475' title='bbox 205 4075 249 4127; x_wconf 86' lang='grc'><strong>73.</strong></span> <span class='ocrx_word' id='word_1_476' title='bbox 267 4079 298 4125; x_wconf 90' lang='lat' dir='ltr'><strong>et</strong></span> <span class='ocrx_word' id='word_1_477' title='bbox 315 4069 359 4125; x_wconf 82' lang='lat' dir='ltr'><strong>Au</strong></span> <span class='ocrx_word' id='word_1_478' title='bbox 383 4113 389 4127; x_wconf 97' lang='lat'><strong>.</strong></span> <span class='ocrx_word' id='word_1_479' title='bbox 409 4073 452 4127; x_wconf 86' lang='grc'><strong>73.</strong></span> <span class='ocrx_word' id='word_1_480' title='bbox 488 4069 633 4126; x_wconf 82' lang='lat' dir='ltr'><strong>Similiter</strong></span> <span class='ocrx_word' id='word_1_481' title='bbox 657 4071 781 4138; x_wconf 72' lang='lat' dir='ltr'><strong>excipere</strong></span> <span class='ocrx_word' id='word_1_482' title='bbox 806 4088 922 4140; x_wconf 71' lang='lat' dir='ltr'><strong>pugnem</strong></span> <span class='ocrx_word' id='word_1_483' title='bbox 946 4073 993 4139; x_wconf 88' lang='lat' dir='ltr'><strong>(ds</strong></span> <span class='ocrx_word' id='word_1_484' title='bbox 1012 4074 1073 4128; x_wconf 85' lang='lat' dir='ltr'><strong>inte</strong></span> <span class='ocrx_word' id='word_1_485' title='bbox 1095 4074 1136 4127; x_wconf 89' lang='lat' dir='ltr'><strong>ris</strong></span> <span class='ocrx_word' id='word_1_486' title='bbox 1160 4073 1307 4126; x_wconf 86' lang='lat' dir='ltr'><strong>militibus</strong></span> <span class='ocrx_word' id='word_1_487' title='bbox 1327 4067 1408 4124; x_wconf 88' lang='lat' dir='ltr'><strong>subsi-</strong></span> 
     </span>
     <span class='ocr_line' id='line_1_49' title="bbox 205 4093 1408 4224; baseline 0.007 -30"><span class='ocrx_word' id='word_1_488' title='bbox 205 4139 298 4196; x_wconf 77' lang='lat' dir='ltr'><strong>dii‘svs</strong></span> <span class='ocrx_word' id='word_1_489' title='bbox 317 4143 348 4196; x_wconf 89' lang='lat' dir='ltr'><strong>in</strong></span> <span class='ocrx_word' id='word_1_490' title='bbox 379 4157 462 4194; x_wconf 73' lang='lat' dir='ltr'><strong>cmm</strong></span> <span class='ocrx_word' id='word_1_491' title='bbox 480 4144 664 4214; x_wconf 83' lang='lat' dir='ltr'><strong>repulsorum</strong></span> <span class='ocrx_word' id='word_1_492' title='bbox 682 4143 911 4212; x_wconf 80' lang='lat' dir='ltr'><strong>succedentibus)</strong></span> <span class='ocrx_word' id='word_1_493' title='bbox 937 4148 981 4209; x_wconf 79' lang='lat'><strong>12.</strong></span> <span class='ocrx_word' id='word_1_494' title='bbox 998 4148 1041 4200; x_wconf 82' lang='lat'><strong>³³.</strong></span> <span class='ocrx_word' id='word_1_495' title='bbox 1062 4093 1096 4198; x_wconf 81' lang='lat' dir='ltr'><strong>tl.</strong></span> <span class='ocrx_word' id='word_1_496' title='bbox 1116 4149 1143 4210; x_wconf 84' lang='lat'><strong>³,</strong></span> <span class='ocrx_word' id='word_1_497' title='bbox 1161 4147 1205 4200; x_wconf 79' lang='lat'><strong>²³·</strong></span> <span class='ocrx_word' id='word_1_498' title='bbox 1222 4143 1289 4197; x_wconf 79' lang='lat' dir='ltr'><strong>niv.</strong></span> <span class='ocrx_word' id='word_1_499' title='bbox 1309 4145 1355 4204; x_wconf 73' lang='grc'><strong>33,</strong></span> <span class='ocrx_word' id='word_1_500' title='bbox 1373 4142 1408 4224; x_wconf 61' lang='lat'><strong>{⁸-</strong></span> 
     </span>
     <span class='ocr_line' id='line_1_50' title="bbox 205 4213 1408 4282; baseline -0.001 -18"><span class='ocrx_word' id='word_1_501' title='bbox 205 4215 251 4276; x_wconf 79' lang='grc'><strong>38,</strong></span> <span class='ocrx_word' id='word_1_502' title='bbox 269 4215 313 4266; x_wconf 78' lang='grc'><strong>33.</strong></span> <span class='ocrx_word' id='word_1_503' title='bbox 332 4229 385 4265; x_wconf 82' lang='lat' dir='ltr'><strong>rese</strong></span> <span class='ocrx_word' id='word_1_504' title='bbox 403 4213 523 4266; x_wconf 62' lang='lat' dir='ltr'><strong>onmem</strong></span> <span class='ocrx_word' id='word_1_505' title='bbox 541 4215 605 4266; x_wconf 73' lang='lat' dir='ltr'><strong>hir·</strong></span> <span class='ocrx_word' id='word_1_506' title='bbox 623 4217 651 4278; x_wconf 89' lang='grc'><strong>4,</strong></span> <span class='ocrx_word' id='word_1_507' title='bbox 669 4217 712 4270; x_wconf 89' lang='grc'><strong>43.</strong></span> <span class='ocrx_word' id='word_1_508' title='bbox 731 4229 836 4267; x_wconf 74' lang='lat' dir='ltr'><strong>cosam</strong></span> <span class='ocrx_word' id='word_1_509' title='bbox 855 4216 920 4269; x_wconf 73' lang='lat' dir='ltr'><strong>btv.</strong></span> <span class='ocrx_word' id='word_1_510' title='bbox 938 4219 983 4282; x_wconf 82' lang='grc'><strong>38,</strong></span> <span class='ocrx_word' id='word_1_511' title='bbox 1001 4219 1045 4272; x_wconf 88' lang='grc'><strong>43.</strong></span> <span class='ocrx_word' id='word_1_512' title='bbox 1064 4217 1211 4280; x_wconf 67' lang='lat' dir='ltr'><strong>motionem</strong></span> <span class='ocrx_word' id='word_1_513' title='bbox 1222 4213 1341 4266; x_wconf 77' lang='lat' dir='ltr'><strong>els&#39;csins</strong></span> <span class='ocrx_word' id='word_1_514' title='bbox 1352 4213 1408 4263; x_wconf 76' lang='lat' dir='ltr'><strong>has·</strong></span> 
     </span>
     <span class='ocr_line' id='line_1_51' title="bbox 206 4281 1410 4355; baseline -0.002 -17"><span class='ocrx_word' id='word_1_515' title='bbox 206 4284 252 4346; x_wconf 76' lang='grc'><strong>33,</strong></span> <span class='ocrx_word' id='word_1_516' title='bbox 269 4285 314 4338; x_wconf 86' lang='grc'><strong>33.</strong></span> <span class='ocrx_word' id='word_1_517' title='bbox 331 4297 411 4349; x_wconf 81' lang='lat' dir='ltr'><strong>ressp-</strong></span> <span class='ocrx_word' id='word_1_518' title='bbox 430 4283 492 4336; x_wconf 79' lang='lat' dir='ltr'><strong>lsiv.</strong></span> <span class='ocrx_word' id='word_1_519' title='bbox 511 4287 539 4350; x_wconf 91' lang='grc'><strong>4,</strong></span> <span class='ocrx_word' id='word_1_520' title='bbox 556 4287 601 4342; x_wconf 87' lang='grc'><strong>43.</strong></span> <span class='ocrx_word' id='word_1_521' title='bbox 625 4285 759 4340; x_wconf 72' lang='lat' dir='ltr'><strong>Caesus·</strong></span> <span class='ocrx_word' id='word_1_522' title='bbox 777 4299 875 4340; x_wconf 81' lang='lat' dir='ltr'><strong>causas</strong></span> <span class='ocrx_word' id='word_1_523' title='bbox 894 4286 967 4340; x_wconf 76' lang='lat' dir='ltr'><strong>iuris</strong></span> <span class='ocrx_word' id='word_1_524' title='bbox 985 4285 1219 4350; x_wconf 78' lang='lat' dir='ltr'><strong>extraordinarii,</strong></span> <span class='ocrx_word' id='word_1_525' title='bbox 1236 4281 1273 4339; x_wconf 88' lang='lat' dir='ltr'><strong>&#39;et</strong></span> <span class='ocrx_word' id='word_1_526' title='bbox 1290 4283 1410 4355; x_wconf 78' lang='lat' dir='ltr'><strong>privatas</strong></span> 
     </span>
    </p>
   </div>
   <div class='ocr_carea' id='block_1_10' title="bbox 0 0 1452 4792">
    <p class='ocr_par' dir='ltr' id='par_1_12' title="bbox 0 0 1452 4792">
     <span class='ocr_line' id='line_1_52' title="bbox 0 0 1452 4792; baseline 0 0"><span class='ocrx_word' id='word_1_527' title='bbox 0 0 1452 4792; x_wconf 95' lang='lat' dir='ltr'><strong> </strong></span> 
     </span>
    </p>
   </div>
  </div>
 </body>
</html>
