2872 4792
156 174 161 191 “
171 190 238 306 ,²¹⁶
508 229 514 250 .
567 187 815 256 ansanum
846 189 931 256 nm.
953 189 997 254 11.
1086 241 1091 249 .

176 353 231 421 dit,
255 370 313 426 quo
337 353 434 410 minus
459 352 578 410 mmum
603 371 656 410 rer
677 355 820 410 Areatas
841 354 1034 411 cruentetur
1056 369 1093 410 ec
1117 349 1228 410 nonam
1244 351 1327 422 abir,
1350 355 1377 410 in

176 444 233 550 qua
259 441 398 482 eoronam
423 443 458 482 ac
513 428 548 482 it.
565 487 568 494 ,
585 427 711 482 Inutiles
730 428 826 504 igitur
852 427 993 482 videntur
1026 443 1088 484 esre
1121 429 1301 484 coniecturae
1326 427 1376 482 lac.

205 513 270 552 ron.
289 498 489 552 conditorem
507 497 533 550 ir
551 505 632 553 etex
650 499 761 554 ιιοιιιὲιιε
778 497 937 553 conditoria
955 497 1066 552 ardia.“
1086 495 1195 554 Watat.

245 569 273 626 2·
294 569 475 640 Cappadoces
491 569 524 624 r‘n
541 571 662 637 soranam
677 586 758 640 prov.
776 570 853 636 red,
872 588 901 624 v.
921 569 957 622 ad
973 573 1001 638 1,
1021 571 1067 636 ta,
1084 571 1113 626 7.
1133 603 1167 614 -
1183 570 1216 626 0.
1229 569 1377 636 Veranium,

174 657 204 694 v.
230 639 294 693 lnd.
314 641 337 698 1.
375 672 408 684 -
434 639 588 710 legatam
623 657 749 710 „nonne
763 641 794 694 id
812 649 857 694 est
881 649 1048 712 praetorem
1074 641 1136 695 sive
1154 645 1377 714 propraetorem?

173 711 219 766 lta
237 711 316 765 enim
334 711 417 780 dicti,
437 713 489 784 qui
508 714 540 766 in
559 711 690 767 Caesaris
707 713 876 784 provincias
894 713 989 780 missi,
1009 720 1039 766 et
1056 710 1090 764 bi
1108 727 1206 766 omnes
1224 713 1293 766 lecti
1310 729 1324 766 e
1340 731 1378 767 se·

172 789 251 836 natu.
290 781 346 838 Sed
364 783 561 856 Cappadociae
579 785 719 856 Equitem
736 783 792 836 Dio
811 785 857 849 67,
876 785 919 838 17.
944 791 974 838 st
993 783 1183 838 Consularem
1206 791 1261 855 pro
1282 784 1377 854 Equite

172 853 253 908 llom.
273 863 419 910 rectorem
437 857 528 910 brisso
546 856 715 928 impositum
733 853 813 909 Suet.
836 856 922 924 vesp.
941 858 967 914 Β.
995 854 1098 910 aaut.
1134 855 1249 922 Fateor,
1278 856 1307 908 in
1331 857 1377 908 mi·

172 941 259 980 nores
277 927 446 996 provincias
466 945 513 982 eae
535 927 688 998 eEquitee
706 927 822 992 missos,
842 927 931 980 immo
949 933 979 982 et
990 926 1128 994 libertam
1147 925 1272 980 sedmrm
1285 942 1377 997 procu·

172 1003 304 1050 ratarum
321 997 422 1066 titulo,
441 1014 500 1052 non
507 944 547 1054 1ie
570 1007 694 1054 ntorum.
727 997 829 1068 ltaque
848 1013 992 1065 censeam,
1010 999 1108 1070 primo
1127 997 1245 1069 quidem
1263 997 1376 1082 legatum

172 1067 354 1138 impositum,
375 1069 425 1124 sed
441 1071 537 1140 posti
574 1077 715 1136 mutasse3
742 1066 865 1122 Dionem
884 1075 981 1122 autem
1005 1067 1105 1122 oculos
1127 1069 1261 1123 habuisse
1290 1087 1318 1121 ιιι
1340 1085 1377 1135 eo,

171 1138 249 1209 quod
267 1139 422 1208 obtineret,
441 1157 501 1195 non
519 1139 813 1214 quodobtinuisset.“
826 1137 906 1207 Lipe.
927 1139 1123 1210 Cappadociae
1134 1138 1376 1210 a'l'iberiossques,

170 1227 188 1264 a
212 1211 388 1282 Vespasiano
414 1220 511 1266 autem
536 1219 660 1286 propter
686 1209 816 1265 assiduos
843 1211 1032 1264 barbarorum
1062 1211 1197 1264 incursus
1231 1211 1376 1266 consuluit

171 1287 271 1334 rector
288 1283 330 1334 im
352 1281 519 1338 ositus'una
536 1284 585 1338 vel
602 1282 736 1354 pluribus
755 1282 919 1366 legionibus
938 1282 1055 1336 additis.
1083 1281 1128 1340 Cf.
1147 1283 1184 1336 ll.
1205 1285 1233 1350 2,
1257 1287 1298 1340 sl.
1330 1281 1376 1334 Ilio

171 1359 201 1404 ot
219 1351 298 1408 Suet.
318 1299 352 1407 d).
373 1353 409 1406 ll.
447 1381 480 1394 -
511 1355 649 1426 quaedam
672 1369 707 1408 ea
730 1354 823 1422 regaie
844 1352 963 1407 triburie
986 1353 1140 1420 annena,
1167 1355 1225 1408 etsi
1248 1353 1375 1408 fluctibus

171 1421 368 1494 Cappadociae
393 1424 531 1496 lavatum,
548 1425 723 1481 centesimae
747 1423 886 1503 vectigal.
915 1443 943 1480 v.
963 1441 1024 1496 cap.
1043 1427 1086 1480 tu.
1125 1457 1158 1468 —
1184 1424 1375 1494 Omnagenia,

170 1501 230 1548 tam
246 1495 370 1564 primum
388 1495 427 1549 ad
443 1496 490 1549 a'aa
505 1499 651 1566 praetoria
669 1497 831 1563 translatis,
848 1495 986 1550 subiectis
1004 1497 1143 1567 praetori,
1168 1498 1221 1568 qui
1246 1497 1282 1550 iis
1306 1513 1376 1566 prae·

171 1573 263 1634 esset3
289 1566 359 1620 Ern.
386 1567 432 1622 Gi.
461 1567 497 1622 ad
514 1573 542 1636 2,
560 1572 607 1636 42,
624 1571 651 1626 2
679 1569 784 1622 Verius
809 1568 848 1622 od
868 1567 916 1620 iae
938 1568 1152 1636 propraetoris.-
1190 1567 1273 1624 seda
1293 1609 1300 1624 .
1317 1565 1374 1620 Tac.

166 1643 297 1706 praetor,
313 1645 495 1708 propraetor,
514 1639 628 1709 legatae
651 1655 774 1692 munere
793 1639 904 1706 eodem,
930 1647 960 1692 et
984 1640 1038 1694 ista
1061 1639 1243 1706 miscentur3
1265 1585 1336 1708 Erpa.
1353 1657 1375 1690 v.

170 1707 251 1775 adl,
270 1711 315 1776 74,
336 1713 360 1766 l.
379 1743 414 1755 -
433 1711 589 1766 sesam:
616 1711 649 1766 in
666 1707 727 1764 MS.
746 1725 827 1764 eeroa
846 1710 916 1768 eine.
954 1710 990 1763 ln
1008 1710 1053 1765 ed.
1071 1711 1136 1764 Ber.
1156 1710 1313 1776 Snooeinr,
1335 1708 1376 1762 sed

170 1781 262 1845 Mt·
288 1779 435 1838 Servaeus.
473 1767 515 1836 lle
534 1799 568 1837 eo
587 1801 616 1836 v.
635 1780 700 1835 lnd.
719 1781 742 1836 1.
981 1793 984 1801 ¹

507 1919 508 1922 ‘
605 1890 797 1991 carun
842 1905 956 1992 nvn.

254 2041 447 2128 Cunctaque
483 2045 617 2106 socialia
652 2061 815 2126 prospere
849 2047 1033 2126 composita
1061 2065 1137 2107 non
1160 2043 1239 2108 ideo
1268 2043 1375 2108 laetum

171 2123 407 2190 Germanicum
428 2127 592 2190 habebant
613 2127 656 2190 ob
678 2127 866 2209 superbiam
880 2127 1021 2200 Pisonis,
1064 2131 1113 2206 ui,
1135 2128 1247 2190 iussus
1262 2137 1375 2211 partem

170 2210 340 2296 legionum
365 2212 448 2294 ipse'
465 2217 525 2272 aut
551 2229 612 2294 per
639 2209 747 2272 filium
774 2209 810 2270 in
831 2207 1023 2270 Armeniam
1044 2147 1179 2289 ducere,
1212 2219 1376 2291 utrumque

159 2293 374 2379 neglexerat.
440 2289 544 2374 Cyrri
587 2291 720 2355 demum
758 2289 847 2436 apud
883 2292 1022 2354 hiberna
1057 2292 1215 2356 decumae
1252 2295 1375 2381 legionis

169 2393 357 2440 convenere
377 2377 510 2438 firmato
532 2371 643 2454 uultu,
665 2375 773 2437 Pisoa
799 2393 915 2437 versus
937 2386 1073 2455 metum,
1087 2375 1322 2454 Germanicus,
1342 2395 1375 2438 ne

169 2461 292 2520 minari
313 2458 527 2532 crederetur-3
560 2467 594 2520 et
614 2467 698 2535 erat,
731 2467 770 2520 ut
798 2459 914 2538 retuli,
946 2459 1149 2520 clementior.
1194 2456 1261 2522 sed
1291 2459 1374 2520 amic'

169 2539 387 2604 accendendis
407 2543 644 2604 offensionibus
677 2539 791 2604 callidi
813 2539 987 2605 intendere
1009 2561 1101 2612 vera,
1124 2563 1286 2629 aggerare
1305 2479 1381 2604 saled

169 2625 346 2706 ipsumque
373 2631 407 2687 et
434 2625 626 2699 Plancinam
657 2631 691 2686 et
717 2623 803 2685 filios
830 2626 935 2686 variis
964 2624 1070 2686 modis
1099 2627 1285 2690 criminari.
1323 2625 1376 2686 Po-

169 2715 297 2770 stremo
330 2707 445 2789 paucis
473 2707 688 2768 familiarium
717 2705 877 2770 adhibitis
906 2725 1016 2770 sermo
1038 2716 1174 2791 coeptus
1196 2729 1216 2771 a
1239 2708 1376 2778 Caesare,

170 2789 300 2872 qualem
322 2791 374 2851 ira
395 2787 671 2862 etdissimulatio
683 2791 800 2876 gignit.
844 2789 1047 2872 Responsum
1069 2791 1223 2854 aPisone
1237 2793 1376 2874 precibus

169 2873 431 2950 contumacibus,
469 2872 754 2954 discesseruntque
775 2875 901 2954 opertis
923 2872 1020 2937 odiis.
1057 2873 1202 2956 Postque
1230 2893 1323 2936 ratus
1346 2876 1376 2934 in

169 2955 333 3018 tribunali
355 2953 507 3018 Caesaris
530 2957 606 3018 Piso
629 2966 673 3028 et,
695 2958 724 3016 si
746 2954 874 3039 quando
897 2957 1070 3037 assideret,
1092 2965 1190 3018 atrox
1211 2978 1250 3019 ac
1265 2957 1376 3020 dissen-

169 3041 237 3102 tire
251 3041 455 3102 manifestus.
497 3038 574 3102 Vox
595 3059 724 3122 quoque
746 3039 816 3101 eius
837 3038 951 3102 audita
972 3048 1022 3103 est
1043 3043 1077 3100 in
1100 3043 1377 3124 convivi0‚=quun1

169 3121 258 3205 apud
278 3142 316 3184 re
339 3143 392 3186 em
414 3121 660 3186 Nabataeorum
688 3141 832 3186 coronae
854 3141 975 3185 aureae
996 3143 1116 3206 magno
1137 3123 1286 3205 pondere
1306 3121 1378 3184 Cae·
1396 3189 1399 3194 Δ

169 3207 238 3271 eari
260 3213 295 3268 et
346 3207 519 3289 rrippinae
559 3207 650 3268 leves
671 3204 785 3267 Pisoni
814 3215 847 3267 et
874 3207 994 3268 ceteris
1016 3209 1237 3269 offerrentur:
1264 3205 1377 3271 Princi-

168 3291 221 3369 pis
242 3287 389 3368 Romani,
420 3309 484 3350 non
504 3251 623 3352 dareta·
651 3291 741 3368 regis
770 3288 841 3374 filio
863 3309 917 3350 eas
945 3289 1056 3368 epulas
1084 3289 1175 3352 dari:
1204 3291 1377 3370 abiecitque

170 3373 271 3436 simul
299 3390 456 3433 coronam
484 3379 519 3433 et
545 3373 652 3433 multa
678 3373 713 3432 in
743 3372 857 3434 luxum
886 3369 1031 3452 addidit,
1056 3393 1155 3456 ·quae
1187 3372 1376 3436 Germanico

78 3523 82 3528 ,
170 3473 356 3548 quanquam
376 3454 495 3516 acerba
517 3453 748 3518 tolerabantur
769 3461 888 3516 umen.
997 3497 1002 3502 -

240 3577 266 3629 l.
286 3571 394 3626 Cuncta
409 3567 544 3637 comalio,
562 3572 707 3627 sociorum
725 3589 783 3638 res,
806 3588 854 3640 pr.
874 3570 1036 3642 composita,
1060 3571 1164 3628 harum
1183 3591 1285 3629 rerum
1308 3589 1377 3627 com·

168 3643 288 3722 positio,
307 3645 460 3698 ordinatio.
481 3663 509 3698 v.
528 3643 700 3714 ad1‚1,4.
738 3677 770 3687 -
808 3644 912 3698 laetans
930 3645 1128 3708 Gernsanr'eane
1150 3643 1295 3710 habebam,
1320 3643 1377 3698 elii·

169 3715 298 3783 ciebant,
319 3717 412 3770 Oberl.
433 3717 479 3770 cf.
498 3715 534 3770 ad
552 3717 579 3781 2,
597 3717 643 3782 66,
663 3721 687 3772 1.
707 3748 740 3759 -
759 3713 981 3800 transportem
998 3717 1143 3787 legionum
1157 3735 1211 3786 per
1227 3719 1317 3786 filicem
1333 3717 1377 3770 du·

168 3803 240 3874 cere,
257 3790 288 3874 ei
306 3788 463 3874 ducendam
481 3787 611 3854 tradere3
630 3789 699 3845 Era.
727 3787 865 3871 -ιΟιφιτι
884 3789 950 3842 edd:
964 3797 1023 3842 vet.
1043 3798 1078 3874 et
1090 3806 1148 3844 rec.
1167 3807 1260 3861 paene
1276 3805 1380 3874 omnes„

168 3871 256 4004 ιι
279 3859 468 4003 ιιι
491 3859 699 3986 naua
718 3857 1377 4012 assumendae:

168 4001 229 4069 66.)
247 4003 419 4070 clanentior,
438 4021 465 4056 v.
486 4001 522 4058 ad
538 4001 563 4055 A
585 4022 609 4056 r.
629 4008 673 4060 16.
692 4019 722 4054 ιι.
742 4005 766 4056 3.
784 4029 829 4084 ·—
850 4003 1038 4057 accendendis
1056 4005 1257 4070 offensionibus
1272 4003 1375 4066 callode,

99 4076 105 4089 “
169 4074 539 4144 v.adl,2³,l.et1nd.
588 4075 612 4127 l.
640 4093 668 4128 v.
687 4075 798 4126 Dalana.
832 4107 865 4117 -
888 4075 1035 4130 intendere
1060 4093 1136 4142 aera,
1163 4095 1193 4131 v.
1217 4077 1319 4142 adil,
1337 4075 1375 4130 36

118 4203 123 4212 ,
168 4179 202 4189 -
221 4145 389 4202 Plancinam
406 4153 434 4200 el
451 4146 540 4213 filias:
558 4147 667 4212 „immo
685 4146 784 4212 filiurn,
802 4146 840 4198 M.
850 4147 999 4212 Pisonem3
1018 4165 1084 4201 nam
1095 4149 1207 4204 Gnaeus
1225 4164 1309 4201 omne
1326 4145 1377 4197 boc

168 4225 282 4301 tempus
300 4220 332 4272 in
349 4219 428 4272 Urbe
447 4219 524 4294 e'git:
550 4218 592 4282 (v.
611 4220 639 4284 3,
659 4215 720 4280 16.)
737 4218 796 4270 nisi
815 4226 845 4271 et
862 4219 974 4272 Gnaeus
992 4219 1099 4274 Romae
1122 4219 1234 4291 aliquid
1257 4220 1289 4272 in
1307 4217 1376 4270 Ger·

90 4357 95 4367 ¹
167 4290 324 4357 manicam,
343 4296 393 4345 aut
410 4289 560 4344 criminati
577 4289 716 4344 univerae
733 4297 801 4344 eunt
818 4289 951 4345 liliorum
969 4291 1144 4362 superbiam,
1171 4291 1374 4348 contnmaciam
