2774 4784
177 197 303 257 hmll
672 198 897 266 eunucus

177 373 236 446 sui
261 395 290 444 s.
317 371 354 442 h.
376 393 407 442 e.
435 369 494 442 sui
519 367 673 456 coemit)
699 382 738 442 et
762 369 927 464 antiquis
951 369 1194 471 conparatis.
1233 370 1315 444 Alia
1336 385 1380 444 est

177 471 371 546 Puteolani
396 479 540 564 recepte
563 495 584 540 a
607 468 690 542 Ber.
716 469 796 542 Riv.
822 469 939 542 Rhen.
967 471 1063 542 lunt.
1101 477 1138 542 et
1162 469 1278 544 Aldo:
1322 469 1380 544 Tu·

176 573 245 644 citi
277 567 466 664 dialogus,
505 592 556 642 on
589 569 648 642 sui
681 565 821 642 soeculi
853 581 1026 642 oratores
1063 569 1331 666 antiquioribus
1351 586 1380 644 et

176 693 291 768 quore
330 666 555 742 concedunt:
590 670 643 756 (in
669 667 894 742 saluumne
928 669 1083 740 editioni
1115 669 1258 742 Puteol.
1294 695 1381 764 prae

174 772 288 852 missa
311 766 359 842 de
383 791 521 864 genere
545 765 773 864 eloquentiae
809 789 881 841 uon
913 767 1136 870 corruptae)
1174 771 1382 842 novissimae

174 881 299 944 autem
340 877 425 940 sunt
461 867 675 962 Lipsiannc,
691 877 730 938 et
762 868 914 962 quidem
947 868 988 938 in
1013 869 1145 962 primis
1171 870 1383 942 editionibus

172 969 309 1043 incerti
345 967 550 1084 scriptoris
585 963 762 1062 dialogus
786 962 833 1038 de
868 965 1084 1040 oratoribus
1116 969 1176 1042 sui
1206 971 1383 1072 temporis,

171 1072 212 1142 in
236 1067 514 1164 posterionbus,
550 1069 594 1138 'ut
625 1069 665 1136 in
696 1067 960 1138 recentioribus
994 1065 1270 1140 Gronoviorum
1305 1067 1383 1140 alio

170 1191 329 1262 rumque
357 1163 534 1262 dialogus
559 1163 606 1238 de
630 1165 755 1238 causis
778 1178 984 1266 cormptoe
1010 1163 1248 1263 eloquentiae.
1286 1169 1383 1248 Quod

172 1270 218 1340 ad
249 1267 316 1338 has
348 1267 488 1355 attinet,
520 1265 659 1337 iudicio
694 1264 883 1360 Goeringii
918 1265 1078 1337 secunda
1107 1266 1230 1362 Lipsii
1261 1291 1383 1362 partim

168 1369 303 1440 idonea
327 1375 364 1436 et
388 1375 470 1459 epta
496 1375 561 1456 est,
603 1365 723 1458 aptior
747 1363 813 1436 illa
839 1363 1044 1456 Puteolani,
1083 1368 1274 1461 aptissima
1308 1391 1383 1438 vero

168 1468 273 1540 haec:
300 1486 447 1554 consae,
474 1485 541 1536 ner
567 1463 787 1538 recentioris
821 1463 998 1564 temporis
1032 1478 1205 1538 oratores
1238 1489 1264 1538 o
1298 1480 1383 1539 oete-

170 1565 275 1640 ribus
300 1561 534 1653 recesserint,
572 1587 638 1634 seu
663 1585 810 1652 causae,
842 1585 910 1634 eur
935 1575 1108 1636 oratores
1131 1587 1205 1637 non
1234 1564 1383 1666 osnplisu

168 1666 199 1740 ii
224 1663 299 1738 sint
325 1663 388 1758 qui
411 1661 555 1755 suerint
577 1656 637 1750 ³³).
677 1661 774 1734 Mihi
799 1672 922 1736 tamen
949 1673 1030 1734 tum
1055 1666 1235 1759 posterior
1259 1666 1383 1762 Lipsii,

242 1897 279 1968 ³³)
298 1901 448 1956 Sententia
467 1899 577 1955 Goerin
601 1902 631 1968 'i,
650 1917 722 1971 quae
742 1900 830 1954 etiam
849 1901 968 1954 Gremio
992 1899 1068 1954 baud
1094 1901 1297 1973 improbabilis
1322 1905 1383 1970 viss,

167 1973 214 2028 bis
232 1975 330 2028 verbis
349 1973 518 2028 declaratur
533 1918 610 2043 pli

168 2047 282 2112 iudicii,
309 2043 387 2115 quod
412 2044 483 2096 libri
507 2051 610 2098 auctor
634 2043 760 2097 liberum
786 2051 815 2097 ct
833 2043 867 2098 ab
886 2045 967 2096 omni
991 2060 1008 2098 c
1030 2043 1130 2100 inione
1147 2055 1305 2118 praecepta
1324 2047 1383 2100 alie

166 2135 238 2171 num
258 2115 372 2170 servari
390 2114 466 2181 vult,
486 2115 686 2192 integritatem
704 2113 786 2166 tollit
805 2123 834 2168 et
851 2113 970 2185 abripit.
1063 2115 1166 2170 litetur
1184 2118 1304 2188 quidem
1325 2118 1383 2170 libr:

166 2199 270 2244 auctor
287 2205 350 2259 cap.
370 2193 396 2244 l.
417 2185 626 2255 separationi,
645 2201 693 2238 cur
709 2201 760 2237 suu
778 2192 855 2240 uetes
873 2187 981 2238 derata
1006 2193 1032 2238 et
1056 2187 1136 2240 laude
1164 2191 1335 2256 eloquentiae
1352 2203 1383 2242 on

166 2262 232 2314 butu
249 2260 298 2312 vir
316 2275 406 2312 nomen
424 2257 508 2324 ipsum
526 2255 688 2310 oratoris
705 2258 833 2320 retineat,
853 2273 1061 2328 responsurum
1080 2276 1156 2325 esse;
1182 2260 1231 2314 sed
1249 2261 1281 2316 id
1298 2262 1383 2345 ipsuq

165 2347 217 2386 nos
235 2348 294 2384 non
313 2338 421 2393 movet,
440 2337 474 2382 nt
492 2347 558 2384 eum
578 2336 732 2398 corruptae
752 2327 762 2380 i
785 2330 843 2382 sius
861 2328 1043 2400 eloquentiae
1067 2347 1164 2398 causas
1189 2333 1382 2454 expositurus]

608 1991 615 2024 s
645 1972 830 2042 „inscriptio
848 1971 902 2028 illa
920 1971 953 2024 de
970 1971 1062 2026 camsi
1070 1983 1211 2041 corruptae
1227 1977 1383 2043 eloquentius

166 2420 228 2458 esse
247 2410 456 2472 exspectemus.
493 2401 641 2454 Praeterea
661 2399 712 2469 qui
732 2415 765 2452 co
792 2407 931 2471 oquentes
950 2400 1129 2454 inducuntur
1147 2403 1206 2455 viri
1241 2403 1380 2457 enioribu

165 2473 262 2530 uerbis
281 2481 420 2539 utunturq
439 2475 499 2525 tain
517 2471 641 2542 provide
660 2479 689 2524 et
707 2471 920 2542 circumspecte
937 2479 1037 2548 agunt,
1055 2481 1098 2537 ut,
1119 2489 1208 2544 quum
1225 2491 1287 2528 non
1308 2475 1382 2530 desit

166 2546 217 2617 qui
239 2545 384 2598 diversam
411 2559 525 2614 quoque
549 2549 665 2613 partem
689 2543 828 2614 suscipiat
852 2551 882 2596 et
912 2544 1111 2597 recentiorum
1135 2554 1305 2616 temporum
1338 2547 1382 2600 elo

165 2618 313 2687 quentiam
333 2615 520 2684 antiquorum
539 2613 667 2690 ingeniis
685 2615 838 2680 anteferat,
857 2613 933 2684 (cap.
954 2619 978 2670 l·
1007 2623 1036 2666 et
1055 2617 1089 2670 16
1103 2643 1135 2652 -
1151 2621 1207 2684 tl.)
1235 2633 1300 2670 non
1327 2619 1382 2670 sim

164 2689 285 2760 pliciter
303 2694 453 2756 quaerant,
485 2701 539 2738 cur
562 2691 701 2752 corrupta
720 2685 759 2736 sit
783 2685 956 2754 eloquentia,
989 2686 1038 2739 sed
1056 2685 1220 2757 explorent,
1239 2706 1319 2758 quae
1339 2692 1382 2744 sin

163 2761 287 2826 infinitos
305 2759 387 2810 illius
406 2758 485 2810 inter
503 2755 622 2824 antiqua
640 2763 670 2807 et
687 2757 850 2812 recentiora
877 2765 1008 2826 tempora
1030 2758 1202 2823 differentius
1226 2778 1346 2824 caune,
1373 2779 1382 2820 s

163 2831 198 2885 sle
217 2827 401 2900 eloquentiae
419 2825 503 2880 laude
521 2825 697 2896 disputetur,
716 2824 756 2892 (c.
780 2827 835 2892 ¹5.)
853 2827 924 2881 item
949 2845 997 2882 cur
1014 2828 1043 2880 tn
1069 2835 1169 2882 tantun
1192 2831 1227 2882 ob
1255 2835 1382 2903 antiquo

163 2919 231 2955 rum
249 2899 399 2968 eloquentia
416 2898 578 2952 recesserint
595 2897 782 2952 recentiores.
802 2897 842 2964 (e.
861 2901 905 2954 24.
924 2901 981 2960 ll.)
1016 2899 1091 2952 Sunt
1109 2902 1227 2971 quidem
1246 2903 1324 2968 loci,
1352 2905 1382 2956 ul

163 2974 310 3027 Maternus
334 2978 363 3025 et
387 2969 507 3025 Messala
530 2968 700 3022 disertiores
722 2970 814 3024 fuisse
836 2972 969 3042 antiquos
997 2979 1026 3024 et
1044 2971 1233 3048 degenerasse
1252 2975 1382 3047 eloquent

162 3045 235 3098 tiam
254 3043 352 3096 dicant
376 3049 462 3113 atque
486 3059 516 3095 se
539 3039 585 3092 sni
608 3042 750 3110 temporis
770 3041 964 3112 eloquentiam
983 3043 1080 3096 minus
1108 3061 1194 3114 quam
1214 3064 1290 3114 carn,
1323 3067 1382 3120 qun

163 3115 237 3168 olim
255 3114 399 3180 floruerit,
418 3115 579 3184 perfectam
597 3107 703 3166 babere
720 3113 924 3182 profiteantur.
950 3113 985 3178 (c.
1007 3115 1112 3171 1415.
1134 3117 1176 3172 lt.
1201 3119 1243 3174 il.
1265 3123 1315 3174 27.
1339 3117 1382 3176 28⁴³

162 3185 219 3240 Sed
242 3203 332 3258 quum
360 3183 439 3255 Aper
460 3183 491 3238 id
516 3183 613 3253 ipsum
640 3200 748 3258 negare
766 3184 910 3250 videatur,
940 3201 1029 3254 quum
1053 3203 1113 3239 non
1131 3187 1165 3240 de
1193 3189 1317 3246 interna
1339 3193 1382 3260 ele

165 3259 300 3328 quentiae
319 3257 349 3309 vi
368 3263 398 3310 et
416 3263 520 3308 natura
537 3269 633 3307 sermo
652 3253 713 3318 fiat,
732 3256 781 3308 sed
799 3271 852 3308 cnr
870 3257 1018 3310 recentior
1035 3256 1200 3328 eloquentia
1225 3259 1335 3316 orbata
1363 3283 1381 3318 a:

165 3329 262 3406 gloria
280 3327 321 3393 (c.
334 3331 359 3382 l.
372 3327 431 3390 28.)
450 3334 479 3380 et
496 3325 616 3394 pristini
634 3325 776 3394 temporis
795 3334 924 3380 oratores
944 3329 1151 3383 eminentiores
1168 3331 1285 3385 fuerint
1309 3353 1381 3404 quas

163 3407 247 3454 ratur
264 3399 302 3464 (c.
321 3402 363 3454 nt.
383 3397 441 3460 27.)
458 3402 545 3466 etque
562 3398 710 3448 Maternus
727 3403 816 3466 petat,
841 3406 876 3450 ut
894 3414 993 3452 causae
1012 3401 1180 3466 reddantur,
1207 3420 1263 3456 cur
1288 3423 1381 3460 recen

162 3473 253 3526 tiores
272 3469 305 3524 ab
324 3471 513 3539 antiquorum
532 3467 696 3538 eloquentia
715 3470 899 3535 recesserint,
919 3473 956 3530 (c.
975 3473 1032 3534 Ἃ.)
1050 3489 1145 3543 neque
1162 3490 1232 3528 vero
1252 3494 1315 3530 cur
1336 3481 1381 3550 ips

162 3543 327 3614 eloquentia
345 3548 482 3610 corrupta
501 3547 530 3592 et
548 3539 580 3592 in
598 3537 680 3608 peius
699 3545 808 3592 inutata
827 3539 875 3606 sit,
896 3541 946 3592 vix
962 3543 1114 3614 quisquam
1128 3543 1280 3614 obtinebit,
1304 3549 1381 3604 veri

162 3615 216 3667 illa
233 3613 267 3664 de
285 3613 376 3665 causis
395 3617 582 3678 corruptae
599 3610 765 3677 eloquentiae
782 3611 852 3664 libri
870 3621 1043 3688 argumento
1061 3617 1129 3668 satis
1154 3615 1256 3672 idonea
1275 3637 1354 3674 esse
1377 3643 1381 3674 s

162 3693 238 3756 apta.
257 3683 306 3752 (t)
342 3683 444 3754 Neque
461 3691 560 3736 tamen
577 3681 634 3734 boc
652 3681 693 3734 isa
711 3683 911 3752 accipiendum
929 3693 982 3751 est,
1009 3693 1052 3750 ut,
1071 3703 1144 3756 qnae
1162 3687 1291 3744 dirersis
1323 3701 1381 3748 ten

162 3757 282 3827 poribus
309 3755 439 3809 diversae
461 3753 574 3808 fuerint
601 3753 770 3807 immutatae
795 3753 978 3824 eloquentiae
1003 3774 1113 3820 causae,
1145 3777 1194 3814 eae
1224 3761 1260 3814 ad
1287 3781 1381 3820 remu

164 3837 299 3882 eventum
318 3835 347 3880 et
370 3828 475 3880 seriem
500 3824 641 3878 historico
656 3821 743 3894 'quasi
768 3825 863 3890 modo,
890 3829 941 3895 qui
964 3829 1149 3898 procedentia
1173 3835 1330 3902 temporis
1353 3839 1381 3890 ds

162 3917 280 3952 cursum
297 3915 352 3968 per
370 3898 475 3974 gradus
493 3903 641 3966 sequatur,
659 3903 869 3950 enumerentur
886 3903 916 3951 et
934 3899 1116 3974 singulatim,
1135 3920 1221 3972 quam
1240 3923 1381 3976 unaque<

163 3986 219 4040 qne
242 3988 326 4023 musa
351 3985 384 4022 eo
408 3981 466 4039 quc
490 3974 553 4022 orta
580 3965 620 4020 sit
643 3975 775 4037 tempore
798 3966 932 4022 habuerit
950 3971 1022 4037 rim,
1051 3981 1222 4042 exponatur.
1259 3975 1352 4031 Nam
1379 3981 1381 4038 l

162 4041 238 4111 quod
257 4060 274 4096 a
291 4041 410 4095 Messala
429 4041 539 4094 dictum
559 4037 670 4114 legitur
687 4055 711 4090 c.
731 4041 774 4095 2⁷.
795 4045 823 4092 ut
847 4047 989 4108 appareat,
1013 4043 1107 4112 quitus
1129 4045 1264 4109 gradibus
1294 4053 1381 4113 froci

161 4113 200 4165 ss't
223 4119 249 4164 et
273 4112 406 4166 deminuto
432 4109 592 4179 eloquentia,
616 4117 716 4179 postea
743 4111 907 4187 negligitur
931 4121 959 4164 et
983 4113 1018 4168 ad
1042 4131 1209 4170 communes
1231 4135 1350 4176 causas
1376 4121 1381 4179 i

161 4179 331 4237 universnm
355 4179 560 4238 enumerandas
585 4195 681 4234 sermo
704 4181 875 4238 reflectitur.
915 4181 988 4250 [Cur
1006 4184 1036 4239 id
1053 4189 1163 4242 lactum
1182 4187 1230 4254 sit,
1258 4208 1290 4242 v.
1318 4194 1360 4248 in

160 4255 234 4307 XXV
252 4253 339 4321 exta]
375 4253 417 4309 De
440 4271 473 4308 ea
497 4259 610 4306 tantum
628 4252 718 4306 totius
737 4253 780 4308 rei
800 4253 976 4320 conditione,
1002 4273 1073 4328 quae
1092 4275 1126 4313 eo
1150 4267 1284 4332 tempore
1319 4283 1380 4322 ers
