2890 4790
278 229 423 296 carur
445 233 518 298 xu.
537 231 628 297 ιιιιι.
658 231 761 324 (nu.
777 233 846 300 sss.
877 235 914 298 ιι.
930 221 967 298 c.
986 235 1053 312 aa.)
1211 239 1274 304 aar

415 423 419 431 ·
493 399 558 454 ca
577 401 598 454 P
616 399 686 454 UT
729 399 838 456 1111.

146 487 188 550 m
208 483 366 554 Tiberius
395 489 478 552 nihil
505 491 695 555 intermissa
717 508 831 554 rerum
852 507 944 566 cura,
974 509 1014 553 ne
1038 492 1107 554 otia
1135 511 1197 576 pro
1219 513 1269 556 so-

71 571 149 632 latiis
167 572 345 653 accipiens,
365 573 417 634 iua
439 574 575 652 civium,
598 593 712 657 preces
734 575 901 638 aociorum
915 510 1098 650 tractabam
1120 577 1270 659 iactaque

69 664 197 716 auctore
218 674 258 718 eo
279 661 413 718 senatus
435 655 597 736 consulta,
618 667 656 720 ut
676 659 806 722 civitati
820 653 1030 737 Cibyraticae
1045 657 1132 740 apud
1147 659 1269 734 Asiani,
1326 671 1329 678 ’

68 739 216 822 Aegiensi
243 736 331 821 apud
351 736 520 816 Achaiam,
550 747 645 802 motu
673 749 786 804 terrae
814 739 1000 818 labefactis,
1031 742 1271 806 subveniretur

69 821 255 883 remissione
276 821 397 884 tributi
428 823 462 884 in
485 823 677 886 triennium.
720 823 762 884 Et
782 823 904 886 Vibius
926 822 1070 886 Serenus
1101 844 1163 907 pro
1191 845 1271 888 con-

68 903 131 964 sule
151 903 323 966 ulterioris
337 904 518 990 Hispaniae
539 904 581 969 de
602 907 638 968 vi
658 905 789 989 publica
804 905 977 968 damnatus
995 907 1038 968 ob
1059 909 1268 973 atrocitatem

67 993 249 1070 temporum
277 987 311 1048 in
340 988 482 1050 insulam
502 989 607 1052 Amor
712 987 918 1072 deportatur.
960 987 1131 1054 Carsidius
1152 991 1289 1070 Sacer-¹

68 1067 119 1130 dos
139 1090 230 1148 reus,
251 1077 406 1152 tanquam
429 1073 598 1136 frumento
643 1081 747 1136 ostem
768 1071 1012 1136 Tacfarinatem
1034 1075 1186 1152 iuvisset,
1213 1075 1268 1140 ab·

66 1153 201 1214 solvitur
221 1148 433 1238 eiusdemque
454 1157 604 1218 criminis
626 1155 661 1222 C.
685 1155 862 1236 Gracchus,
916 1155 1018 1220 Hunc
1038 1159 1192 1222 comitem
1213 1180 1269 1222 ex·

65 1237 137 1316 sitii,
158 1237 335 1302 admodum
357 1240 526 1315 infantem,
548 1247 643 1322 pater
654 1239 869 1320 Sempronius
890 1240 926 1302 iu
940 1239 1082 1302 insulam
1095 1237 1267 1304 Cercinam

64 1323 189 1386 tulerat.
233 1321 307 1384 illic
326 1320 459 1386 adultus
474 1327 728 1387 intereatorrea
746 1331 780 1386 et
794 1323 982 1386 liberalium
1000 1325 1125 1384 artium
1138 1325 1267 1388 nescios

65 1425 132 1466 mox
152 1425 215 1488 per
235 1407 381 1471 Africam
403 1424 442 1468 ec
463 1405 610 1468 Siciliam
632 1406 790 1468 mutando
811 1405 964 1469 sordidas
984 1423 1113 1469 merces
1138 1416 1265 1470 susten-

64 1489 207 1562 tabatnr;
242 1509 345 1571 neque
367 1491 476 1550 tamen
498 1491 617 1576 effugit
637 1509 774 1580 magnae
795 1492 948 1552 fortunae
975 1491 1126 1572 pericula
1153 1509 1202 1570 ac,
1231 1493 1270 1552 ui

64 1571 169 1634 Aelius·
190 1573 307 1636 Lamia
330 1581 364 1636 et
384 1573 432 1641 la.
447 1573 628 1656 Apronius,
660 1575 717 1658 qui
737 1574 883 1636 Africam
905 1573 1131 1652 obtinuerant,
1152 1574 1265 1638 inson-

64 1665 125 1718 tem
151 1657 392 1738 protexissent,
407 1655 624 1720 ¹claritudine
651 1658 787 1736 inlausti
813 1659 945 1744 generis
974 1664 1009 1720 et
1037 1659 1182 1739 paternis
1209 1657 1266 1722 ad-

63 1739 161 1801 versis
182 1742 271 1803 toret
291 1739 487 1804 abstractus.

126 1845 149 1896 l.
167 1839 282 1906 aegeae
298 1855 348 1907 pro
369 1839 479 1893 salamis
500 1840 647 1908 accipiam,
671 1861 699 1899 v.
727 1843 762 1898 ael
785 1845 812 1908 t,
830 1845 858 1910 8,
878 1847 902 1898 1.
921 1845 949 1908 t,
967 1844 1013 1906 w,
1033 1847 1057 1900 1.
1078 1849 1107 1896 et
1163 1858 1165 1860 ·
1193 1845 1264 1900 .22,

62 1927 87 1965 ιι.
104 1913 128 1967 2.
149 1943 181 1954 -
201 1911 306 1982 Cibyra
324 1927 370 1966 ma
412 1911 589 1990 al’brygiae
608 1913 735 1980 maioris,
762 1931 852 1984 parra
870 1913 1060 2037 Pamphyliae
1077 1913 1126 1968 vel
1169 1915 1267 1968 itieiae

62 1995 120 2054 opp.
143 1999 172 2040 r.
199 1981 292 2038 Strab.
318 1983 356 2036 xl
390 2027 396 2039 .
421 2001 449 2054 p.
468 1987 530 2042 tau.
548 1987 609 2044 527.
638 1985 712 2040 Plin.
737 1987 764 2052 5,
788 1987 833 2042 22.
859 1988 904 2042 52.
955 1983 1008 2038 tol.
1028 1988 1055 2051 5,
1078 1988 1105 2041 2.
1135 2017 1167 2028 -
1194 1987 1268 2054 apati

60 2109 155 2172 Asiam
173 2110 248 2177 apsa
264 2108 408 2174 Asiana,
424 2128 454 2164 v.
473 2109 536 2164 lud.
556 2109 595 2162 11.
614 2127 642 2162 r.
661 2109 752 2176 Apus.
782 2135 815 2150 -·
839 2065 976 2174 Aegiensi
998 2107 1057 2162 ltlS.
1080 2066 1267 2176 unde'Aegi-

60 2181 131 2233 ussi
144 2181 190 2236 ad.
210 2181 275 2236 liar.
294 2181 343 2235 sed
361 2181 497 2245 Aegiensi
515 2181 577 2236 edel.
596 2181 677 2234 Brat.
696 2179 769 2233 lirn.
789 2187 819 2234 et
835 2197 893 2234 rec.
912 2179 1062 2244 Aegireast
1089 2181 1152 2234 adel.
1172 2179 1263 2235 libem
1357 2201 1363 2220 ι

60 2249 120 2303 tlt.
139 2260 169 2306 et
185 2260 242 2306 cat.
262 2261 328 2306 anta
346 2253 425 2306 Brat-
454 2252 562 2317 Aegira
578 2251 715 2318 Achaiae,
732 2251 783 2306 sesi
800 2251 917 2316 Aegium
933 2251 1083 2326 princepsx
1095 2252 1156 2306 eius
1181 2253 1266 2324 oppi-

59 2321 132 2388 inm,
151 2323 208 2376 'ubi
229 2323 690 2450 mmmpia·stehdci.canoilii
714 2330 768 2376 aut
785 2329 865 2378 certe
880 2331 948 2446 post
971 2321 1086 2376 Helices
1110 2323 1265 2378 interitum

59 2401 212 2448 conventas
293 2391 596 2464 aeorum‚tlara1asir,
625 2409 741 2466 seraper
767 2401 796 2448 et
820 2411 856 2447 ex
893 2411 946 2470 age
972 2395 1030 2448 acti
1050 2401 1126 2448 sunt.
1152 2413 1181 2450 v.
1200 2395 1264 2449 mv.

58 2467 99 2531 21,
116 2469 158 2522 31.
177 2468 224 2534 58,
245 2469 289 2524 20.
309 2465 402 2522 strat.
421 2467 501 2522 v111.
520 2483 548 2538 p.
567 2469 629 2526 tes.
649 2469 710 2524 590.
729 2467 791 2522 593.
810 2465 928 2522 Pausan.
949 2469 976 2526 7,
995 2469 1019 2520 t.
1040 2473 1070 2518 et
1083 2467 1126 2522 24.
1145 2464 1263 2522 Diodor.

60 2537 96 2600 15,
113 2541 147 2596 lt
166 2555 212 2608 aq.
229 2535 327 2608 Polyb.
347 2539 375 2605 5,
396 2541 420 2594 1.
435 2537 513 2597 t'liu.
533 2539 560 2604 t,
578 2539 604 2595 5.
624 2533 689 2592 Sen.
709 2535 740 2604 Q.
759 2537 794 2590 N.
814 2539 840 2597 ti.
859 2539 901 2594 25.
1012 2599 1015 2608 ¹
1110 2583 1117 2601 ,

121 2611 146 2668 2.
169 2609 268 2664 Vibius
286 2605 401 2664 Serenus
419 2615 475 2665 cet.
495 2611 537 2662 ci.
553 2609 609 2664 Dio
627 2611 672 2675 ta,
691 2611 718 2668 t.
738 2617 767 2661 et
785 2607 837 2661 ini.
857 2625 918 2680 cap.
937 2611 983 2664 28.
1001 2607 1045 2666 36.
1073 2636 1104 2646 -
1129 2623 1179 2676 pro
1203 2623 1265 2660 caa-

56 2680 109 2732 sute
124 2679 263 2734 niceana
276 2679 445 2748 Hispaniae:
464 2681 496 2736 in
512 2679 570 2736 us.
587 2683 709 2749 protom.
728 2679 806 2736 unde
820 2693 875 2746 pro
893 2678 1000 2733 consule
1018 2679 1080 2736 eti.
1093 2679 1156 2736 Ber.
1173 2679 1264 2736 liban.

57 2753 78 2806 l·
102 2751 130 2803 J.
149 2751 243 2806 Gran.
267 2749 383 2807 Waltb.
413 2753 463 2808 sed
494 2753 638 2818 mocoasut
669 2749 850 2808 edtl'ilhen.
877 2753 906 2806 tt
936 2760 990 2806 cet.
1013 2769 1042 2808 v.
1068 2749 1104 2806 ad
1121 2753 1148 2816 2,
1167 2753 1211 2810 52.
1237 2755 1264 2808 2.

55 2823 214 2890 „Hispania
232 2821 265 2878 ab
283 2821 413 2902 Augusto
432 2821 525 2878 divisa
552 2823 583 2878 in
607 2821 676 2878 duae
693 2823 870 2896 provincias,
899 2823 1077 2896 citeriorem,
1102 2839 1175 2894 quae
1192 2821 1264 2876 Tar·

56 2895 218 2950 raconensis'
244 2895 330 2948 etiam
353 2893 440 2962 (licta,
469 2899 497 2948 et
519 2893 681 2960 ulteriorem,
711 2911 784 2966 quae
807 2893 900 2948 divisa
930 2895 962 2946 in
989 2895 1058 2950 duas
1088 2893 1264 2964 provincias,

56 2963 194 3032 baeticam
215 2969 244 3021 'et
262 2965 450 3029 Lusitaniam.
483 2965 526 3020 cf.
547 2967 583 3020 H.
605 2971 629 3028 l,
649 2969 691 3021 la
728 2962 784 3018 llla
806 2981 874 3038 pars
899 2963 1005 3020 melior
1022 2973 1051 3019 et
1096 2960 1177 3036 opuii
1194 2965 1264 3030 fnit,

55 3035 140 3098 (unde
156 3039 300 3105 poeonius
317 3037 349 3090 iu
367 3056 430 3092 eam
449 3037 568 3106 missus)
593 3033 819 3092 Tarraconensia
843 3045 874 3090 et
898 3032 1046 3090 Lusitania
1096 3037 1209 3092 cesaris.
1235 3050 1264 3094 v.

55 3107 152 3162 Strabo
170 3107 224 3162 111.
243 3126 271 3180 p·
291 3111 352 3166 166.
371 3105 427 3162 Dio
445 3109 551 3175 53,,12.
578 3107 657 3164 Suet.
683 3107 745 3162 oth.
766 3111 793 3174 2.
831 3107 933 3160 Falsus
961 3107 1055 3182 igitur
1079 3107 1202 3178 Appiam
1229 3105 1265 3160 de

55 3179 107 3234 reb.
127 3179 211 3252 Hiap.
239 3195 263 3232 c.
283 3181 343 3236 102.
368 3181 420 3252 qui
439 3179 508 3235 duas
532 3181 689 3251 Hispaniae
717 3185 816 3250 partes
847 3177 961 3234 senatui
989 3175 1165 3248 populoque,
1203 3185 1264 3230 ter-

53 3251 118 3305 tiam
144 3249 320 3324 Imperatori
349 3251 464 3308 tribuit.
505 3249 530 3304 Α
553 3249 692 3308 Strabone
720 3251 808 3305 etiam
832 3248 882 3303 lib.
900 3249 991 3306 xm
1018 3256 1091 3302 extr.
1118 3247 1187 3302 ‹luas
1211 3247 1265 3299 lli-

54 3325 161 3394 spanias
177 3325 258 3378 inter
269 3321 372 3394 populi
390 3323 555 3396 provincias
574 3319 720 3380 recenseri
738 3319 864 3375 credidit
881 3323 1036 3392 interpres,
1055 3321 1106 3390 qui
1124 3315 1173 3386 τὴν
1190 3313 1265 3378 iaris

50 3393 165 3464 Ἰβηρίαν
182 3394 314 3466 turpiter
331 3394 485 3448 interiorem
502 3395 666 3461 convertit3
694 3409 761 3446 nam
779 3391 904 3448 ulterior
920 3391 1018 3464 potius
1036 3399 1080 3446 est
1098 3391 1159 3446 sire
1183 3397 1265 3444 exte-

52 3467 139 3522 rior-‘⁴
158 3465 235 3534 Lips.
255 3463 291 3520 ad
309 3463 344 3520 H.
366 3471 392 3536 l,
413 3467 454 3522 13.
482 3465 609 3538 Appiani
633 3481 705 3522 aevo
727 3464 784 3520 alia
806 3465 897 3517 fuisse
921 3463 1037 3519 videtur
1059 3461 1264 3536 Hispaniarum

51 3539 164 3594 divisio.
192 3567 223 3579 -
249 3535 283 3588 ae
305 3538 335 3590 ιιι·
354 3538 467 3608 publica
485 3537 624 3590 damnatas
641 3539 707 3614 lege
726 3535 803 3590 iulia
820 3533 854 3592 ab
872 3533 1004 3612 Atrgusto
1023 3543 1131 3612 rogata.
1157 3529 1264 3587 Diver-

52 3628 95 3666 sae
111 3611 236 3666 fuerunt
253 3605 329 3674 legas
345 3609 434 3666 latim
452 3609 485 3662 de
502 3607 540 3676 nt,
557 3609 654 3682 prima
672 3627 688 3664 a
707 3604 826 3664 Caesare
844 3605 921 3660 Diet.
949 3605 1007 3660 lata
1033 3607 1066 3662 de
1090 3605 1120 3660 vi
1137 3611 1162 3660 et
1180 3603 1262 3658 anaie-

51 3687 127 3747 state,
145 3685 340 3752 quacautum,
358 3680 446 3736 uteie
464 3681 495 3734 ri
514 3689 543 3735 et
561 3681 710 3736 maiestate
728 3679 962 3750 damnatumque
980 3685 1009 3732 et
1026 3676 1089 3754 igni
1107 3678 1264 3732 interdice-

51 3763 143 3810 retur:
164 3752 205 3818 (v.
225 3748 286 3807 cio.
305 3751 380 3810 Phil.
402 3759 429 3819 1,
448 3751 488 3818 9.)
506 3751 579 3808 duas
596 3753 622 3806 Α
685 3753 722 3806 sti
740 3749 843 3804 multis
861 3757 962 3822 postea
981 3748 1191 3821 supplementis
1209 3763 1264 3818 per

51 3823 131 3890 scta,
150 3821 372 3879 constitutiones
381 3824 550 3896 Principum
568 3833 598 3883 et
615 3825 646 3880 in
662 3821 1153 3894 erpratatiouemltltorumauctae,
1172 3819 1264 3873 altera

50 3895 82 3952 tie
92 3899 121 3952 as·
132 3893 253 3965 pantica,
273 3903 336 3950 turn
348 3897 379 3953 in
388 3911 446 3961 eos,
458 3897 509 3966 qui
520 3899 662 3968 potestate
671 3893 769 3966 aliqua
780 3893 904 3966 praediti
914 3893 1009 3946 civem
1020 3891 1180 3974 Romanum
1194 3903 1263 3960 pro·

49 3976 200 4022 vocantem
218 3971 368 4024 necassent
386 3965 436 4021 vel
454 3966 654 4022 verberassent
666 3963 716 4021 rel
735 3965 793 4020 alio
806 3961 905 4034 aliquo
925 3959 1072 4034 supplicio
1087 3960 1263 4046 affecpssent,

50 4055 140 4108 poena
158 4039 370 4109 deportationis
389 4038 438 4093 vel
457 4037 557 4094 ultimi
575 4037 714 4110 supplicii
731 4037 890 4110 proposita,
915 4033 1029 4088 tamin
1048 4047 1106 4098 eos,
1125 4049 1176 4102 qur
1195 4031 1263 4084 telis

48 4111 195 4183 armisque
218 4109 385 4168 horninibus
407 4111 468 4164 rim
485 4109 634 4175 iecissent,
657 4106 833 4164 marianensi
847 4123 911 4160 rem
926 4102 1005 4176 publ.
1020 4101 1262 4188 conturbandam3

49 4181 139 4236 altera
157 4184 192 4236 ets
209 4183 239 4236 υἱ
254 4183 373 4250 priuata,
392 4182 527 4236 adversus
544 4183 686 4254 privatos,
703 4179 756 4252 qui
772 4178 823 4232 vel
840 4178 929 4232 armis
947 4176 997 4230 rel
1014 4175 1182 4229 sinearmis
1200 4191 1263 4244 prr-

48 4261 131 4312 ratae,
148 4255 194 4310 rei
212 4269 295 4308 causa
313 4254 375 4308 vim
393 4254 538 4318 fecissent,
554 4254 677 4317 sancita,
696 4251 778 4306 carius
795 4264 888 4320 poena
905 4247 964 4300 fuit
986 4245 1146 4331 publicatio
1170 4245 1262 4329 partis

48 4327 152 4382 tertiae
170 4325 311 4380 bonorum
330 4343 395 4382 cum
413 4327 494 4381 omni
512 4323 632 4378 honoris
657 4333 686 4380 et
709 4320 932 4378 existimationis
950 4319 1114 4392 privatione
1142 4333 1262 4371 comun-
