2890 4790
202 193 264 259 tut
562 193 833 260 'ANNALIUM
859 195 942 262 nlo.
967 197 1026 261 tv.

202 357 310 426 tensius
327 357 412 428 cneci,
431 359 536 430 quanto
558 387 588 398 ·-
607 359 821 427 incusabantur,
836 377 866 416 v.
886 361 921 416 ad
939 367 967 428 2,
984 364 1012 426 5,
1030 367 1057 420 2.
1095 365 1180 430 meti,
1204 379 1307 435 propr.
1326 379 1416 417 mesu.
1437 417 1438 422 ,

201 447 229 483 a.
250 432 311 486 lud.
332 431 387 484 lll.
406 449 433 484 v.
453 431 569 502 Syneeie
585 440 615 486 et
633 431 739 487 liuster
755 433 792 488 ad
809 431 958 504 Aristopb.
978 433 1053 488 Plut.
1073 453 1102 488 v.
1122 439 1183 494 292.

613 585 803 642 curor
856 553 989 642 x'nrx.

282 694 421 758 Postera
440 693 494 758 die
515 693 656 758 Sabinus
677 697 860 758 exercitum
881 715 988 780 aequo
1009 695 1084 758 loco
1105 695 1265 776 ostendit,
1292 702 1325 760 si
1347 701 1416 764 bar-

200 776 273 837 bari
304 797 459 840 successu
485 781 593 840 noctis
622 779 748 840 alacres
774 779 941 861 prbelium
962 777 1132 842 auderent.
1173 781 1216 842 Et
1242 801 1305 863 pos
1344 804 1414 844 uam

199 861 334 922 castello
366 869 425 923 aut
448 863 634 923 coniunctis
659 863 797 924 tumulis
828 881 896 922 non
924 861 1216 948 degrediebautur,
1250 791 1414 928 obsidium

197 945 309 1024 coepit
328 963 390 1026 per
399 943 576 1028 praesidis,
598 961 680 1028 quae
691 951 881 1028 opportune
892 946 958 1006 iam
970 945 1156 1010 muniebat:
1185 945 1264 1012 dein
1295 952 1411 1011 fossam

197 1025 399 1110 loricamque
421 1037 598 1088 contexens
626 1035 770 1110 quatuor
794 1027 898 1089 millia
920 1047 1077 1110 passuum
1097 1029 1224 1092 ambitu
1246 1033 1412 1114 amplexus

197 1116 261 1170 est:
284 1117 355 1172 tum
377 1111 551 1193 paulatim,
568 1118 618 1190 ‘ut
638 1131 757 1192 aquam
779 1110 1000 1193 pabulumque
1028 1113 1186 1194 eriperet,
1214 1115 1412 1177 contrahere

197 1191 346 1256 claustra
365 1203 522 1276 arctoque
543 1193 764 1258 circumdare.
804 1194 846 1256 Et
866 1195 1059 1256 struebatur
1079 1215 1192 1281 agger,
1213 1196 1307 1262 unde
1329 1217 1413 1273 saxa,

196 1273 323 1350 hastae,
344 1277 438 1363 ignes
460 1277 681 1358 propinquum
703 1278 769 1338 iam
789 1278 825 1338 iu
845 1276 974 1339 hostem
996 1279 1197 1342 iacerentur.
1242 1278 1315 1342 Sed
1333 1281 1414 1342 nihil

197 1375 302 1438 aeque
326 1371 422 1442 quam
449 1361 524 1421 sitis
552 1361 723 1446 fatigabat,
750 1377 853 1442 quum
874 1362 990 1446 ingens
1011 1360 1413 1440 multitudobellctorum,

196 1441 382 1503 imbellium
408 1461 476 1504 uno
502 1443 629 1526 reliquo
651 1447 744 1506 toute
765 1449 954 1510 uterentur.
988 1441 1094 1505 Simul
1115 1461 1227 1527 equae,
1250 1453 1413 1524 armenta,

196 1531 235 1585 ut
255 1543 327 1588 mos
348 1525 511 1604 barbaris,
540 1527 633 1588 iuxta
655 1527 767 1586 clausa
788 1533 935 1612 egestate
955 1525 1069 1610 pabuli
1096 1529 1296 1593 exanimari:
1326 1527 1413 1590 adia-

196 1627 273 1669 cere
301 1625 444 1690 corpora
471 1609 655 1686 hominum,
692 1627 773 1690 quos
801 1608 954 1684 vruluera,
989 1628 1071 1690 quos
1100 1611 1175 1672 sitis
1207 1620 1413 1690 peremerat:

195 1690 301 1768 pollui
321 1701 441 1754 cuncta
461 1693 564 1768 sanie,
586 1689 701 1768 odore,
723 1697 888 1753 contactu.
930 1691 1103 1772 Rebusque
1124 1690 1268 1752 turbatis
1291 1693 1414 1752 malum

196 1780 382 1834 extremum
411 1773 577 1835 discordia
604 1775 752 1849 accessit,
779 1771 831 1834 his
860 1769 1075 1851 deditionem,
1104 1773 1178 1834 aliis
1207 1780 1357 1836 mortem
1384 1783 1416 1834 et

195 1863 330 1938 mutuos
352 1857 441 1918 inter
462 1877 498 1920 se
525 1859 612 1918 ictus
634 1855 837 1938 parantibus.
880 1856 921 1916 Et
948 1863 1045 1917 erant
1079 1857 1137 1936 qui
1170 1876 1237 1916 nou
1266 1857 1414 1918 inultum

195 1939 347 2018 exitium,
376 1939 434 2001 sed
463 1941 672 2022 eruptionem
701 1935 888 2016 suaderent,
925 1959 1030 2019 neque
1059 1937 1232 2023 ignobiles,
1261 1942 1414 2021 quamuis

194 2017 320 2084 divorsi
340 2025 523 2085 sententiis.

266 2143 292 2194 1.
326 2137 356 2194 ei
376 2139 494 2195 barbari
512 2172 545 2184 —
563 2139 704 2210 proelium
731 2141 883 2194 auderent:
909 2137 976 2206 „lta
1007 2138 1059 2193 Gr.
1086 2141 1110 2191 si
1135 2141 1206 2192 cum'
1223 2139 1361 2212 optativo
1387 2151 1415 2194 et

196 2209 294 2265 Germ.
315 2211 371 2276 ob,
400 2214 441 2266 ob
458 2211 567 2268 wohl.
593 2213 638 2267 cf.
657 2213 793 2266 Hermen.
812 2213 847 2266 ad
865 2213 963 2288 Viger.
983 2213 1221 2268 autumnoue.
1242 2215 1304 2266 312.
1346 2214 1413 2264 llat-

194 2281 273 2336 thiae
291 2285 390 2338 Gram.
411 2285 464 2338 Gr.
492 2283 514 2349 §-
534 2285 595 2341 oto.
620 2285 750 2356 Optantis
768 2291 820 2350 est,
845 2291 878 2336 ut
903 2291 929 2349 1,
948 2285 992 2339 18.
1013 2286 1056 2344 12,
1074 2285 1118 2338 28.
1140 2285 1183 2345 15,
1203 2286 1244 2338 13.
1266 2281 1302 2336 ll.
1326 2287 1352 2348 1,
1371 2287 1412 2338 31.

194 2357 223 2420 2,
245 2358 289 2410 3⁰.
317 2357 361 2410 62.
391 2355 470 2412 Caes.
496 2355 529 2408 B.
549 2356 585 2411 G.
609 2357 638 2422 2,
656 2361 681 2413 9.
715 2357 758 2410 Gi.
784 2357 840 2412 inf.
863 2354 900 2409 ad
925 2359 968 2418 il,
991 2353 1056 2410 23.“
1086 2353 1194 2406 Woitb.
1214 2385 1247 2395 -
1284 2369 1413 2406 succeess

195 2427 295 2492 noetis,
319 2427 364 2480 rei
387 2443 442 2496 per
465 2428 645 2482 occasionem
666 2429 760 2480 noctis
785 2435 892 2504 gestae,
919 2425 1044 2490 clamem
1071 2425 1141 2477 Ern.
1161 2424 1205 2481 Cf.
1224 2425 1259 2480 ad
1277 2423 1352 2501 Agr.
1371 2429 1413 2481 us

194 2513 224 2553 u.
243 2501 267 2553 1.
291 2530 323 2540 —
358 2499 475 2552 castello
502 2505 551 2552 aut
578 2498 737 2568 coniunctis
754 2499 934 2582 tunsulisqv.
952 2498 988 2550 ad
1007 2501 1033 2562 1,
1054 2500 1096 2562 16,
1116 2501 1153 2578 1.ι
1179 2495 1369 2580 De'coateHo
1390 2517 1415 2548 v.

194 2584 258 2694 ut:
279 2569 756 2709 tinttuztt‘lttttd{t
774 2567 1010 2695 titulati.
1024 2583 1083 2694 tt:
1097 2567 1346 2706 ,i'ifil'fii‘l'
1368 2569 1416 2692 iii

193 2711 301 2764 sidium
325 2711 437 2766 castelli
462 2713 553 2781 coepit
577 2729 630 2780 per
652 2712 810 2781 praesidio,
832 2729 859 2764 v.
878 2709 915 2765 ad
931 2713 959 2775 2,
978 2711 1024 2776 67,
1044 2714 1069 2765 l.
1090 2739 1123 2752 -
1160 2726 1230 2780 quae
1256 2719 1416 2777 opportune

194 2781 253 2835 inm
269 2782 423 2846 muniebat,
448 2786 516 2854 quia
533 2783 648 2837 barbari
666 2783 788 2836 castello
813 2783 924 2836 nonde
964 2780 1132 2835 ediebantur
1150 2789 1179 2834 et
1195 2781 1345 2852 proelium
1365 2800 1415 2834 au·

194 2853 308 2908 debant.
344 2855 526 2909 immuniebnt
544 2855 591 2920 (in
609 2855 731 2907 tumulis
751 2855 814 2908 istis
832 2855 931 2907 munie
949 2853 991 2916 at)
1012 2851 1089 2906 coni.
1108 2851 1242 2906 Freinsb.
1264 2860 1294 2906 et
1313 2853 1414 2906 Heins.

193 2941 248 2996 pro
266 2927 326 2980 tam
341 2927 494 2992 muniebat,
514 2934 544 2979 et
560 2925 763 2980 communiebat
781 2925 853 2978 Era.
873 2923 950 2990 „Sed
967 2924 1027 2976 ium
1040 2931 1085 2977 est
1097 2924 1196 2978 Germ.
1215 2923 1329 2990 ictae,
1349 2942 1414 2978 vor

193 2997 258 3052 der
282 2998 396 3064 Hand,
420 2995 602 3050 eunichst
626 3007 656 3052 et
673 2999 831 3068 opponitur
848 2993 1010 3068 particulae
1028 2995 1105 3050 dein.
1143 2993 1310 3049 Sententia:
1343 3013 1415 3064 qnae

193 3086 252 3122 non
270 3071 367 3124 statim
385 3071 460 3124 iusta
478 3078 507 3124 et
521 3069 666 3140 cornpleta
683 3069 844 3122 munitione
863 3066 1070 3128 circumdabat,
1089 3065 1140 3120 sed
1156 3068 1288 3138 primurn
1308 3065 1415 3120 talibus

192 3141 265 3196 locis
291 3141 468 3212 imponebat,
501 3158 574 3210 quiae
597 3157 647 3194 sua
670 3147 772 3192 namra
797 3140 934 3192 subitam.
950 3138 1143 3191 munitionem
1172 3137 1366 3190 admittebant
1389 3147 1414 3190 ct

193 3213 350 3266 munitioni
368 3221 531 3284 opportuna
549 3220 646 3266 erant:
666 3212 732 3264 dein
749 3213 856 3278 fossum
874 3207 953 3264 cet.“
974 3207 1081 3262 Woltb.
1097 3237 1129 3245 —
1153 3210 1260 3276 sorsum
1277 3209 1414 3278 doricum-

193 3299 245 3352 que
263 3292 422 3350 contexens,
450 3292 573 3350 struens,
599 3291 632 3336 ut
661 3289 755 3334 texere
777 3299 822 3353 ap.
844 3281 904 3337 Cic.
930 3280 966 3333 ad
983 3279 1041 3335 Au.
1062 3283 1090 3344 4,
1110 3281 1153 3336 15.
1172 3287 1202 3333 et
1219 3278 1320 3336 Suet:
1345 3281 1413 3332 Era.

193 3355 312 3425 Proprie
336 3355 371 3408 ad
395 3356 516 3408 ioricam
539 3353 734 3410 referendum.
761 3371 789 3407 v.
818 3353 854 3407 ad
877 3355 905 3419 2,
930 3355 1025 3416 2122.
1063 3349 1197 3404 Loricam
1223 3351 1283 3404 dici
1306 3341 1414 3422 ‘putant

194 3425 315 3497 quodvis
338 3427 552 3480 munimentum
576 3435 677 3495 pectus
703 3433 804 3501 tegens
838 3421 889 3488 (ut
913 3421 1023 3486 lorica)
1048 3430 1078 3476 et
1100 3422 1152 3476 vel
1177 3439 1213 3476 ex
1238 3423 1414 3480 viminibus,

192 3497 310 3568 pluteis,
329 3498 467 3561 cratibus,
486 3497 533 3552 vel
552 3515 588 3552 ex
606 3497 702 3568 lapide
719 3496 769 3550 vel
785 3513 823 3550 ex
839 3503 922 3548 terra,
930 3501 1110 3558 contextum,
1128 3502 1178 3546 aut
1194 3493 1319 3559 vallum,
1339 3493 1414 3564 quod

192 3577 371 3623 memoretur
397 3586 422 3622 c.
442 3571 474 3624 51
494 3587 542 3638 pr.
576 3569 668 3622 Locus
691 3568 774 3622 class.
802 3574 848 3619 est
875 3567 976 3639 Veget.
1001 3569 1030 3626 tl,
1057 3567 1102 3622 28.
1140 3565 1311 3620 Obsidentee
1337 3567 1415 3618 nitro

192 3640 299 3696 iactum
317 3639 370 3694 teli
386 3643 491 3706 mesum
509 3639 619 3704 focium
638 3656 752 3708 eumque
777 3637 940 3692 nouaclum
957 3637 1032 3690 vulto
1050 3643 1077 3690 et
1097 3635 1222 3700 rudibus,
1249 3637 1304 3690 sed
1328 3639 1414 3691 etiarn

191 3711 344 3766 turriculis
362 3711 517 3774 instruunt,
551 3717 581 3764 ut
601 3710 807 3779 erumpentibus
825 3725 860 3762 ec
878 3707 995 3762 ciuitate
1020 3707 1132 3774 possint
1157 3709 1314 3772 obsistere3
1343 3708 1415 3778 quod

191 3800 262 3853 opus
281 3783 478 3838 loriculam
495 3789 602 3846 uocant,
623 3789 649 3834 et
669 3799 762 3850 saepe,
781 3795 866 3850 quum
882 3779 994 3832 obsidio
1013 3778 1196 3845 describitur,
1214 3779 1366 3833 inuenitur
1386 3781 1415 3831 ia

193 3855 333 3920 dicteriis,
353 3855 474 3908 loricula
491 3855 585 3906 urbem
604 3869 662 3906 esse
680 3853 893 3906 circumdatum.
922 3849 968 3906 cf.
988 3852 1024 3904 H.
1045 3855 1073 3916 1,
1091 3854 1137 3916 37.
1161 3851 1256 3921 intpp.
1278 3851 1363 3905 Caes.
1383 3851 1414 3902 B.
1437 3863 1438 3918 q

192 3929 228 3984 G.
247 3929 275 3994 ἦ,
293 3931 336 3983 39.
357 3931 384 3992 7,
403 3929 446 3982 tt.
465 3929 493 3991 8,
511 3929 537 3981 9.
557 3926 638 3981 Gurt.
658 3929 685 3991 9,
704 3928 732 3990 t,
750 3927 794 3980 30.
812 3923 891 3991 Lips.
920 3921 1044 3977 Poliorc.
1070 3924 1153 3988 2,2.,
1180 3921 1279 3978 Schel.
1298 3923 1337 3976 ad
1356 3923 1414 3990 ily·
1437 3965 1438 3970 ,

110 4035 115 4054 ‚
212 4000 252 4054 in.
280 4016 310 4069 p.
330 4000 390 4054 126.
411 4029 444 4040 --
482 3993 648 4050 contradere
669 3997 797 4049 claustro
820 4000 954 4062 arctoque
979 3993 1166 4058 circumdare,
1196 3995 1326 4047 arctiora
1351 3995 1414 4046 red-

191 4018 261 4126 dere
280 4071 470 4134 munimenta,
523 4065 607 4122 uibus
626 4085 662 4122 ex
679 4067 845 4138 propinquo
863 4083 892 4118 m
932 4065 941 4118 i
975 4065 1076 4132 clausi,
1104 4065 1193 4118 cincti
1210 4065 1325 4130 bostes;
1344 4066 1414 4116 Eros
1437 4103 1438 4106 η

192 4135 327 4209 arctoque
344 4141 406 4194 edd.
431 4140 495 4198 lier.
561 4158 605 4196 on.
631 4139 696 4194 alc.
735 4140 854 4206 ortoque
877 4081 941 4192 edd
967 4137 1048 4208 Lips.
1077 4145 1108 4190 et
1132 4153 1191 4190 rec.
1220 4143 1338 4189 tantumn
1354 4151 1414 4188 nnn

193 4225 298 4266 omnes.
1138 4253 1141 4266 .

262 4283 288 4336 2.
319 4280 412 4335 Sintoi
428 4299 514 4354 equae
533 4291 562 4337 at
580 4289 708 4336 armento
726 4280 810 4336 iusto
828 4280 936 4346 danea,
965 4298 1021 4334 una
1039 4297 1107 4334 oum
1126 4280 1172 4332 iia.
1210 4277 1438 4356 „simileque

210 4334 217 4356 l
