2904 4798
187 215 249 280 474
590 211 836 278 ANNALlUM
861 212 945 278 LlB.
965 213 1008 276 V.

184 381 221 434 ad
238 379 391 434 Tiberium
416 377 611 445 tradiderunt,
636 377 788 456 Caligulae
812 379 927 450 nuptias
950 397 975 432 a.
1001 377 1036 432 11.
1064 379 1127 434 188.
1151 375 1235 432 Antii
1260 375 1410 432 celebrau-

185 451 274 508 tem.“
297 452 375 518 Lips.
411 449 455 506 De
479 448 526 504 his
550 450 662 521 nuptiis
686 469 714 507 v.
739 452 794 508 int.
820 453 847 516 d,
873 453 917 508 Ν.
953 449 1009 504 Dio
1033 458 1131 504 man
1158 458 1187 504 et
1206 451 1347 514 Lonans,
1381 457 1412 502 ut

185 523 360 578 oculatiores
378 523 541 589 videantur,
561 521 851 598 finguntmendaoiar
869 523 950 576 Brut.
969 521 1043 575 Mira
1059 521 1163 576 saltem
1172 518 1269 574 Taciti
1283 521 1411 574 inscitia.

650 675 843 730 CAPUT
878 676 938 730 xl.

266 786 366 850 Exitu
386 785 466 848 anni
487 783 545 851 diu
566 792 663 848 aucta
685 777 853 848 discordia
874 783 1048 848 consulum
1069 783 1199 866 erupitr
1221 805 1299 845 nam
1315 781 1409 860 Trio,

184 869 289 932 facilis
311 889 348 930 ca
373 868 519 932 oesendis
548 869 737 930 inimicitiis
770 877 804 930 et
826 871 899 930 toro
920 869 1098 944 exercitus,
1131 875 1169 928 ut
1189 887 1328 950 segnem
1351 867 1409 928 lle

230 953 297 1013 lum
319 889 370 1014 al
383 951 619 1036 opprimendos
642 951 753 1012 Seiani
782 953 955 1012 ministros
987 951 1123 1034 oblique
1151 952 1408 1030 perstrinxerat.

200 1037 252 1107 lle,
276 1037 339 1098 nisi
354 1037 585 1112 lacesseretur,
607 1032 790 1095 modoetiae
803 1038 963 1109 retinens,
985 1053 1052 1095 non
1074 1031 1173 1093 modo
1190 1031 1325 1094 retudit
1346 1035 1409 1094 col·

183 1119 302 1204 legam,
323 1119 381 1180 sed
402 1127 441 1180 ut
463 1119 599 1179 noxium
621 1119 865 1178 coniurationis
887 1115 928 1178 ad
946 1116 1214 1198 disquisitionem
1234 1116 1407 1180 trahebat:

182 1203 359 1284 multisque
385 1199 522 1264 Patrnm
544 1199 729 1278 orantibus,
761 1207 925 1282 ponerent
946 1197 1023 1262 odia
1044 1201 1079 1260 in
1101 1201 1286 1281 perniciem
1309 1202 1409 1278 itura,

181 1305 334 1348 mansere
355 1285 476 1348 infensi
497 1303 536 1346 ao
558 1286 761 1356 minitantes,
784 1281 890 1346 donoc
910 1285 1109 1370 magistratu
1129 1283 1271 1344 abirent.

254 1407 279 1458 1.
305 1401 446 1455 discordia
469 1401 602 1454 consulunt
626 1403 657 1456 L.
678 1401 809 1456 Fulcinii
838 1400 947 1456 itioris
971 1407 1001 1454 et
1024 1401 1054 1452 P.
1075 1401 1203 1454 Memmii
1228 1401 1347 1466 Reguli,
1377 1401 1410 1454 de

181 1475 284 1544 quibua
308 1491 336 1529 v.
357 1473 420 1529 lnd.
447 1473 470 1527 1.
510 1471 561 1526 11Ιί
588 1493 613 1528 a.
633 1473 668 1528 U.
695 1476 758 1530 tat.
795 1472 913 1526 Tiberio
932 1471 1012 1526 Caes.
1031 1473 1065 1523 V.
1093 1479 1123 1526 et
1141 1473 1172 1524 L.
1192 1471 1278 1527 Aelio
1306 1471 1411 1526 Seiano

181 1561 251 1602 coes.
273 1545 389 1600 suffecti
408 1553 475 1598 sunt
494 1545 587 1599 idibus
606 1547 696 1600 Maiis.
716 1563 744 1599 v.
766 1545 889 1602 Gruteri
916 1545 1003 1596 inscr.
1026 1561 1054 1615 p.
1075 1545 1152 1600 11187.
1182 1571 1215 1582 -
1241 1544 1345 1608 focius
1367 1561 1409 1596 co-

177 1617 502 1742 pesaepplisgnimiritiis,
529 1635 557 1673 v.
578 1617 614 1670 ad
631 1619 658 1683 d,
680 1619 721 1674 15.
749 1625 779 1671 et
796 1615 868 1696 Agr.
888 1620 931 1674 tl.
951 1633 980 1672 u.
1000 1620 1026 1670 1.
1053 1643 1086 1652 —
1110 1615 1216 1684 allique
1236 1615 1410 1682 persta-isae-

179 1697 234 1755 rat,
285 1707 327 1744 ,a
364 1707 389 1742 c.
409 1693 434 1745 2
454 1707 483 1742 n.
501 1691 527 1745 2.

249 1763 276 1816 1.
296 1761 442 1820 modestiae
458 1762 588 1824 retinens,
605 1777 634 1816 v.
653 1757 689 1813 ad
706 1763 733 1826 2,
751 1763 797 1826 ³8,
817 1763 843 1817 5.
864 1793 897 1804 -
915 1775 967 1813 noa
984 1761 1059 1814 nodo
1076 1760 1178 1814 retudit
1196 1761 1345 1826 collegam,
1365 1762 1412 1812 sed

181 1833 280 1886 etiam.
301 1851 327 1888 v.
348 1831 384 1888 ad
404 1837 429 1898 l,
448 1833 492 1897 to,
514 1835 538 1886 1.
576 1831 740 1898 lletundere,
758 1841 793 1886 ut
812 1834 979 1898 contundere,
1008 1849 1107 1906 propr.
1127 1831 1272 1900 hebetare,
1299 1835 1410 1886 infrin-

179 1921 257 1981 gere,
277 1905 453 1958 imminuere
478 1903 616 1976 aliquem,
642 1904 673 1958 h.
691 1921 715 1958 e.
735 1906 877 1978 impetum
898 1913 927 1960 et
946 1907 1006 1959 vim
1031 1907 1110 1972 eins,
1139 1905 1210 1958 hinc
1228 1907 1364 1959 refutare
1383 1915 1410 1960 et

179 1977 307 2034 vincere.
333 1977 433 2032 retudit
452 1975 514 2032 edd.
534 1983 564 2030 et
581 1983 640 2030 vet.
661 1982 690 2030 et
707 1993 768 2031 rec.
788 1978 846 2031 nisi
865 1977 942 2050 quod
959 1979 1072 2031 rettudit
1098 1979 1239 2048 scripsere
1257 1977 1355 2032 Bekk.
1383 1989 1410 2032 et

178 2047 293 2102 Walth.
313 2082 346 2091 -
365 2048 472 2102 noxium
490 2049 703 2101 coniurationis:
722 2057 915 2118 „consortem,
934 2050 1119 2120 participem,
1138 2057 1172 2102 ut
1189 2069 1234 2120 ap.
1253 2048 1326 2106 Sall.
1345 2053 1408 2128 lag.

179 2121 223 2176 42.
241 2121 292 2174 ubi
311 2121 349 2174 of.
369 2119 466 2177 Corte.
504 2119 676 2174 Gontmetio
701 2129 745 2174 est
772 2121 892 2186 Graeca,
919 2131 953 2174 ut
971 2121 1074 2176 Latina
1092 2140 1137 2192 ap.
1157 2123 1221 2174 Liv.
1242 2127 1268 2188 7,
1288 2125 1334 2178 2⁰.
1366 2143 1411 2176 no-

178 2193 242 2244 rioe
260 2191 399 2246 criminer
418 2193 482 2246 lira.
512 2192 561 2246 Sic
580 2193 669 2246 etiarn
687 2193 797 2246 minine
814 2194 906 2246 trasone
925 2201 954 2246 et
972 2194 1098 2246 innoxius
1115 2211 1159 2265 ap.
1180 2193 1243 2246 Liv.
1262 2198 1289 2260 4,
1315 2199 1360 2252 15.
1382 2205 1410 2250 et

179 2265 223 2319 44.
260 2265 440 2332 „Genitivus
467 2265 704 2336 supplementum
724 2273 772 2318 'est
795 2265 947 2336 plerisque
965 2263 1137 2330 Adiectivis,
1157 2269 1190 2317 iit
1210 2265 1322 2331 doceat,
1352 2283 1409 2338 quo

179 2335 339 2406 respiciant
354 2335 510 2400 Adiectivi,
529 2337 617 2407 plane
636 2345 669 2388 ut
686 2335 764 2408 apud
782 2337 917 2394 Graecos.
936 2355 963 2391 v.
983 2336 1156 2390 llamshorn.
1175 2337 1227 2393 Gr.
1247 2336 1271 2402 §-
1288 2339 1350 2394 tot.
1363 2341 1407 2394 f.“

180 2407 286 2531 Ι1141111,
311 2407 356 2462 Cf.
375 2408 411 2462 ad
430 2413 456 2474 l,
474 2411 520 2476 2⁰,
538 2411 565 2466 2.
585 2417 615 2464 et
633 2407 696 2462 lud.
715 2409 770 2462 111.
788 2427 816 2462 r.
837 2409 983 2464 Adiectioa
999 2409 1119 2464 relatiua
1137 2409 1275 2463 Geaitioie
1301 2411 1406 2464 adiecti

178 2493 239 2532 suno
252 2495 278 2533 o.
790 2503 796 2508 ·

685 2657 884 2704 ‹sea›-

399 2869 1191 2962 ANNALIUM

653 3020 919 3087 trenam.

494 3335 824 3402 BREVIARIUM
852 3337 998 3402 LIBRI
1021 3339 1084 3402 v1.

249 3455 318 3526 Cap.
339 3461 364 3512 1.
409 3419 538 3510 litent
560 3455 669 3509 itinera
693 3463 720 3509 et
743 3455 885 3510 libidines.
922 3461 949 3515 1.
970 3458 1072 3512 detrun
1099 3456 1253 3516 inornata
1284 3461 1322 3514 de
1342 3471 1406 3514 nota

179 3535 369 3603 turpitudinis
395 3535 537 3590 inurenda
562 3533 715 3588 moriae
732 3533 833 3588 Liuiae
856 3543 884 3592 et
901 3535 1011 3592 Seiani.
1048 3537 1188 3592 Adulatio
1214 3539 1349 3606 Togonis'
1374 3541 1407 3592 al

178 3607 241 3674 ipso
263 3607 376 3660 Tiberio
394 3608 498 3661 irriso.
539 3611 565 3663 3.
591 3607 735 3660 Gallionis
759 3607 901 3675 increpita
928 3615 956 3662 et
978 3609 1089 3676 punito.
1125 3609 1243 3663 Sextius
1262 3609 1407 3663 Paconia-

179 3695 239 3731 nus.
287 3682 312 3734 4.
337 3677 451 3732 latinii
473 3678 606 3731 Latiaris
624 3693 725 3746 poena.
774 3677 938 3732 Discidium
968 3681 1122 3734 consulum.
1173 3685 1200 3736 5.
1220 3681 1310 3734 Cotta
1330 3683 1407 3736 Mes-

178 3750 289 3804 salinus
313 3757 472 3803 crematus.

249 3825 275 3878 6.
295 3821 378 3875 Mola
399 3821 510 3876 Tiberii
527 3819 701 3875 mneeients'n
720 3821 817 3875 literis
834 3837 978 3892 expressa.
1014 3827 1042 3878 ’1.
1061 3823 1174 3877 Multae
1196 3829 1224 3876 et
1244 3824 1407 3880 delationes

178 3899 207 3946 et
233 3895 436 3950 damnationes.
472 3897 498 3950 8.
523 3893 565 3946 Μ.
595 3893 724 3947 Terentii
748 3894 884 3960 defensio.
922 3898 948 3951 9.
982 3893 1102 3950 Vestilii
1125 3911 1202 3947 nsors
1227 3895 1405 3950 vorsum.

179 3965 271 4018 Multi
287 3967 450 4020 maiestatis
464 3966 617 4035 postulati.
656 3969 698 4021 to.
718 3965 855 4019 Feminae
874 3967 911 4020 ot
926 3967 1061 4020 lacrima
1078 3967 1205 4034 punitae.
1225 3967 1408 4036 Supplicium

178 4037 272 4089 Attici
294 4045 321 4091 et
339 4037 461 4092 Morini.
498 4039 583 4092 Mors
600 4043 627 4091 et
644 4039 731 4106 sanus
750 4035 780 4089 L.
799 4035 915 4092 Pisoms
933 4037 1029 4105 Proet.
1059 4037 1139 4094 Urbi.
1188 4043 1231 4094 ll.
1256 4039 1408 4092 &cursus

179 4109 213 4162 de
228 4111 412 4177 praefectura
434 4109 531 4164 Urbis.

103 4188 105 4194 '
251 4183 291 4236 12.
313 4181 450 4234 Carmina
475 4180 617 4250 Sibyllino
644 4197 663 4232 a
682 4180 924 4236 Quindecimoiria
940 4182 1100 4250 recognito.
1137 4185 1182 4238 13.
1202 4182 1321 4236 Seditio
1352 4186 1408 4236 llo-

178 4265 240 4300 nure
263 4257 329 4302 orto
357 4251 391 4304 ol
415 4251 589 4319 gravitatem
611 4267 740 4306 annonae
771 4260 799 4306 et
822 4253 955 4307 concita.
994 4256 1039 4308 14.
1064 4253 1234 4330 (ionius-otio
1265 4255 1408 4316 liminii,

179 4319 258 4372 celsa·
281 4328 309 4373 et
332 4321 460 4391 Pompeii
481 4323 617 4392 Equitum
638 4323 750 4391 punita.
793 4323 898 4378 ltulsn's'
920 4323 1025 4378 Falati
1050 4327 1131 4394 fuga.
1175 4329 1220 4384 15.
1239 4325 1409 4380 Germanici
