2904 4798
146 291 151 303 p
175 205 320 270 canor
340 201 499 272 uxxm.
522 205 683 272 nxmv.
723 205 776 286 (ι.
788 205 827 272 ιι.
844 207 918 275 781.
939 209 979 278 a,
991 205 1028 272 c.
1040 207 1109 288 te.)
1205 209 1265 276 ιιι

48 395 88 437 eo
109 395 202 452 cura,
224 395 265 436 an
288 375 422 458 imperii
450 383 599 438 extrema
630 371 1085 458 dehonestarentur-apator
1113 377 1269 441 internus

46 466 269 542 occupaverat
289 461 430 532 animos,
451 460 512 521 cui
528 458 713 522 remedium
735 457 926 524 adulatione
937 461 1169 538 quaerebatur.
1204 460 1267 541 lta,

47 561 229 626 quanquam
251 540 392 604 diversis
414 561 516 624 super
532 542 633 604 rebus
657 543 923 616 consulerentur,
944 561 1037 604 mam
1053 542 1267 624 Clementiae,

47 645 139 686 aram
159 625 334 687 Amicitiae
356 625 542 710 effigiesque
563 629 691 688 circum
714 623 866 687 Caesaris
895 645 934 688 ac
955 625 1067 688 Seiani
1095 645 1266 708 censuere,

47 707 239 790 crebrisque
261 709 417 790 precibus
439 708 675 794 efflagitabant,
706 708 837 771 visendi
864 710 917 770 sui
945 713 1075 790 copiam
1107 713 1265 776 lacerent.

46 792 124 854 Non
150 791 198 852 illi
225 799 337 852 tamen
365 795 401 852 in
427 790 552 854 Urbem
580 801 640 854 aut
667 794 853 874 propinque
880 789 965 852 Urbi
993 792 1137 877 digressi
1170 803 1265 856 sunt:

45 879 125 938 satis
146 875 266 951 risum,
289 876 446 938 omittere
467 875 610 938 insulam
632 886 666 937 et
687 877 721 936 in
751 877 903 956 proximo
926 873 1123 958 Campaniae
1151 879 1265 957 aspici.
1294 917 1302 936 .

44 959 91 1018 Eo
113 959 230 1020 venire
242 957 368 1036 Patres,
391 957 509 1040 Eques,
532 977 650 1044 magna
671 978 747 1040 pars
766 959 882 1040 plebis,
906 959 995 1018 auxii
1006 979 1085 1044 erga
1096 959 1266 1038 Seianum,

46 1043 141 1102 cuius
179 1039 301 1101 durior
338 1060 533 1128 congressus
562 1051 659 1122 atque
689 1061 728 1102 eo
756 1061 817 1123 per
850 1041 1009 1104 ambitum
1045 1050 1078 1103 et
1107 1045 1289 1120 societate

46 1123 263 1186 consiliorum
286 1125 478 1206 parabatur.
513 1123 601 1185 Satis
623 1125 805 1204 constabat,
832 1133 962 1186 auctam
986 1128 1017 1186 ei
1040 1129 1267 1213 arrogantiam

47 1203 177 1268 foedum
201 1203 286 1268 illud
308 1210 342 1266 in
364 1207 543 1290 propatulo
571 1209 748 1270 servitium
776 1208 947 1288 spectanti.
991 1209 1122 1291 Quippe
1143 1209 1267 1272 Romae

48 1291 133 1352 sueti
160 1289 332 1350 discursus
366 1300 401 1354 et
421 1311 473 1352 ma
500 1289 650 1352 uitudine
671 1289 774 1352 Urbis
799 1293 977 1362 incertum,
1009 1293 1098 1374 quod
1128 1295 1268 1374 quisue

45 1374 87 1434 ad
109 1376 277 1458 negotium
300 1381 428 1460 pergat.
472 1309 523 1434 lbi
544 1391 658 1454 campo
688 1382 747 1434 aut
775 1373 877 1435 litore
906 1376 1048 1436 iacentes
1080 1377 1172 1436 nullo
1198 1314 1266 1436 dis-

46 1457 186 1518 crimine
222 1465 353 1517 noctem
390 1475 428 1516 sc
459 1455 545 1518 diem
575 1461 667 1518 iuxta
699 1460 841 1542 gratiam
870 1461 1057 1518 antiastus
1085 1459 1266 1520 ianitorum

44 1539 329 1623 perpetiebantur,
363 1537 470 1602 donec
497 1537 594 1620 idque
624 1541 777 1604 vetitum.
821 1539 863 1600 Et
891 1559 1053 1604 revenere
1085 1544 1119 1602 in
1141 1541 1267 1604 Urbem

45 1620 181 1704 trepidi,
214 1641 294 1704 quos
322 1643 389 1682 uon
418 1641 580 1693 sermone,
617 1643 684 1684 non
714 1625 790 1683 visu
821 1621 976 1710 dignatus
1009 1631 1097 1686 erat:
1131 1623 1266 1704 quidam

45 1707 129 1768 male
151 1705 288 1774 alacres,
311 1705 428 1788 quibus
449 1707 612 1768 infaustae
634 1707 800 1768 amicitiae
817 1709 929 1790 grauis
942 1707 1050 1768 exitus
1062 1707 1265 1772 imminebat.

117 1819 142 1870 l.
170 1812 287 1882 imperii
304 1821 430 1869 extrema
453 1816 532 1888 μέρη,
557 1813 614 1878 (cf.
643 1815 679 1869 ad
696 1818 723 1882 2,
743 1819 787 1882 82,
807 1821 832 1872 l.
854 1823 883 1870 et
901 1813 965 1868 Iud.
987 1815 1040 1872 111.
1066 1835 1095 1870 v.
1115 1815 1267 1870 Adiectioa

44 1885 160 1952 neutra)
177 1901 280 1956 propr.
299 1885 428 2010 dipnitas
453 1889 646 1958 maiestasque
671 1887 790 1957 imperii
809 1887 890 1942 Rom.
911 1888 942 1940 in
960 1887 1073 1940 ultimis
1093 1890 1155 1942 eius
1173 1889 1268 1960 parti·

43 1959 105 2012 bus.
128 1985 159 1996 -
193 1957 283 2025 pdoor
300 1957 331 2010 in
346 1975 430 2012 ernas
450 1957 513 2012 edd.
534 1957 626 2011 Rhea.
647 1961 673 2014 2.
693 1961 720 2014 3.
745 1958 824 2030 lips.
855 1966 884 2012 et
903 1973 961 2012 rec.
987 1959 1116 2012 internos
1135 1959 1179 2014 ed.
1199 1959 1264 2014 Ber.

43 2038 74 2084 et
93 2027 184 2082 llhen.
205 2033 229 2085 l.
255 2028 378 2082 intentos
403 2029 446 2084 ed.
472 2029 536 2083 Ald.
575 2029 705 2082 internus
729 2027 764 2084 de
782 2029 899 2082 interno
918 2031 963 2083 rei
1003 2030 1060 2082 ubl.
1081 2039 1171 2096 etatu3
1195 2033 1265 2086 Era.

42 2102 87 2155 ob
105 2103 219 2154 interna
236 2101 368 2172 pericula
388 2107 417 2155 et
435 2102 521 2168 mala,
545 2121 562 2156 a
579 2099 697 2154 Tiberio
722 2109 752 2153 et
774 2101 960 2171 potissimum
978 2048 1081 2154 gaiano
1100 2103 1265 2158 metuenda.

43 2173 91 2228 Cf.
110 2189 171 2242 cap.
195 2176 217 2226 Ι.
236 2173 262 2228 3.
284 2176 325 2228 12.
347 2205 379 2214 -
417 2171 540 2226 dirersis
566 2188 650 2241 super
674 2172 758 2224 reios
781 2171 996 2224 consulerentur
1014 2180 1139 2240 senatus,
1166 2173 1265 2235 (notu.

43 2243 174 2308 collect.)
192 2241 297 2297 Patres.
317 2262 345 2296 v.
365 2243 401 2297 ad
418 2246 445 2310 2,
464 2247 511 2308 33,
529 2246 557 2300 2.
577 2277 610 2286 -
647 2259 730 2296 aram
748 2243 931 2312 clarentiae,
951 2259 1033 2296 aram
1050 2243 1216 2312 Areticitiae,
1236 2263 1265 2302 v.

42 2317 81 2371 ad
97 2320 125 2382 l,
145 2317 189 2380 14,
206 2317 233 2370 2.
253 2347 286 2357 -
322 2314 428 2368 circum
445 2315 600 2386 ponendas.

89 2409 91 2420 ⁴
115 2389 142 2442 2.
169 2385 232 2440 Νοιι
256 2391 350 2440 tamea
376 2387 408 2440 in
428 2387 531 2441 Urbem
555 2393 603 2439 ont
628 2386 789 2456 propinquo
811 2385 883 2441 Urbi
902 2387 966 2442 loca
985 2387 1114 2454 digressi
1131 2395 1197 2442 sual
1216 2389 1267 2443 illi

41 2480 59 2515 a
80 2457 197 2529 Capreis
216 2465 246 2512 et
264 2455 428 2582 Campania.
457 2459 503 2514 Cf.
530 2475 593 2528 cap.
613 2461 657 2514 67.
696 2457 828 2526 degressi
853 2457 884 2511 h.
905 2457 926 2512 l.
955 2467 984 2512 et
1002 2459 1068 2512 aliis
1086 2459 1163 2514 anule
1181 2459 1267 2516 dede·

41 2537 114 2586 runt
131 2529 203 2584 Ern.
222 2529 287 2600 Rip.
306 2529 327 2582 0
349 2573 355 2586 .
375 2529 466 2586 Bekk.
500 2529 631 2598 Degredi
650 2539 694 2584 est
712 2547 748 2584 ex
765 2529 866 2584 altiori
884 2529 949 2584 loco
968 2531 1000 2582 in
1019 2531 1191 2586 inferiorem
1211 2533 1266 2600 ire,

41 2600 226 2667 descendere,
245 2610 279 2654 ut
296 2605 322 2668 4,
341 2603 385 2657 43.
406 2603 448 2667 12,
468 2604 570 2668 3313,
590 2603 732 2668 14111,
752 2605 794 2658 61.
814 2605 842 2667 3,
856 2604 899 2658 69.
919 2603 989 2678 Agr.
1010 2603 1052 2658 18.
1072 2605 1118 2658 37.
1143 2603 1177 2656 ld
1195 2619 1267 2658 vero

40 2675 78 2728 ab
96 2669 128 2726 h.
147 2671 166 2724 1.
187 2673 326 2726 alienum.
361 2671 490 2742 Digredi
508 2673 530 2726 si
576 2675 582 2687 “
607 2673 705 2728 catab
724 2673 822 2744 aliquo
841 2671 1041 2727 sivehornine
1065 2673 1129 2728 sire
1147 2675 1212 2728 loco
1231 2673 1268 2730 ad

40 2745 134 2800 alium
153 2743 243 2812 abire,
271 2747 466 2810 reconferre,
491 2751 525 2796 ut
565 2743 612 2801 Ι1.
642 2749 715 2812 etl,
738 2748 784 2800 27.
810 2747 837 2809 4,
861 2747 904 2800 311.
934 2747 961 2808 6,
985 2749 1006 2800 l.
1025 2746 1070 2802 50.
1093 2748 1267 2812 13,13.14,

40 2819 89 2874 23.
126 2813 237 2868 Eodem
264 2832 349 2869 sensu
375 2815 525 2884 digressus
548 2816 608 2890 leg.
626 2815 743 2870 videtur
767 2821 810 2882 11,
828 2818 872 2872 21.
892 2815 943 2868 ubi
961 2813 1102 2870 Walther
1119 2817 1200 2872 dedit
1217 2817 1267 2872 de·

39 2903 163 2958 grecam
187 2894 216 2940 et
238 2887 397 2952 manarit,
430 2886 551 2954 degredi
577 2889 665 2941 etiam
689 2887 747 2941 dici
765 2903 833 2972 pro:
860 2885 896 2940 de
920 2887 985 2941 loco
1004 2889 1116 2954 cedere,
1142 2889 1268 2944 statione

40 2955 254 3024 abirefierm.
274 2957 455 3034 abgehen,
474 2956 668 3022 abtreten,
692 2957 879 3014 ebershen.
916 2957 1045 3013 Ut'vero
1064 2959 1268 3035 distinguenda

40 3037 111 3084 ssent
129 3027 218 3082 verba
236 3029 357 3098 degredi
376 3038 405 3084 et
423 3029 551 3098 digredi,
578 3031 619 3083 ita
637 3039 666 3085 et
684 3036 807 3104 cognata
825 3029 959 3082 decedere
986 3037 1015 3082 et
1033 3029 1190 3098 discedere,
1219 3029 1266 3098 (r.

40 3101 78 3156 ad
96 3103 124 3165 2,
143 3103 187 3166 44,
205 3099 245 3167 2.)
264 3101 394 3170 deripere
414 3108 443 3154 et
461 3100 599 3168 diripere,
618 3103 659 3167 (r.
678 3101 714 3154 ad
732 3105 758 3166 l,
776 3103 821 3166 241,
840 3103 879 3167 2.)
899 3100 1040 3168 ἀιὶαὸί,ιι1
1059 3101 1151 3155 dilabi
1169 3099 1211 3168 (v.
1231 3101 1268 3158 ad

39 3175 68 3238 4,
88 3175 134 3239 43,
154 3171 197 3238 3.)
222 3180 251 3226 et
268 3171 335 3236 alia,
403 3189 487 3226 orum
510 3173 623 3244 primae
651 3172 720 3244 syll.
750 3180 819 3226 sunt
846 3172 881 3226 de
900 3179 930 3226 et
948 3172 988 3226 di.
1015 3172 1059 3229 Gf.
1086 3174 1179 3244 intpp.
1198 3172 1265 3226 biv.

38 3247 87 3309 to,
106 3246 151 3300 22.
172 3243 252 3298 cort
271 3243 307 3297 ad
325 3190 401 3300 δεῖ
426 3243 489 3320 lug.
509 3247 554 3300 te.
582 3245 682 3299 Bremi
705 3243 741 3298 ad
758 3243 833 3316 Nep.
853 3245 878 3297 1.
899 3263 919 3298 s.
940 3247 965 3300 2.
997 3243 1120 3298 Ellendt
1143 3245 1178 3298 ad
1203 3243 1264 3298 Cic.

38 3317 126 3368 Brut.
147 3332 175 3386 p.
194 3319 240 3372 63.
259 3317 302 3372 65.
323 3316 446 3392 Herzog.
472 3315 507 3368 ad
532 3313 611 3370 Caes.
631 3317 661 3368 Β.
682 3315 719 3368 G.
744 3319 770 3382 1,
789 3317 835 3372 26.
885 3313 1019 3369 rotscher
1035 3315 1072 3370 ad
1090 3315 1212 3381 Quintil.
1231 3315 1265 3372 X.

37 3405 70 3458 p·
94 3387 156 3443 192.
176 3419 209 3430 -
246 3387 378 3440 omittere
396 3387 528 3453 insulam,
546 3405 575 3443 v.
595 3387 631 3440 ad
648 3391 676 3450 3,
693 3389 741 3452 47,
761 3391 787 3442 1.
809 3419 841 3428 -
877 3385 980 3456 aspici,
1009 3403 1040 3440 ss
1065 3393 1179 3442 unnim
1199 3403 1267 3442 con-

37 3457 328 3580 spectuihpraeberm
350 3459 420 3516 Era.
499 3493 503 3502 ,

113 3531 143 3584 3.
188 3529 447 3616 ooereire.l·’ctree‚
466 3531 567 3600 Eques,
587 3529 613 3582 E
655 3529 766 3614 itas-v.
783 3527 912 3616 1414141.
932 3531 1042 3586 n.5.—
1064 3529 1146 3584 coita
1165 3530 1267 3584 durior

35 3599 1266 3756 atim-itt{tttattt‘tteatattlsstt'tristitiae

34 3759 203 3812 eorumque
221 3743 501 3799 commendationem
518 3753 547 3800 et
559 3745 810 3808 intercessionem,
830 3751 858 3798 et
876 3751 1012 3798 societate
1027 3745 1219 3810 consiliorum,
1241 3743 1267 3798 si

34 3815 106 3885 quis
122 3824 279 3886 promptus
288 3823 363 3871 esset
372 3815 407 3870 ad
424 3833 454 3870 se
464 3817 702 3888 emancipandum
721 3815 781 3882 illi,
800 3817 892 3870 atita
911 3832 1101 3892 conffessum
1119 3823 1219 3887 petere
1237 3821 1267 3870 et

34 3887 199 3940 servitium
217 3884 315 3940 Seiani
332 3887 398 3942 fieri
422 3887 499 3944 idem
519 3889 625 3944 esset.“
653 3885 762 3942 Woltlt.
800 3885 995 3952 „Familiares
1021 3887 1082 3941 eius
1105 3886 1266 3957 prensando

33 3966 66 4011 et
86 3958 270 4012 conscientia
288 3967 374 4029 atque
392 3973 480 4030 opera
497 3959 534 4013 ad
551 3961 614 4026 illa,
633 3977 707 4030 quae
724 3956 946 4013 machinabatur
963 3957 1099 4012 Seianus:
1130 3975 1203 4028 quae
1220 3973 1267 4010 so-

31 4029 132 4082 cietae
150 4029 337 4084 consiliorum
356 4031 427 4084 iniri
444 4033 541 4103 potuit
559 4039 626 4086 ante
644 4045 828 4100 congressum
844 4047 899 4102 per
907 4037 1099 4131 proxenetas,
1123 4029 1266 4099 pararios,

32 4109 217 4170 sequestres,
244 4101 503 4170 commendatores,
528 4105 736 4169 internuntios,
761 4111 795 4154 ut
814 4103 841 4166 2,
859 4103 903 4158 28.
956 4101 1040 4156 Groo.
1079 4099 1156 4152 llinc
1178 4099 1266 4170 paulo

30 4179 106 4242 post
125 4175 201 4227 male
219 4173 330 4228 alacres
349 4183 378 4230 et
396 4175 524 4242 infausto
542 4175 683 4243 micitia,
708 4173 847 4229 societate
865 4173 1055 4226 consiliorum
1073 4179 1172 4242 partar
1196 4171 1265 4224 Era.

112 4248 138 4300 4.
166 4245 248 4299 Satis
270 4247 428 4312 constabat,
461 4265 488 4300 v.
507 4247 586 4311 adl,
611 4248 639 4314 b,
657 4251 684 4304 3.
702 4277 735 4290 -
773 4243 849 4297 illud
871 4243 902 4298 ire
922 4243 1076 4314 propatulo
1099 4241 1268 4296 seruitium:

31 4317 65 4366 in
89 4315 151 4372 MS.
172 4317 254 4371 illum
278 4317 310 4371 in
334 4318 515 4390 propatibolo
542 4333 614 4374 seru.
635 4349 668 4363 -
703 4315 904 4389 magnitudine
927 4315 990 4372 edd.
1015 4311 1107 4373 lllren.
1135 4317 1162 4374 2.
1182 4315 1208 4369 3.
1237 4321 1267 4368 et
