2868 4792
213 195 355 261 carur
375 193 466 262 xm.
490 195 583 272 xiv.
614 195 667 280 (ι.
689 193 730 262 u.
752 197 823 266 rra.
855 199 894 264 ι.
916 197 953 263 c.
975 147 1062 278 aas
1173 200 1235 266 aas
1319 223 1322 236 ·

41 381 121 424 ressa
138 363 360 447 implacabiles
382 373 495 427 erant:
518 363 642 426 Caesar
662 365 705 428 ob
723 364 850 428 ballum
873 366 1069 448 provinciae
1093 367 1235 441 illatum,

41 457 151 508 senatus
181 467 349 530 nunquam
382 451 462 512 satis
497 447 639 526 credito,
670 449 745 510 sine
773 445 890 510 fraude
922 446 1158 511 Germanicum
1187 451 1236 510 in-

40 531 159 594 teriisse.
200 533 442 613 *scripsissent
470 532 734 614 expostulantess
770 530 858 614 quod
886 531 974 592 baud
1003 533 1113 593 minus
1134 532 1236 596 Tibe-

42 613 97 672 rius
130 633 221 696 quam
253 614 329 676 Piso
366 615 530 694 abnuere„
577 613 683 676 Simul
722 615 837 696 populi
868 623 944 676 ante
976 618 1105 676 curiam
1137 635 1237 680 vocas

41 693 254 760 audiebantur:
275 716 339 758 non
355 697 747 778 temperaturosmanibas,
769 701 799 759 si
816 694 948 760 Patruus
969 701 1145 760 sententias
1166 719 1237 760 aaa·
1299 731 1301 736 .

42 781 132 839 asset:
148 780 337 864 effigiesque
358 781 488 844 Pisonis
509 790 684 856 traxerant
704 781 740 841 in
761 779 937 842 Gemonias
966 799 1004 842 ac
1024 780 1237 860 divellebant,

40 862 67 920 ni
84 863 167 922 iussu
187 861 354 946 Principis
375 873 546 946 protectae
566 867 798 946 repositaeque
819 867 940 924 tarent.
980 863 1089 951 Igitur
1110 862 1237 926 inditus

40 942 155 1006 lecticae
183 953 217 1006 et
249 965 269 1007 a
301 947 438 1010 tribuno
465 951 655 1030 praetoriae
685 946 834 1008 cohortis
862 945 1022 1008 deductus
1052 955 1111 1025 est,
1139 949 1237 1010 vario

41 1045 167 1107 rumore,
188 1036 300 1092 custos
322 1030 424 1092 saluti
445 1051 487 1092 an
509 1033 627 1092 mortis
649 1037 783 1092 exactor
804 1038 1009 1126 sequeretur.

96 1147 118 1199 l.
135 1145 268 1211 Defensio
285 1145 315 1198 ia
333 1147 433 1199 ceteris
451 1148 610 1216 trepidavit,
630 1163 689 1201 non
707 1147 780 1201 bene
798 1149 952 1213 successit}
963 1148 1036 1201 dira.
1059 1177 1090 1186 —
1115 1147 1238 1202 ambitio·
1312 1147 1314 1154 ’

40 1227 83 1265 aen
97 1215 245 1282 militarem,
266 1217 341 1288 apud
359 1220 483 1286 militem
511 1221 578 1276 Era.
606 1219 651 1276 Of.
670 1219 705 1272 ad
723 1222 751 1284 4,
768 1221 796 1285 i,
814 1223 839 1275 2.
861 1228 890 1274 et
915 1219 951 1274 ll.
973 1225 999 1286 1,
1022 1224 1045 1283 l,
1065 1221 1090 1276 a.
1112 1247 1144 1258 -
1180 1236 1240 1287 pes-

39 1287 90 1336 a'na
106 1287 207 1356 cuiqam:
228 1289 260 1342 in
279 1287 336 1341 ms.
355 1299 385 1343 et
404 1291 446 1346 ed.
467 1291 533 1348 Ber.
550 1307 576 1358 p.
596 1291 648 1346 cui.
665 1319 696 1328 -
726 1291 863 1343 aduersam
881 1291 1065 1358 imperatorem
1085 1292 1239 1356 exercitus,

41 1353 237 1415 Gennsnicum.
265 1392 296 1402 —
334 1377 408 1428 qaam
435 1379 516 1429 saper
542 1379 598 1416 eam
611 1362 687 1426 ,Pas
711 1362 899 1414 discumberet:
930 1363 979 1428 „in
998 1362 1102 1415 dextro
1121 1363 1240 1416 stibadii

40 1443 114 1480 cornu
131 1431 325 1486 discumbebat
344 1432 550 1499 Germanicus,
570 1435 602 1486 in
621 1433 741 1486 sinistro
760 1431 839 1486 Piso:
860 1433 965 1503 itaque,
991 1433 1064 1487 licet
1081 1433 1240 1488 secundum
1301 1459 1304 1466 v

41 1497 121 1553 locam
138 1513 293 1574 occuparet
311 1504 384 1568 Piso,
404 1523 492 1576 super
509 1505 719 1558 Gemanicum
741 1503 952 1558 discumbebat:
984 1505 1019 1560 de
1038 1521 1095 1576 quo
1113 1503 1241 1558 discum·

40 1567 110 1623 baudi
126 1574 185 1626 ritu
203 1593 233 1630 v.
253 1573 398 1631 Sirmond.
419 1578 450 1628 in
470 1576 568 1632 Sidon.
588 1575 717 1647 Apollin.
739 1593 784 1646 ep.
806 1580 831 1640 l,
852 1575 914 1632 ll.“
933 1576 1011 1632 Brot.
1049 1575 1240 1642 „Plutarchus

40 1641 63 1693 in
79 1641 204 1715 Sympos.
225 1645 275 1701 lib.
293 1651 316 1701 l.
337 1664 385 1716 qu.
406 1651 431 1704 3.
451 1647 549 1704 locum
567 1646 827 1701 honoratissimum
846 1647 878 1700 in
897 1647 1029 1700 triclinio
1049 1647 1133 1700 docet
1150 1647 1241 1702 inissa

40 1711 152 1768 intimum
171 1717 203 1769 in
223 1717 318 1770 medio
337 1717 424 1784 lecto,
445 1721 496 1788 qui
515 1719 582 1776 inde
600 1719 753 1771 consularis
771 1719 1163 1788 dictus3primu1nin1ecto
1181 1711 1242 1772 imo

40 1781 146 1856 hospitis
170 1807 222 1842 seu
248 1789 377 1842 convivii
402 1789 521 1847 damini.
561 1791 623 1844 Hoc
646 1798 768 1861 apparet
792 1790 823 1842 in
850 1789 915 1842 loco
940 1789 1011 1844 Sall.
1029 1789 1099 1845 hist.
1122 1789 1175 1842 lll.
1194 1807 1240 1860 ap.

39 1852 155 1912 Servium
175 1869 207 1914 et
225 1859 369 1913 Nonium:
387 1861 482 1925 Igiteer
501 1863 674 1914 discubuere:
698 1861 836 1915 Sertorius
853 1861 972 1924 inferior
989 1863 1019 1912 in
1036 1862 1138 1926 medio3
1164 1876 1244 1928 saper
1331 1907 1335 1916 .

39 1943 82 2004 (aa
101 1931 199 1984 Tuscus
219 1931 321 1984 Fabiae
339 1931 532 1999 Hispaniensis
557 1939 664 1986 amator
682 1936 715 1983 η’
731 1932 907 2000 proscriptus
935 1933 965 1985 in
987 1949 1081 1986 summo
1099 1933 1243 1996 Antonias,

38 1999 101 2063 inira
127 2004 223 2055 sariba
247 2003 365 2056 Sertorii
394 2005 516 2068 Vereins,
546 2007 618 2058 alter
640 2005 734 2056 scriba
751 2005 901 2056 Maecenas
925 2005 955 2054 in
980 2005 1033 2055 imo
1051 2005 1152 2056 medias
1169 2005 1244 2056 inter

41 2071 189 2138 Tarquitium
220 2081 246 2125 et
271 2075 397 2126 dominum
423 2075 595 2142 Perpennam.
638 2075 748 2146 ltaque,
780 2075 805 2127 si
831 2073 862 2124 in
886 2073 1030 2137 triclinio,
1063 2083 1098 2127 ut
1116 2074 1243 2140 videtur,

40 2143 142 2211 epulati,
161 2146 355 2199 Germanicus
369 2145 515 2200 discubuit
533 2146 597 2200 loco
616 2145 773 2211 consulari,
793 2148 825 2198 in
845 2145 944 2198 infimo
961 2145 1052 2198 medii
1070 2145 1141 2200 lecti
1160 2145 1245 2212 loco;

38 2229 105 2279 saper
122 2231 175 2268 eam
197 2216 299 2270 eodem
317 2218 349 2269 in
374 2217 452 2272 lecta
471 2219 562 2271 iacuit
585 2217 660 2281 Piso,
688 2233 747 2270 non
772 2217 808 2270 ad
831 2215 971 2278 dextrim,
1006 2217 1085 2286 quod
1107 2212 1243 2273 Freinsh.

39 2286 165 2353 cernebat,
195 2287 247 2342 sed
271 2289 368 2358 potius
392 2289 553 2355 sinistram,
582 2297 662 2342 certe
686 2297 752 2359 post
770 2289 937 2341 Germanici
962 2288 994 2340 in
1013 2288 1133 2340 sinistro
1152 2287 1245 2342 latere

38 2354 143 2413 iacentis
162 2369 290 2436 tergum.
328 2359 477 2414 Similiter
503 2361 538 2415 de
624 2361 725 2432 ippina
753 2379 769 2414 a
792 2359 909 2413 Nerone
936 2358 1047 2411 comiter
1070 2365 1182 2426 excepta
1200 2375 1245 2412 aa·
1339 2353 1359 2400 -’

35 2443 120 2496 perque
136 2432 222 2498 ι’ριιιιιι
242 2431 375 2482 collocata
393 2433 446 2486 ini.
467 2435 512 2497 14,
530 2435 557 2488 4.
576 2451 597 2484 ιι
617 2433 628 2484 i
649 2432 765 2502 Lipsius
784 2438 898 2483 tantum
916 2431 987 2484 duos
1007 2429 1173 2484 accubuisse
1190 2447 1246 2500 pu·

38 2505 80 2564 tat,
97 2505 139 2554 uti
157 2503 217 2557 hoc
235 2503 371 2556 convivio
389 2511 466 2569 tres3
497 2503 547 2558 sed
567 2511 676 2590 putat,
694 2519 753 2556 nan
776 2502 888 2574 probat.
926 2503 1019 2556 Irnmo
1043 2509 1077 2554 ut
1100 2501 1141 2554 ibi
1164 2501 1259 2555 aliud

37 2571 146 2626 suadent
173 2565 346 2628 sollemnitas
370 2575 534 2645 epularum,
565 2574 704 2630 iuvenilis
728 2575 856 2628 Neronis
874 2574 1061 2628 familiaritas
1087 2581 1117 2627 et
1135 2580 1245 2626 tractus

37 2641 63 2693 in
78 2643 197 2720 longum
217 2647 378 2709 convictus,
400 2647 442 2698 sic
459 2645 488 2698 h.
498 2646 518 2702 l.
533 2647 703 2700 Germanici
717 2647 869 2720 comitatus
889 2647 1037 2716 ipsiusque
1051 2642 1247 2701 numismati

37 2713 110 2782 lipsi.
145 2717 261 2770 Medius
279 2716 333 2768 imi
358 2717 429 2770 lecti
453 2717 536 2772 locus
562 2719 706 2772 tribuitur
723 2717 839 2771 dominc
865 2717 995 2770 convivii
1013 2715 1047 2769 ab
1066 2717 1166 2770 Horat.
1186 2715 1246 2771 Sat.

36 2787 58 2846 l,
69 2787 148 2850 idi.
167 2789 352 2842 Nomentanae
370 2794 429 2840 erat
446 2804 526 2855 super
542 2789 628 2858 ipsam
645 2789 834 2844 Nasidienum
852 2787 1009 2860 hospitem,
1028 2783 1142 2840 Parasite
1158 2788 1245 2854 infra.

37 2855 219 2912 Germanicus
243 2867 341 2930 autern
366 2861 397 2912 in
425 2861 561 2914 convivio
588 2878 639 2915 suo
663 2861 881 2914 honoratiorem
905 2861 1004 2931 potius
1028 2859 1127 2913 locum
1148 2859 1247 2914 Pisoni

36 2934 203 2985 concessisse
230 2929 391 2992 credendus
415 2939 467 2986 est.
512 2933 650 2986 Ceterum
672 2933 723 2986 rel
753 2931 897 2984 tironibus
928 2939 1041 2995 notum,
1077 2937 1192 2984 veteres
1216 2937 1248 2984 et

36 2999 151 3058 Graecos
172 3011 203 3056 et
220 3002 364 3056 Romanos
383 3003 414 3054 in
432 3002 526 3056 tribus
543 3005 719 3074 plerumque
744 3001 829 3056 lectis
849 3003 927 3054 circa
951 3018 1080 3054 mensam
1099 3003 1248 3056 stratis'et

35 3076 172 3126 tamesin
193 3075 298 3144 quovis
318 3072 396 3126 lecto
414 3073 599 3132 discubuisse.
637 3077 714 3128 ilinc
731 3073 849 3126 triclinii
867 3089 982 3138 nomen,
1007 3079 1036 3126 et
1060 3072 1128 3125 inde
1152 3071 1247 3124 sordi·

35 3140 94 3196 dum
112 3145 320 3216 plebeiumque
345 3143 514 3213 habebatur,
543 3165 636 3200 unum
655 3147 766 3200 lectum
784 3163 801 3198 a
818 3143 953 3215 pluribus
972 3144 1116 3212 occupari.
1145 3142 1190 3196 Oi.
1210 3141 1247 3197 sd
1327 3192 1333 3204 ,

36 3217 73 3277 ll,
90 3219 116 3282 i,
134 3219 161 3272 2.
188 3219 286 3288 intpp.
305 3213 384 3270 Suet.
413 3215 479 3273 oth.
504 3221 530 3273 3.
556 3219 634 3290 Lips.
665 3219 702 3271 de
726 3217 789 3270 ritu
816 3216 1021 3268 conviviorum
1045 3232 1089 3290 ap.
1115 3213 1197 3268 Rom.
1217 3222 1248 3269 et

36 3283 124 3358 Antiq.
148 3289 244 3342 Leon·
271 3289 298 3352 3?
314 3292 342 3343 ,1ο
374 3287 524 3345 Wielmd.
549 3289 585 3344 ad
608 3291 679 3346 Hor.
706 3286 764 3344 sat.
791 3292 817 3354 l,
836 3291 863 3353 4,
883 3290 926 3344 86.
952 3305 981 3342 n.
1003 3289 1045 3343 Η.
1063 3293 1093 3340 Gt
1110 3288 1138 3353 ²,
1156 3289 1183 3352 8,
1201 3289 1255 3343 ²⁰0³

36 3375 58 3412 n.
75 3362 99 3414 3.
120 3387 154 3397 -
191 3359 309 3424 infectos
335 3375 455 3416 veneno.
487 3387 519 3398 -
555 3367 595 3413 tot
618 3359 780 3414 adstantium
804 3359 875 3426 aisa,
902 3359 935 3412 in
956 3373 1059 3412 aarum
1076 3365 1247 3430 conspectu.

36 3429 73 3484 (li.
97 3432 160 3487 lud.
185 3431 241 3484 111.
265 3449 294 3488 v.
319 3428 448 3484 Attalici
477 3431 615 3489 Sedetani.
641 3433 763 3486 absolate
797 3431 892 3498 positi.
938 3428 1063 3484 Picbena
1091 3437 1121 3484 et
1146 3431 1246 3486 Heius.

34 3501 136 3560 trustra
160 3503 248 3557 conii
266 3503 350 3554 visua
370 3535 403 3546 -
448 3504 634 3572 offerebatque
657 3503 687 3556 ia
713 3507 852 3568 tormenta,
883 3501 1086 3570 torquendam,
1114 3501 1248 3565 familiam

35 3591 113 3642 saun,
133 3591 236 3631 servos
256 3590 333 3638 suos,
367 3580 393 3626 et
411 3575 440 3626 in
458 3580 588 3635 tormenta
605 3575 755 3640 flagitabat
772 3573 918 3640 ministros,
946 3589 1046 3627 servos
1066 3572 1247 3640 Germanici,

36 3646 77 3711 qui
95 3647 122 3700 in
140 3645 267 3698 concivio
286 3646 346 3698 eius
364 3645 589 3714 ministrassent,
608 3655 641 3698 ut
659 3649 685 3712 4,
704 3647 744 3700 10.
764 3663 825 3716 sqq.
846 3643 965 3698 Familia
983 3643 1077 3699 omnis
1095 3661 1143 3697 res
1161 3644 1248 3697 iami-

36 3714 118 3784 liaris,
137 3715 173 3770 rie
194 3709 335 3789 χρήματα,
364 3719 476 3788 saepius
500 3717 588 3785 servi,
616 3733 740 3788 quorum
767 3734 873 3794 magna
897 3723 960 3770 erat
984 3717 1068 3786 copia
1091 3715 1246 3770 ditioribus
1302 3781 1306 3788 ⁵

35 3787 240 3860 nobilibusque.
259 3807 287 3842 r.
308 3787 344 3842 ad
360 3792 387 3855 3,
407 3791 452 3846 53.
859 3819 860 3824 ¹

94 3865 120 3918 i.
146 3861 208 3916 Sed
224 3860 329 3913 indices
352 3876 401 3927 per
422 3861 531 3914 diuersa
551 3859 739 3928 implacabiles
762 3865 848 3925 aaut,
875 3875 904 3915 v.
929 3857 964 3912 ed
989 3863 1015 3924 1,
1034 3859 1078 3924 aa,
1097 3863 1122 3912 l.
1142 3889 1173 3902 ·-
1213 3857 1246 3910 ab

32 3930 119 3984 bellam
135 3931 301 4000 prouinciae
317 3931 414 3986 Pisoni
432 3931 619 3987 demandatae
636 3933 742 3984 illatam
760 3929 793 3983 ab
812 3932 884 4002 ipso.
904 3931 948 3985 cf.
961 3935 988 3984 ci
1000 3933 1042 3986 13.
1063 3937 1092 3983 et
1109 3931 1136 3993 2,
1155 3931 1214 3984 'tis
1238 3971 1245 3986 .

34 4033 62 4043 —
79 4021 213 4072 nunquam
229 4001 298 4056 eatis
316 4003 429 4070 credita,
446 4013 480 4057 ut
498 4021 542 4075 ap.
561 4005 625 4058 Liv.
645 4007 672 4068 4,
691 4005 734 4059 51.
755 4005 799 4068 29,
818 4007 863 4058 37.
881 4005 926 4066 39,
945 4002 996 4068 563
1023 3999 1117 4066 Wopb.
1144 3999 1188 4055 Cf.
1209 4019 1225 4053 a

32 4076 116 4142 Ι,46,
136 4081 163 4132 1.
187 4107 222 4118 -
258 4075 462 4142 *scripsissent
480 4078 680 4143 expostulantes
697 4072 755 4128 MS.
774 4082 803 4127 et
822 4073 883 4128 edd.
904 4081 964 4125 tam
987 4080 1045 4126 vet.
1071 4087 1157 4140 quain
1181 4087 1242 4125 rec.

33 4145 116 4202 Locus
136 4145 276 4212 mutilus,
295 4147 376 4199 cuius
395 4147 513 4202 hennae
527 4147 684 4218 explendae
701 4148 814 4199 frustra
831 4141 1018 4216 impendetur
1035 4141 1131 4214 opera.
1151 4142 1245 4196 Verba

31 4213 97 4272 haec
115 4217 244 4274 delenda
260 4217 309 4272 vel
333 4219 428 4284 alieno
455 4219 519 4272 loco
539 4219 655 4286 inserta,
680 4224 762 4270 utet
780 4235 857 4287 seqq.
878 4215 947 4283 qaod
964 4245 997 4256 -·
1016 4215 1140 4280 abnuere,
1165 4212 1245 4267 ride·

32 4287 132 4346 bantur
149 4291 255 4363 hipsia
272 4298 302 4358 et
313 4291 388 4350 lllnr.
407 4293 553 4346 Merceras
565 4291 640 4348 coni.
655 4289 783 4345 minuisse
799 4287 926 4355 (secreto
936 4284 1102 4353 murinure)
1120 4290 1246 4369 exposta·

61 4391 126 4458 Opp.
152 4393 224 4446 Tac.
244 4391 274 4443 T.
288 4389 310 4440 l.
983 4359 1023 4424 ¹3
