2828 4794
265 207 407 274 CAPUT
427 207 585 276 LXXVI.
619 209 671 291 (A.
685 209 724 274 U.
739 212 811 278 768.
834 211 872 276 Δ.
888 211 923 278 0.
938 213 1003 293 1⁵.)
1180 219 1239 289 133

50 374 383 454 uomineflobtulerat'
404 376 534 440 Drusus
562 375 740 458 praesedit,
779 397 960 461 quanquam
991 381 1052 442 vili
1078 383 1238 466 sanguine

49 459 132 518 nimis
159 456 319 544 gauderes
350 457 439 542 quod
463 461 584 544 vulgus
614 459 865 522 formidolosum
894 470 928 523 et
961 471 1057 544 pater
1088 467 1238 550 arguisse

49 537 213 602 dicebatur.
261 539 330 602 Cur
356 541 557 603 abstinuerit
588 543 774 626 spectaculo
803 545 885 623 ipse,
918 549 1012 606 varie
1044 545 1236 608 trahebant:

49 623 96 682 alii
114 621 218 683 taedio
239 633 363 701 coetus,
385 622 516 707 quidam
538 626 677 686 tristitia
697 623 823 711 ingenii
846 634 879 688 et
899 635 991 688 metu
1018 633 1238 712 comparatio-
1300 635 1304 646 ¹

48 707 98 780 uis,
122 708 195 786 qnia
223 703 390 791 Angustus
419 711 561 770 comiter
588 710 804 770 interfuisset.
856 709 932 770 Nou
955 709 1166 788 crediderim,
1197 713 1237 776 ad

48 787 256 850 ostentandam
277 789 450 852 saevitiam
472 789 713 871 movendasque
733 792 849 873 populi
881 795 1078 855 ottensiones
1105 815 1237 857 conem-

47 890 101 930 sam
122 870 191 934 lilio
212 873 396 943 materiem,
417 891 600 956 quanquam
620 872 654 934 id
677 893 806 956 quoque
827 873 953 936 dictum
975 883 1034 937 est.

104 991 125 1042 1.
155 987 267 1042 Tiberis
290 996 390 1042 nactam
413 1005 497 1060 saepe
520 989 664 1044 continuis
684 989 823 1044 imbribus
847 1000 875 1045 et
899 991 1087 1046 multitudine
1112 993 1237 1048 intluen-

48 1057 106 1110 tium
124 1077 270 1130 aquarum.
291 1061 336 1116 Cf.
350 1077 376 1112 c.
391 1061 433 1116 ts.
447 1077 491 1131 pr.
510 1060 620 1128 111οὸ7,
631 1065 673 1118 14.
693 1062 769 1116 l'lin.
790 1079 834 1134 ep.
852 1065 936 1124 8,17.
955 1062 1057 1116 Nihilo
1076 1065 1168 1118 accim
1181 1065 1237 1130 ¹in-

47 1129 197 1184 undationes
224 1131 285 1184 eius
308 1131 379 1186 mali
403 1148 518 1202 semper
543 1131 649 1186 ominis
675 1142 766 1189 erant.
792 1152 821 1189 v.
840 1133 914 1190 Plin.
933 1135 962 1200 3,
979 1136 1006 1190 Β.
1027 1143 1056 1187 et
1073 1136 1150 1187 Plut.
1170 1133 1236 1194 Otb,

46 1216 67 1266 p.
83 1203 152 1258 1068.
172 1202 218 1257 cf.
237 1205 282 1268 15,
300 1207 343 1260 42.
364 1209 393 1256 et
410 1203 445 1258 11.
465 1207 491 1268 1,
510 1205 553 1259 86.
573 1203 622 1258 ubi
640 1203 722 1257 Broc.
741 1203 814 1258 haec
831 1205 998 1258 annotavit:
1038 1205 1109 1271 „Ut
1127 1206 1236 1262 subitae

46 1271 228 1334 iamdationes
258 1272 470 1339 inhiberentur,
499 1273 523 1328 A
585 1283 645 1328 stus
671 1277 764 1328 amnis
782 1275 898 1330 alveum
916 1275 1059 1332 dilatavit.
1095 1275 1236 1330 Traianus

45 1343 134 1396 fossam
157 1363 174 1398 a
194 1353 284 1414 ponte
302 1345 412 1398 Mulvio
435 1363 490 1414 per
562 1345 621 1399 lem
645 1345 719 1400 Urbi
737 1347 875 1412 vicinam,
912 1343 995 1402 Valle
1021 1347 1086 1400 dell
1108 1347 1235 1415 Inter-no,

45 1411 121 1478 duxit,
213 1424 428 1470 exoneraretur.
448 1433 475 1472 v.
495 1417 570 1473 Pliu.
590 1434 635 1488 ep.
654 1419 682 1482 8,
701 1421 743 1474 17.
781 1415 954 1470 Aurelianus
978 1417 1013 1472 ab
1030 1417 1108 1472 Urbe
1127 1417 1235 1472 Ostiam

45 1497 118 1554 osqooe
158 1485 303 1540 iberinum
330 1487 446 1540 alveum
465 1488 652 1542 validissimis
675 1489 768 1540 muris
786 1487 924 1540 munivit.
960 1487 999 1540 At
1017 1490 1149 1542 omnium
1168 1505 1237 1543 con-

45 1553 98 1606 silia
120 1556 190 1610 vicit
213 1557 269 1614 lul.
294 1557 407 1624 Caesar,
479 1557 489 1610 i
509 1561 619 1613 siccare
637 1559 803 1630 Pomptinas
820 1558 940 1628 paludes
958 1566 987 1612 et
1005 1559 1147 1625 Tiberim,
1179 1560 1236 1614 lata

43 1627 225 1698 profundaque
246 1625 327 1682 'fosso
348 1629 382 1682 ab
406 1628 450 1683 Ur
470 1646 485 1682 e
503 1629 690 1684 Terracinam
714 1629 896 1700 perductum,
914 1631 989 1683 mari
1008 1630 1168 1686 immittere
1186 1630 1236 1684 de·

43 1705 165 1754 creverat.
259 1701 357 1784 egium
374 1699 541 1766 consilium,
561 1717 701 1766 annonae,
720 1701 914 1766 commerciis,
934 1701 1116 1778 navigationi
1135 1719 1236 1756 arcen-

43 1763 126 1836 lisque
148 1771 221 1822 inun
258 1771 384 1824 tionibus
407 1771 610 1836 utilissimum,
642 1788 721 1826 mors
746 1771 899 1842 oppressit.
928 1789 955 1823 v.
984 1769 1063 1825 Suet.
1088 1771 1168 1828 Caes.
1192 1775 1234 1828 44.

43 1833 101 1890 Plut
119 1840 148 1892 in
167 1839 224 1898 lul.
242 1861 271 1912 p.
292 1843 351 1896 7³5.
389 1843 423 1894 ld
441 1858 555 1912 quoque
579 1843 676 1906 anime
701 1842 824 1918 agitavit
841 1841 935 1908 Ner03
964 1841 1014 1896 sed
1032 1860 1135 1919 ragam
1154 1861 1236 1896 meu·
1264 1897 1268 1907 ⁴

43 1913 89 1958 tem
111 1911 166 1964 elio
192 1919 309 1966 traxere
333 1911 489 1966 libidinum
515 1909 633 1967 curae.“
653 1945 687 1956 -
723 1912 901 1980 relabentes,
921 1913 999 1966 intra
1016 1913 1095 1983 ripas
1113 1913 1237 1967 redeun-

43 1983 145 2032 ltm.'-
179 1989 213 2034 ut
237 1983 310 2036 libri
327 1981 464 2051 Sibyllini
490 1983 650 2048 adirentur,
679 2000 714 2036 ex
730 1984 828 2054 prisea
846 2002 879 2036 su
902 1982 1053 2038 erstitione
1072 1985 1103 2036 in
1121 1983 1175 2038 tali
1193 2001 1254 2048 re,

43 2045 234 2114 cr.adt,12.
254 2063 284 2112 et
302 2057 346 2116 ll,
366 2057 408 2108 ll.
430 2083 462 2094 ·-
499 2053 675 2117 llennit,·ut
700 2071 746 2122 ap.
772 2051 850 2109 Suet.
877 2002 956 2107 dees.
982 2055 1027 2108 87.
1051 2053 1126 2110 Plin.
1144 2070 1188 2124 ep.
1208 2058 1236 2118 l,

42 2117 59 2164 7-
77 2127 100 2170 et
118 2119 166 2174 Gr.
191 2117 348 2183 ἀνανεύειν,
372 2129 446 2172 nutu
469 2139 619 2186 recusare,
649 2121 757 2176 Wulllo.
795 2123 895 2177 Contr.
915 2133 1049 2175 annuere.
1085 2123 1129 2173 De
1148 2139 1181 2174 re
1199 2125 1251 2174 ot·

41 2177 84 2238 Die
100 2191 140 2252 57,
158 2193 201 2246 11.
224 2218 257 2228 -
289 2189 409 2260 perinde
435 2190 536 2245 diuino
562 2189 744 2258 humanaque,
772 2195 845 2251 ἴσως,
874 2206 934 2240 non
959 2191 1056 2240 minus
1080 2189 1134 2242 illa
1150 2207 1237 2260 quam

41 2254 106 2310 baec.
117 2263 152 2314 cf.
163 2261 199 2314 ad
209 2264 236 2326 3,
248 2265 292 2326 17,
304 2265 326 2318 1.
347 2261 382 2318 G.
392 2263 418 2316 5.
429 2279 457 2314 n.
469 2263 494 2317 8.
513 2261 585 2338 Agr.
599 2264 644 2315 lo.
659 2261 724 2316 116.
745 2267 775 2312 et
792 2256 963 2314 liamsborn.
974 2257 1072 2314 Gram.
1092 2275 1121 2330 p.
1131 2261 1193 2315 622
1204 2291 1236 2302 ·-

41 2327 169 2398 obtegens:
195 2331 545 2398 „dissimulans„velans.
566 2331 671 2384 Graeci
695 2324 895 2398 ἀποκρύπτειν,
913 2344 966 2380 nos
984 2329 1235 2394 verdunkeln,

41 2399 130 2466 lacere,
148 2411 181 2454 ut
200 2419 260 2456 non
277 2403 402 2503 amplius
420 2401 491 2474 quid
510 2403 614 2468 valeat,
632 2399 740 2454 honori
758 2399 882 2468 alieuius
901 2399 1051 2481 derogare.
1084 2399 1128 2452 De
1146 2416 1179 2452 re
1197 2403 1236 2452 cf.

42 2467 106 2526 Suet.
122 2471 185 2526 Tib.
207 2475 251 2530 63.
270 2473 338 2530 os.‘
359 2471 465 2528 Woltloi
503 2473 549 2529 Cf.
572 2472 607 2525 ad
624 2475 651 2538 4,
671 2473 698 2538 1,
716 2474 744 2526 3.
764 2499 797 2508 -
832 2469 890 2525 Sed
912 2469 1067 2524 remedsom
1089 2469 1238 2524 conemur·

43 2571 67 2580 -
82 2545 249 2610 mandatam,
268 2561 327 2598 non
345 2545 527 2598 curatoribus
545 2543 622 2596 alvei
640 2541 783 2608 Tiberini,
803 2539 843 2605 (v.
863 2539 941 2596 Suet.
961 2541 987 2594 A
1029 2575 1036 2590 ·
1056 2541 1115 2606 37.)
1133 2541 1236 2612 quibus

41 2627 97 2666 tura
119 2623 232 2668 tantum
257 2615 400 2692 purgandi
423 2615 502 2668 alvei
530 2613 683 2667 commissa
706 2613 831 2668 videtur.
869 2611 914 2668 cf.
934 2628 995 2682 cap.
1033 2615 1114 2684 lpr.
1133 2620 1163 2668 et
1180 2611 1236 2680 Dio

41 2683 76 2744 tt,
95 2688 132 2740 ll.
151 2687 203 2756 qui
222 2693 319 2740 tamen
336 2685 392 2740 hoc
410 2685 539 2756 quinque
558 2685 632 2738 viris
652 2683 819 2738 mandatum
837 2681 918 2738 dicit.
1184 2717 1191 2730 ·

96 2775 121 2828 7.
145 2773 286 2828 Aetnam
303 2783 396 2840 „tune
412 2773 535 2828 Romani
553 2771 737 2854 appellabant
755 2771 906 2826 Graeciam
933 2779 1033 2826 totam.
1058 2791 1086 2828 v.
1106 2769 1185 2828 Suid.
1206 2791 1235 2826 a.

39 2835 116 2908 Ἀχαΐα
133 2855 161 2899 et
178 2846 298 2901 Pausau.
318 2849 344 2911 t,
364 2845 407 2900 lb.
426 2843 525 2898 extr-.“
542 2841 621 2910 Lapa.
657 2840 796 2896 Actaeam
812 2857 848 2894 nc
863 2842 1065 2898 Macedonium
1082 2859 1170 2897 onero
1188 2843 1237 2898 ds·

39 2922 169 2977 precedes
187 2917 281 2970 leucri
298 2915 481 2984 inpressam
500 2913 540 2969 (v.
553 2915 588 2966 ad
606 2919 633 2978 l,
650 2917 677 2982 1,
692 2913 730 2978 1.)
745 2913 948 2982 proconsulari
965 2913 1085 2983 imperio
1103 2913 1236 2984 trudique

41 2983 145 3042 eurora·
158 2987 288 3056 placuito
306 3004 372 3040 nam
389 2985 507 3040 meliori
525 2983 692 3038 conditione
701 2993 785 3039 erant
794 2984 965 3054 provinciae
977 2985 1132 3039 Caesarum
1149 3001 1235 3055 quam

41 3065 138 3110 unctus
156 3067 187 3112 et
203 3057 325 3129 pepuli,
343 3057 412 3110 Ern.
449 3055 602 3122 „Primum
618 3054 827 3178 proconsulare
845 3055 1002 3124 imperium
1020 3062 1084 3110 erat
1107 3073 1236 3110 annuam

41 3125 97 3188 (llio
112 3133 156 3196 ta,
168 3131 229 3192 la.)
246 3136 276 3182 et
293 3128 447 3198 quotannis
464 3125 618 3196 provincia
634 3125 696 3196 'bus
714 3124 853 3178 afferebat
869 3125 1017 3179 molestias
1035 3141 1101 3178 cum
1120 3143 1235 3179 accessu

40 3201 95 3250 navi
111 3201 236 3254 rectoris
254 3199 437 3264 coniunctas,
466 3195 596 3250 Caesaris
614 3203 711 3250 autem
732 3197 952 3266 provinciarum
968 3195 1149 3266 praesidibus
1188 3213 1236 3250 ro·

40 3273 134 3324 contio
151 3273 184 3324 iu
202 3269 304 3340 plures
322 3282 410 3323 annos
428 3267 624 3344 delegabatur.
660 3266 753 3334 Quare
771 3265 911 3336 Iosephus
928 3266 962 3324 A.
981 3265 1008 3322 J.
1028 3269 1073 3332 18,
1091 3268 1117 3324 8.
1150 3213 1187 3320 ql}

40 3337 102 3394 nuru
123 3340 327 3396 mutinuandis
352 3339 516 3415 legatorum
541 3337 674 3409 imperiis
700 3355 821 3408 parcere
849 3338 934 3391 sociis
960 3345 989 3392 et
1005 3337 1235 3408 provincialibus

40 3407 104 3466 dicit.
121 3411 198 3466 'lum
217 3411 424 3482 proconsulum
442 3411 597 3464 comitatus
614 3410 808 3479 frequentior,
829 3409 974 3476 ornatior,
990 3407 1178 3479 splendidior,
1206 3418 1236 3463 et

40 3495 110 3534 ama
135 3483 203 3536 inde
229 3481 419 3536 redundantia
445 3482 478 3534 in
494 3479 666 3552 lprerincias
712 3480 835 3535 rariora.
879 3480 941 3532 Nec
967 3479 1130 3545 tacendum,
1158 3480 1235 3548 quod

39 3553 211 3617 proconsules
240 3561 318 3606 sorte
344 3553 425 3604 ibant
452 3553 483 3604 in
500 3499 805 3622 provinciasfcamr·
821 3550 932 3674 loqutus
950 3549 1104 3674 deligebat.
1141 3549 1186 3604 ct.
1205 3553 1233 3614 2,

39 3623 72 3676 ll.
104 3624 172 3678 lnde
199 3621 319 3678 fortuiti
344 3622 414 3676 boui
439 3622 600 3694 praesidem
627 3619 698 3674 hinc
722 3639 769 3676 res
791 3638 849 3691 peu
869 3621 987 3676 ebante
1030 3623 1136 3674 aesaris
1155 3638 1233 3675 cura.

39 3689 115 3758 bono
130 3696 281 3772 Aug-ustus
300 3711 388 3764 qutun
406 3690 490 3747 Asiae
515 3693 686 3762 provinciae
704 3700 801 3746 terrae
827 3691 952 3746 motibus
970 3690 1098 3745 afflictae
1116 3707 1235 3746 succur-

38 3779 91 3818 rere
112 3767 215 3832 rellet,
240 3763 323 3818 misit
347 3763 509 3836 praesidem
534 3763 686 3838 suffragio,
714 3779 773 3820 non
794 3771 876 3817 sorte
893 3761 1002 3816 lectum
1019 3761 1055 3816 ad
1072 3762 1232 3818 biennium.

38 3829 81 3886 llio
97 3839 140 3902 54,
158 3843 205 3895 3ο.
242 3835 384 3905 Denique,
455 3835 491 3888 od
516 3833 701 3904 potissimum
726 3834 914 3901 est,.Gaesar
939 3833 1039 3904 plures
1065 3833 1233 3903 provincias

36 3919 183 3972 perunum
203 3907 333 3984 legatum
350 3853 478 3982 rogabit,
500 3903 604 3975 quibus
622 3905 648 3958 si
724 3906 731 3918 ⁰
763 3912 830 3958 ante
847 3903 1036 3976 proconsules
1054 3906 1172 3958 fueraut
1188 3905 1234 3956 fe·

35 3977 114 4034 rendi.
149 3980 250 4050 anue
268 3977 380 4032 ratione
401 3985 464 4030 tum
482 3975 647 4030 lmobantar
691 3973 775 4029 doio
791 3991 826 4030 oc
842 3974 1021 4030 Macedonio.
1041 3974 1086 4030 ct.
1106 3991 1167 4044 cap·
1187 3977 1231 4030 so.

36 4053 59 4096 tt
74 4051 99 4114 i,
116 4050 181 4108 1⁰.“
204 4045 311 4104 Woltls.
336 4046 495 4114 „Facilior¹
511 4047 600 4100 etiam
619 4045 793 4102 iniuriarum
809 4047 885 4100 ultio
904 4045 936 4100 in
954 4044 1058 4129 legatis
1078 4043 1230 4099 Caesarum

36 4133 111 4244 quelq
125 4121 157 4176 iu
174 4117 406 4242 procoplqnlibus.
432 4118 468 4242 pn
481 4115 533 4240 ‘llis
551 4115 1106 4242 '²¹5⁸·⁰⁸nd,i,⁵„i,¹,¹,di⁰im¹,¹i,mqu¹r·⁰tbss{f
1123 4115 1232 4240 qtleqi·

37 4203 126 4334 ,ts
144 4199 583 4324 ...uusR
605 4203 801 4340 uene
838 4187 1232 4325 missust...

1188 3268 1330 3322 be-.

1210 4201 1230 4240 n
1311 4225 1316 4232 .
