2774 4784
221 293 225 298 .
287 233 522 299 LIBRORUM
542 233 707 300 TACITI.
751 235 778 318 ξ.
800 235 861 298 XI.
903 301 907 316 Ι
1122 235 1190 290 uu

41 399 165 472 omum
174 431 187 486 ‚-
213 405 241 496 1,
266 404 327 480 29.
381 398 567 478 Occidere
591 395 696 498 apud
729 399 848 474 bonus
873 405 1192 500 manumissorum

41 507 75 570 ot
88 521 171 596 uuam
187 503 329 598 perira,·
360 505 391 596 1,
417 503 476 580 30.
504 501 727 589 Falluntnr‚
753 501 887 598 autibus
918 503 1076 576 bunuaria
1107 527 1190 602 spe-

39 603 71 670 o'e
91 601 288 675 liberalitatis
312 603 487 698 imponit:
526 601 691 700 perdere
716 605 921 693 tricarici,
956 602 1102 677 donare
1127 627 1191 678 ne-

37 703 109 788 ntet5
129 707 153 794 l,
175 706 225 780 72.
273 700 473 778 Passiones
508 706 664 802 pisper
699 699 908 800 diffidentia
936 709 1193 802 praesentium
1293 779 1295 786 ,

38 806 210 874 mutationum
238 825 380 902 pavana
415 802 602 876 adversm
623 803 812 902 publicum
845 801 971 877 odium
1003 812 1191 902 priuatam

37 907 144 997 pulian
172 911 387 1002 praeparat,
426 903 527 978 unda
560 905 669 977 realta
701 908 937 978 maecenates
971 927 1081 997 mura,
1123 907 1194 982 sed

38 1005 94 1072 atreo
116 1008 322 1102 impumtatis
330 1031 346 1094 ‚·
382 1009 414 1098 1,
439 1009 498 1083 73.
550 1003 724 1078 Pecunia
749 1012 788 1078 et
811 1005 954 1080 orbitas
980 1007 1086 1080 bonis
1110 1032 1192 1081 ma·

37 1101 110 1197 boum
128 1106 338 1202 temporibus
364 1107 474 1178 inacta
507 1106 647 1194 valam,
674 1111 711 1200 2,
735 1109 794 1184 32.
838 1109 1004 1184 Panemo
1027 1107 1192 1184 sotatur

35 1203 100 1292 torro
118 1209 146 1294 4,
167 1210 219 1283 74,
270 1206 421 1278 Arnum
445 1211 485 1278 et
508 1229 598 1304 opes
620 1209 852 1305 praecipuae
878 1207 1065 1282 brutorum
1097 1231 1190 1284 cau-

34 1323 85 1388 ue,·
104 1307 140 1378 H.
162 1307 192 1400 2
216 1311 275 1385 211.
302 1303 428 1382 Insita
448 1307 669 1380 mortalibus
702 1313 1070 1396 nonsummum
1096 1311 1192 1384 alio-

34 1423 82 1472 un
107 1405 303 1499 salamiam
343 1411 474 1506 aegris
517 1408 638 1482 oculis
680 1411 927 1506 introspicere
972 1409 1193 1510 nudamque

31 1503 195 1594 immacu
223 1509 340 1580 nullis
363 1509 487 1606 magis
521 1511 692 1606 erigere,
734 1531 845 1607 auam
880 1531 975 1608 quos
1008 1515 1047 1584 in
1072 1535 1191 1612 aequo

33 1599 128 1692 o'lcee,¹
141 1609 171 1699 4,
185 1611 216 1686 6.
249 1607 396 1696 Variis,
411 1625 454 1682 uu
473 1609 763 1684 sunttuominum
774 1613 942 1710 ingenia,
960 1613 1193 1687 sermonibus

32 1701 252 1780 obturationem
270 1705 513 1781 laudantium
537 1715 608 1782 aut
626 1715 874 1783 constantiam
899 1717 1192 1810 reprobantium
1289 1756 1296 1762 ·

33 1805 50 1890 l,
66 1806 103 1879 12
143 1803 328 1906 ldsenopla
364 1805 504 1882 diutins
537 1807 679 1884 durant
709 1833 821 1908 quum
853 1835 978 1886 mores
986 1845 1002 1901 ,·
1040 1819 1128 1914 Agr.
1160 1820 1189 1893 l.

35 1897 143 1977 lutum
170 1907 300 1982 isdem
332 1910 558 2007 temporibus
597 1913 732 2008 optione
756 1916 1018 2004 matinantur,
1060 1915 1192 2012 emtus

28 2001 149 2092 11111132
165 2011 399 2110 gignianum,-
424 2016 459 2088 2.
486 2007 582 2084 Noa
608 2018 683 2084 tam
707 2015 745 2084 ia
765 2017 901 2087 nostra
922 2021 1110 2112 potestate
1135 2024 1195 2090 est

30 2101 140 2180 abaci
158 2133 266 2207 queam
292 2116 419 2184 tacere
428 2141 443 2198 ,·
479 2113 513 2189 3.
566 2107 725 2186 Natura
757 2117 981 2213 nufimuitatis
1006 2117 1191 2190 bunmnac

29 2202 144 2281 tardae
164 2218 252 2285 sumt
273 2209 440 2284 remedia
466 2231 577 2310 quam
600 2213 718 2302 mala,
753 2221 792 2288 et
822 2221 867 2286 nt
898 2235 1065 2314 cannara
1092 2219 1189 2291 kata

28 2319 188 2402 nausearet,
213 2315 288 2385 cito
314 2316 624 2412 oasaoguuono,
650 2317 707 2386 sic
731 2317 886 2416 ingenia
909 2315 1108 2414 studiaque
1125 2341 1190 2416 op-

25 2413 153 2495 persecu
173 2415 328 2510 facilius
353 2433 465 2510 paam
489 2419 746 2492 revocaveris..
779 2411 906 2489 Subiit
929 2420 1064 2516 quippe
1081 2425 1192 2492 ctiam

27 2505 264 2596 athamantico
291 2511 467 2604 dulcedo,
510 2522 550 2589 et
570 2519 692 2589 invisa
713 2519 835 2614 primo
862 2513 1009 2595 desidia
1037 2525 1190 2616 postre-

26 2627 57 2676 tu
73 2618 219 2703 matam
243 2615 281 2692 6.
309 2615 358 2692 In
383 2615 483 2688 bona
506 2639 631 2690 uaore
650 2623 753 2690 tanto
772 2621 895 2691 maior
920 2620 1021 2708 taus,
1049 2627 1190 2718 quanto
1224 2690 1228 2713 ,

26 2709 133 2785 auam
150 2717 236 2812 plus
263 2716 400 2814 calpae
426 2721 505 2806 est,·
529 2721 589 2795 21.
635 2713 819 2792 Oanou'en‘a
852 2717 1100 2794 delenimenta
1138 2727 1188 2796 ai-

26 2811 129 2900 liam,-
151 2819 207 2895 22.
249 2817 460 2892 Honestius
493 2824 553 2890 est
584 2817 777 2915 offendero
811 2841 923 2918 quam
954 2819 1094 2911 odisse,
1129 2829 1187 2901 42.

26 2903 175 3007 Proprium
196 2918 353 2994 tunam
374 2921 518 3018 ingenii
550 2925 611 2991 est
634 2918 759 2994 odisse
784 2941 892 3019 anem
919 2923 1077 2994 laeseris
1085 2955 1102 3010 ‚-
1129 2926 1187 3001 33.

25 3007 139 3089 Honesta
153 3041 255 3092 mars
282 3023 385 3118 turpi
395 3023 635 3117 aitapotior,·
648 3023 693 3098 Ο.
708 3023 762 3098 13.
790 3021 958 3120 attagen·
973 3022 1189 3098 adulatione
1210 3041 1228 3064 ·“

25 3119 323 3214 introeuntibus
347 3142 509 3220 nuptam
533 3123 628 3194 sans
652 3123 755 3195 sarri
785 3121 959 3196 maenaa
987 3144 1058 3196 nec
1082 3123 1189 3198 nobas

25 3216 77 3284 'tbi
96 3219 212 3308 liberi,·
240 3225 288 3298 G.
304 3223 365 3298 26.
398 3219 586 3322 Ignotum
606 3223 731 3321 magis
756 3229 934 3296 seruabar
961 3245 1072 3324 queam
1096 3229 1189 3300 ueti-

25 3311 82 3402 tun·
106 3324 155 3398 27.
206 3323 369 3421 Lagare
399 3323 550 3420 sommis
581 3323 790 3410 honestum,
829 3329 922 3397 airis
955 3330 1163 3400 ruminasse
1172 3359 1188 3414 ,-

25 3414 47 3484 θ.
63 3423 87 3494 b.
128 3424 288 3499 Divitias
322 3428 363 3496 et
398 3445 489 3521 opes
518 3425 676 3520 facilu'uus
710 3425 876 3498 invenies
910 3429 975 3525 pa
1004 3431 1192 3526 oiauperet

25 3529 89 3603 aaa
107 3525 165 3619 quui
183 3521 385 3622 fastidiam
415 3527 471 3602 12.
498 3525 611 3602 autu
635 3521 733 3598 illud
756 3531 796 3598 et
814 3549 971 3600 aureum
995 3529 1188 3602 suendum

26 3619 219 3698 lautorum
252 3631 297 3698 et
318 3627 511 3698 mutinam
534 3628 644 3723 inops
665 3629 789 3724 poetes
822 3635 860 3701 et
888 3628 1036 3706 celibum
1068 3629 1187 3704 atum

26 3707 101 3808 lan,
122 3729 184 3823 qai
204 3725 302 3800 bene
326 3729 433 3824 facta
458 3733 651 3816 canerent,
685 3749 762 3800 non
796 3733 861 3826 qiui
890 3730 989 3804 male
1022 3727 1189 3810 admissa
1226 3803 1233 3822 .

26 3809 231 3914 &timaeum
256 3829 321 3904 23.
376 3823 510 3924 Prope
543 3827 651 3902 abest
678 3827 726 3902 ab
763 3833 989 3929 infirnuitate,
1030 3834 1070 3904 in
1114 3853 1220 3930 quos

27 3917 70 3990 tlt
86 3931 217 4001 sanatas
244 3923 429 4000 mutuum
437 3957 454 4016 ,-
479 3929 538 4006 37.
573 3929 803 4026 Eloquentia
827 3953 900 4030 quo
926 3936 1097 4007 acriores
1119 3957 1188 4030 pn-

27 4037 81 4108 μιν
98 4027 160 4100 sibi
185 4033 276 4125 ipsa
313 4025 574 4126 desumpserit,
601 4035 705 4106 tauto
737 4031 852 4108 altior
876 4073 928 4088 -·
951 4036 991 4105 in
1024 4055 1090 4106 ore
1124 4034 1188 4110 ba-

28 4121 107 4196 ·bun
132 4133 227 4230 ogit,
263 4151 425 4227 quorum
454 4153 501 4206 aa
531 4137 672 4206 reaturo
703 4135 771 4226 est,
802 4149 848 4208 aa
872 4155 1010 4212 secura
1040 4133 1162 4210 nolint
1170 4165 1187 4221 ,-

30 4217 55 4290 ll.
89 4223 242 4305 Panum
265 4227 497 4307 danaorum
521 4229 575 4306 ad
597 4229 839 4308 incessendos
851 4237 1044 4333 principes
1069 4237 1187 4322 uiros,
