2762 4788
103 186 339 252 LIBRORUM
359 188 389 252 A
411 185 577 253 Tacito
599 187 924 260 thhcATotttJM.
945 192 972 278 §.
988 193 1114 260 XXIX.
1158 193 1235 252 GVH

108 358 142 428 7.
178 353 391 430 Tauricana
414 361 455 430 in
480 357 650 432 biblioth.
678 359 850 434 Carolina
872 363 963 460 Rep.
989 365 1105 455 1156.
1133 368 1233 440 char-

26 469 146 546 haeae,
182 456 322 528 formae
353 460 506 530 maioris
538 470 576 531 et
608 461 725 534 bonae
758 473 877 556 notae,
920 467 960 537 in
995 469 1099 538 cuius
1137 467 1233 540 calce

24 558 162 650 legitur:
194 553 477 662 Transcriptam
500 581 607 632 mana
630 559 738 636 Petri
763 559 957 660 aeaego·
984 565 1234 658 Treccrcnaia

24 654 364 831 eopelllpiofflaocti
387 655 603 734 Lccaltardi
638 683 764 764 prope
802 661 996 760 Taregsm,
1034 687 1130 742 amco
1156 665 1233 742 Do-

23 779 93 830 mo
257 811 265 828 .

104 857 143 932 8.
179 853 388 930 Vaticanus
422 855 530 950 1518.
564 862 866 935 membranaceus
899 863 999 936 Saec.
1032 867 1135 940 XIV.
1188 861 1232 942 G.

23 955 125 1032 Gom.
162 953 287 1030 Taciti
310 954 489 1055 dialogus
522 957 568 1034 dc
602 959 828 1038 aratoribus,
882 960 926 1038 G.
955 961 1069 1041 coru.
1110 963 1234 1040 Taciti

22 1055 233 1152 torigia
256 1069 293 1130 ct
319 1058 395 1130 cita
422 1057 679 1134 Germaoamm
705 1059 863 1138 titettas.

103 1158 143 1231 9.
188 1153 400 1230 Vaticanus
433 1158 541 1233 1862.
583 1163 883 1235 membranaceus
926 1161 1026 1237 Saec.
1049 1167 1132 1239 XV.
1186 1159 1230 1240 G.

22 1253 134 1330 Com·
161 1253 286 1330 Taciti
310 1253 358 1329 dc
383 1259 531 1354 origine
557 1274 594 1333 ct
619 1263 694 1359 cita
721 1259 989 1337 Germanorum.
1043 1261 1087 1340 G.
1117 1259 1231 1339 Gora.

25 1355 139 1430 Taciti
165 1354 356 1453 Dialogus
381 1355 427 1432 de
455 1359 694 1434 Oratoribus.

107 1457 169 1532 10.
212 1455 420 1530 Vaticanus
453 1457 562 1534 2964.
613 1461 820 1534 chartaceus
854 1462 953 1535 Sacc.
979 1463 1063 1538 XV.
1117 1459 1231 1538 Gora.

24 1555 169 1630 Tacitus
194 1553 242 1630 de
267 1557 416 1653 origine
448 1571 486 1634 et
519 1561 596 1634 cita
629 1559 896 1635 Gamaoomm.
948 1561 1048 1638 Pars
1071 1557 1234 1658 Diatogi

18 1655 55 1728 de
75 1653 299 1730 oratoribus
324 1658 412 1730 inde
436 1683 458 1730 a
481 1661 604 1734 verbis
629 1685 706 1756 cap.
733 1661 791 1736 26.
845 1661 935 1760 Ego
961 1675 1080 1737 aalma
1101 1681 1232 1764 exape-

19 1755 168 1838 ctaban,
203 1768 245 1826 ut
270 1757 439 1831 incocto
465 1758 600 1832 Asinio
626 1771 692 1832 cet.
1031 1778 1036 1786 '

105 1855 166 1929 ll.
202 1852 411 1930 Vaticana
435 1855 546 1935 4498.
573 1861 874 1933 membranaceus
901 1859 1001 1935 Saea.
1024 1861 1107 1936 XV.
1134 1883 1231 1955 egre-

17 1955 884 2154 ΗΡἪΝῊ
925 1957 1234 2154 211111ἕὲ

21 2151 255 2230 Oratoribus.
282 2195 332 2209 ·-
361 2153 515 2232 Tacitus
539 2153 587 2230 de
612 2158 760 2254 origine
791 2171 828 2232 ct
851 2159 937 2232 aaa
963 2157 1231 2234 (lemanem

19 2254 79 2332 Qui
103 2254 226 2327 codex
250 2279 327 2328 non
352 2256 511 2352 amplius
536 2259 720 2354 reperitur
743 2260 784 2330 in
810 2257 983 2331 biblioth.
997 2258 1171 2330 Vaticana
1196 2267 1233 2330 et

18 2351 156 2426 sortasse
182 2355 225 2426 in
250 2355 374 2450 aliquo
400 2358 479 2428 cius
504 2359 637 2452 angulo
664 2357 853 2430 delitescit.

100 2455 155 2528 Hi
185 2455 329 2528 codices
355 2458 599 2530 recentissinn'
624 2469 720 2547 sunt,
746 2458 873 2553 sciipti
905 2457 1016 2554 paulo
1054 2467 1136 2529 astte
1170 2467 1233 2529 aot

16 2565 87 2646 post
111 2557 309 2628 inventam
333 2565 450 2628 artem
474 2557 789 2653 typographicam,
815 2569 851 2630 et
876 2582 921 2630 ex
938 2557 1125 2654 plerisque
1142 2581 1231 2652 pau-

13 2677 63 2724 cas
86 2665 237 2727 uotam
269 2655 437 2730 lectionis
470 2657 733 2752 discrepantias
766 2681 977 2754 excerpsere
1010 2659 1081 2730 viri
1114 2656 1232 2746 docti,

14 2777 66 2823 sex
90 2781 112 2826 e
137 2754 369 2828 Famesiano
389 2755 552 2851 Lipsius,
579 2757 684 2832 XXI.
712 2781 757 2829 ex
781 2756 1044 2852 Stuttgaffiaoo
1065 2755 1233 2830 Seebod‘e
1277 2845 1282 2857 Ι

12 2853 163 2927 iobihl.
193 2857 271 2928 crit.
299 2880 331 2927 a·
362 2857 467 2931 lala
493 2880 532 2952 p
557 2857 631 2932 297
657 2881 710 2952 sq.
738 2867 777 2929 et
798 2858 838 2929 in
864 2857 1123 2951 Promptuarie
1148 2856 1232 2950 phi-

12 2951 64 3023 lol.
91 2955 255 3044 (Aschiv
279 2955 339 3028 fiir
365 2951 518 3044 Philol.)
544 2981 575 3027 a.
606 2955 711 3032 1824.
738 2955 769 3048 I,
802 2955 835 3030 4.
862 2981 897 3051 p.
925 2957 1008 3033 682.
1036 2955 1161 3050 places
1186 2979 1233 3026 ex

11 3055 260 3128 ,lfaodeliaoo
287 3057 316 3128 1.
344 3056 404 3130 tr.
431 3066 469 3127 et
492 3055 582 3128 Abr.
611 3055 801 3147 Gronovii,
826 3055 962 3128 multas
988 3053 1253 3144 collamber-¹

12 3158 104 3246 gensi
133 3153 296 3246 Medius,
322 3153 526 3251 permultas
560 3179 604 3226 ex
631 3157 825 3228 Turicensi
851 3157 880 3230 1.
908 3158 937 3227 1.
963 3154 1167 3248 Breitinger
1191 3156 1232 3225 in
1340 3211 1343 3216 ,

11 3277 114 3326 usam
154 3255 319 3327 Emestii
356 3265 394 3326 ct
433 3253 620 3342 Secbodii‚
667 3254 846 3350 plurimas
882 3280 927 3328 ex
964 3254 1230 3327 Hummeliano

12 3351 211 3449 longolius
250 3365 287 3426 et
318 3357 400 3450 ipse
433 3353 626 3426 Hummel‘.
658 3357 699 3425 in
724 3355 895 3428 biblioth.
927 3354 1109 3428 librorum
1135 3377 1230 3425 raro-

11 3476 84 3524 rum
112 3456 374 3550 rariommque
397 3452 566 3528 Norimb.
597 3454 701 3528 1776.
728 3455 772 3526 Τ.
800 3458 831 3546 l,
856 3455 891 3527 2.
917 3479 953 3550 p.
980 3455 1054 3528 212
1079 3479 1153 3550 sq„
1186 3477 1231 3525 cx

11 3551 235 3649 longolimo
268 3553 371 3628 idem
395 3553 607 3649 Longolius.
634 3555 675 3626 io-
705 3554 761 3626 od
798 3555 928 3644 Taciti,
969 3579 1015 3626 es
1044 3553 1233 3628 Vaticanis

12 3651 205 3744 Bmterias,
231 3677 362 3728 omnes
388 3678 475 3726 saro
501 3679 521 3726 e
548 3655 743 3728 Tuticansi
768 3655 849 3728 bola
866 3653 982 3750 Gasp.
1002 3651 1165 3725 Ocelhtis
1190 3655 1233 3724 io

13 3751 131 3850 Progr.
160 3753 261 3850 qood
287 3755 508 3850 inscriptam
534 3764 607 3826 ost:
636 3751 832 3854 Synhalus
856 3753 942 3826 orit.
971 3767 1008 3826 et
1030 3747 1163 3855 philol.
1192 3752 1231 3826 itt

13 3849 48 3926 C.
75 3851 198 3930 Gara.
229 3849 357 3928 Taciti
383 3851 612 3930 Gammae
649 3877 670 3926 c
702 3850 830 3927 codice
858 3853 1087 3960 pcacaarttto
1125 3851 1231 3928 Turi

12 3953 115 4044 anet,
152 3950 281 4028 Tarici
306 3953 414 4028 1819.
440 3955 478 4029 4.
530 3953 701 4028 Vaticani·
734 3952 870 4047 glossis·
902 3963 1048 4043 scateat,
1090 3955 1232 4048 etipse

13 4051 181 4126 librarian
206 4055 285 4126 cod.
317 4053 420 4129 1862.
447 4055 558 4126 dixit:
593 4075 671 4151 ego·
691 4065 833 4126 tactam
858 4055 989 4158 repert
1019 4065 1056 4125 ct
1089 4051 1229 4126 melim-

12 4149 123 4228 cabm
159 4152 245 4246 [cci.
296 4153 485 4227 Praeterea
520 4179 597 4226 noo
630 4154 758 4226 eadum
799 4155 916 4226 nobis
951 4153 1231 4249 suppeditarunt

14 4262 190 4348 excerpta,
225 4253 288 4346 qui
311 4251 386 4326 illis
411 4252 520 4329 MSS.
547 4255 605 4326 usi
631 4264 726 4343 sunt,
752 4277 785 4324 v.
813 4279 842 4326 c.
864 4253 903 4326 3.
931 4251 990 4328 36:
1022 4263 1058 4324 et
1082 4243 1128 4324 el.
1162 4269 1165 4274 ·
