2890 4790
165 151 268 276 'noo
413 265 418 274 ¹
604 179 849 249 innectunt
878 181 961 248 cro.
983 181 1044 250 ru.

23 273 25 320 t

23 349 28 429 Ι
209 353 245 416 ni
274 349 391 416 durius
413 354 603 432 conatuque
640 369 769 414 momen
805 368 902 411 muna
932 339 1042 432 pelam
1076 367 1139 432 pro
1171 351 1393 416 aoountoribnn

208 435 341 507 Censor,
372 435 490 496 irritae
517 433 618 520 leges,
653 431 917 514 rempublicam
944 435 980 494 in
1005 433 1193 516 praecipiti,
1221 437 1393 518 conquestus

125 587 131 592 ,
207 527 311 582 esset:
334 517 567 580 subverterent
578 515 688 598 potius
699 516 786 594 inre,
808 533 904 604 quam
916 514 1068 578 custodes
1086 521 1203 578 cornui
1213 527 1393 580 emouerent.

207 601 264 664 Sic
285 601 462 676 delatores,
483 617 586 685 genno
611 597 783 660 hominnm
805 597 936 680 publico
956 601 1060 661 exitio
1080 605 1250 681 repertum
1277 609 1308 662 et
1330 619 1394 682 poe·

23 701 27 916 1
208 688 260 748 nis
282 682 413 766 quidem
434 699 599 784 nunquam
620 683 699 742 satis
720 683 913 758 coercitum,
934 701 996 765 per
1016 683 1165 764 praemio
1188 682 1393 746 eliciebantnr.
1421 741 1422 756 ,

23 1269 27 1348 l

23 1729 24 1760 l

23 1791 24 1824 l

241 825 246 832 .
280 789 306 842 1.
335 789 365 836 nt
384 781 505 837 Serenus
522 795 599 833 more
615 779 757 834 ninneton
769 781 932 848 puniretar,
950 800 979 838 v.
999 780 1035 836 ad
1051 783 1080 848 3,
1097 783 1142 848 31,
1159 783 1187 838 3.
1207 811 1240 824 -
1274 799 1324 852 auo
1338 784 1395 836 not·

208 857 276 912 tiret
295 855 442 918 inuidiam,
460 860 494 905 ut
512 869 574 907 um
592 853 748 908 minueret.
765 851 814 906 of.
833 852 870 906 ad
888 857 932 918 lt,
950 855 996 910 36.
1015 855 1059 920 14,
1080 856 1122 910 14.
1142 861 1172 907 et
1188 851 1259 930 Agr·
1278 858 1317 912 18.
1339 857 1394 911 ni

208 961 242 976 ..-
261 926 423 983 intercessit
441 925 505 978 iure
523 922 697 978 tribuniciae
714 925 882 992 potestatis,
900 921 978 992 Lipe.
996 955 1028 966 -
1066 923 1166 978 Gallae
1183 924 1311 992 Atiniae,
1328 944 1353 980 v.
1369 925 1396 978 ad

208 1001 299 1066 1,13,
324 1001 351 1055 3.
376 1005 406 1052 et
431 997 458 1062 3,
486 995 531 1060 ib,
553 998 578 1050 1.
603 1027 636 1038 -
673 993 767 1064 Gyaro
791 999 841 1046 coe
859 993 986 1062 Donueo,
1009 993 1183 1064 Cycladibus
1200 995 1313 1062 inedie,
1335 996 1397 1048 clou-

208 1071 337 1134 dendnm,
356 1069 395 1122 ci.
414 1065 494 1132 adl,
513 1069 541 1131 3,
560 1065 586 1122 6.
606 1065 687 1120 etde
706 1064 769 1130 illie
788 1065 892 1118 insulis
904 1064 1006 1134 liepne
1024 1065 1060 1120 ad
1077 1067 1130 1120 Vir
1153 1065 1242 1122 .Aen.
1261 1069 1394 1134 3135.-

207 1141 392 1197 cioudendnm
427 1153 491 1191 uum
510 1141 633 1189 ceneeret
653 1135 714 1192 ete,
734 1135 782 1194 Ob.
801 1135 873 1192 tun.
889 1137 979 1190 Bekk.
993 1136 1097 1192 lliesal.
1160 1135 1233 1192 alth.
1252 1155 1287 1192 ex
1303 1137 1394 1194 emend

150 1197 153 1216 ⁶
207 1217 282 1268 Mur.
302 1221 332 1266 et
347 1209 393 1282 ny
434 1251 440 1266 .
477 1207 659 1262 claudendum
676 1213 807 1260 cenneret.
844 1207 881 1260 Id
899 1225 1005 1279 quoqne
1023 1205 1080 1264 MS.
1106 1217 1136 1262 et
1153 1209 1216 1264 edd.
1235 1217 1292 1265 vet
1319 1207 1394 1262 cloud.

207 1301 330 1339 contere.
367 1283 403 1335 ld
428 1297 453 1352 p.
479 1279 522 1334 ed.
550 1279 632 1333 Brot.
660 1293 676 1332 e
700 1278 776 1332 coni.
801 1278 905 1348 Lipsii.
942 1279 1032 1332 cloud.
1057 1287 1213 1334 cenmernt.
1233 1280 1269 1334 ld
1286 1298 1311 1351 q.
1334 1297 1395 1333 corr.

206 1357 294 1414 tinet.
315 1362 343 1410 et
360 1353 433 1407 Ern.
454 1351 492 1406 Ut
511 1351 610 1405 Goltue
629 1381 660 1392 -
680 1349 771 1402 ctond.
791 1356 946 1418 censuerat,
964 1349 997 1404 id
1014 1367 1039 1420 p·
1058 1349 1198 1418 Faernus,
1218 1351 1298 1406 Golto
1310 1351 1395 1404 :trinio

208 1455 243 1468 ·-
268 1425 358 1480 claud.
386 1429 513 1478 censente
534 1419 626 1493 llyck.
650 1419 755 1474 Goltoo
774 1419 809 1473 A.
836 1421 939 1490 Gyaro,
973 1421 1058 1476 Cotto
1082 1421 1202 1478 Donusa
1234 1423 1396 1477 claudendus

207 1499 345 1554 omnm.
366 1496 402 1550 ld
438 1533 445 1548 .
469 1492 602 1547 Freinsh.
623 1521 654 1534 -
692 1491 739 1544 Ita
765 1491 885 1545 Serenus
911 1494 1066 1562 Amorgum
1088 1501 1264 1564 reportatur,
1293 1495 1328 1550 cf.
1347 1511 1394 1564 cap.

210 1575 253 1628 13.
274 1578 303 1624 et
322 1566 384 1620 Iud.
404 1514 456 1622 ldt.
477 1584 503 1618 v.
524 1561 644 1633 Eilipet'e
662 1561 833 1632 stoepoeitt.
858 1563 894 1620 N.
910 1567 957 1634 17.

278 1643 304 1698 3.
325 1639 362 1694 Et
399 1638 449 1690 oia
463 1635 605 1690 Caecilius
619 1631 759 1688 Cornutus
777 1637 817 1700 (v.
830 1653 890 1706 cap.
909 1635 966 1702 38.)
985 1652 1037 1690 eno
1050 1652 1135 1690 monn
1153 1636 1304 1704 ceciderat,
1323 1645 1396 1692 onan

208 1715 240 1766 in
260 1717 359 1766 senatu
377 1656 410 1762 de
426 1707 563 1776 praemiis
581 1713 776 1759 accusatorum
793 1707 938 1760 obolendie
949 1708 1176 1776 —prieonr‘eeete
1196 1711 1252 1780 Qui
1270 1719 1395 1764 accuens

208 1791 271 1839 erat
289 1789 319 1836 et
337 1779 494 1845 damnatore,
515 1779 575 1832 eius
601 1777 673 1832 bona
716 1775 927 1843 ublicabantur,
954 1777 998 1843 (r.
1018 1781 1044 1846 4,
1062 1784 1106 1838 30.
1146 1799 1170 1836 r.
1191 1789 1222 1836 et
1238 1783 1265 1846 6,
1282 1780 1339 1848 33.)
1359 1778 1396 1832 sei

207 1861 310 1928 quarta
326 1851 466 1905 bonorum
484 1865 551 1920 pars
571 1793 779 1902 concedebatur
801 1849 1021 1904 accusatoribus.
1049 1869 1078 1908 r.
1094 1863 1113 1906 'e
1150 1855 1177 1915 4,
1194 1853 1241 1917 36,
1259 1855 1300 1909 3.·
1321 1851 1397 1917 „llaec

206 1927 350 1980 bonorum
373 1921 533 1993 publicatio
560 1917 635 1990 apud
658 1919 791 1989 antiquos
817 1921 847 1974 in
875 1921 998 1974 crimine
1021 1929 1135 1976 tentum
1158 1923 1361 1994 perduellionis
1375 1927 1397 1974 et

206 1999 330 2051 fortasse
347 1991 502 2064 parricidii
519 1991 663 2057 exereitn;
689 2003 768 2060 ¹quoe
790 2005 881 2060 poene
900 1989 949 2062 sp.
968 1993 1071 2048 Maelio
1091 1993 1213 2056 indicti,
1239 1995 1287 2058 (r.
1304 1994 1360 2048 Lir-
1376 1995 1395 2055 4,

208 2067 264 2132 15.)
283 2064 465 2134 etlcioerqni
491 2082 507 2116 a
532 2061 643 2125 Clodio,
674 2063 711 2114 nt.
736 2063 844 2132 Lepido
868 2079 883 2115 a
909 2072 1018 2118 senatu.
1054 2063 1167 2118 Primus
1188 2066 1396 2136 publicationem

206 2139 348 2193 bonorum
367 2133 401 2188 nd
419 2135 515 2187 omnia
533 2133 657 2186 crimina
674 2131 790 2204 publica
806 2134 897 2186 traxit
915 2133 1029 2204 Caesar,
1052 2139 1103 2208 qni
1127 2151 1236 2205 pom
1260 2137 1396 2204 tenimenta

206 2209 299 2273 onnit,
327 2213 353 2261 et
373 2221 455 2276 poem
473 2205 620 2272 locupletet
637 2219 669 2256 eo
686 2203 804 2270 tantine
821 2204 925 2258 meere
942 2221 973 2258 ae
990 2207 1158 2276 obligarent,
1189 2209 1266 2278 qnod
1290 2207 1396 2276 turego·

205 2279 393 2352 patrimoniis
411 2275 585 2340 enentobnnt,
602 2275 781 2344 parricidae,
808 2281 841 2328 et
859 2275 958 2330 Cicero
977 2279 1089 2344 eet-ibit,
1106 2279 1190 2334 bonit
1208 2280 1340 2345 omnbus,
1361 2293 1396 2329 re·
1421 2313 1422 2316 ¹

126 2407 129 2412 .
206 2351 301 2422 iipttoe
325 2349 449 2404 dimidie
464 2355 548 2416 porte
565 2345 718 2412 nentctcoit,
742 2349 776 2399 ut
796 2345 873 2401 Suet.
900 2347 942 2400 nit
969 2347 1023 2406 Iul.
1043 2353 1086 2407 43.
1122 2349 1232 2404 Tenuit
1248 2368 1282 2406 ea
1298 2351 1342 2403 lex
1357 2347 1396 2400 snb

207 2425 345 2499 ernusto,
374 2422 425 2491 qui
449 2425 556 2484 tannen,
588 2435 676 2488 quum
698 2417 801 2470 multia
833 2417 973 2472 divitibus
995 2421 1045 2474 rel
1068 2422 1188 2476 dimidia
1215 2439 1283 2494 pane
1308 2421 1396 2474 nimiae

206 2503 304 2548 essent
321 2509 388 2564 opes
407 2497 436 2544 et
453 2491 565 2614 ἰιιῶριο
585 2489 689 2543 exsilio
707 2505 789 2543 cauea
808 2487 902 2555 luxus,
921 2489 1027 2558 sanxit,
1044 2494 1134 2545 nrt-iia
1149 2494 1293 2558 omnibus,
1311 2491 1396 2563 qrnibut

205 2582 280 2636 aque
297 2565 354 2619 eti
377 2563 409 2616 ni
426 2563 487 2614 inte
523 2559 624 2626 ictum,
643 2559 825 2630 (deportatis)
853 2575 912 2612 non
935 2559 1001 2630 plue
1026 2563 1174 2634 possidere
1200 2563 1308 2619 liceret
1327 2561 1397 2634 quin·

243 2637 302 2688 ntis
321 2637 360 2688 rni
389 2632 451 2686 ibue
469 2647 598 2687 numum.
624 2649 651 2686 r.
671 2631 727 2685 Dio
745 2631 788 2696 66,
807 2633 850 2686 nt.
888 2631 1016 2686 Intendit
1042 2635 1148 2688 starum
1175 2637 1326 2690 caevitiam
1348 2649 1396 2686 eam

166 2735 167 2738 =
232 2705 339 2768 iberius
359 2705 426 2757 latis
447 2703 567 2778 legibue,
594 2701 696 2773 quibus
721 2701 918 2766 interdictum,
945 2719 982 2756 ne
1001 2703 1128 2759 damnati
1145 2706 1346 2776 sepelirentur,
1368 2718 1396 2754 ne
1421 2737 1422 2764 3

205 2784 377 2833 testamenta
394 2776 536 2839 fecerent,
563 2789 599 2826 ne
617 2791 634 2826 a
651 2774 823 2844 propinquis
846 2773 858 2826 1
915 2783 1026 2832 nentur.
1059 2775 1103 2830 Cf.
1121 2780 1149 2844 6,
1167 2780 1213 2834 33.
1232 2780 1278 2834 38.
1295 2775 1347 2830 Dio
1362 2777 1396 2836 tt,
1421 2821 1422 2844 3

204 2851 250 2908 31.
271 2847 355 2900 Caius
374 2845 395 2897 l.
415 2848 442 2902 0.
462 2845 512 2916 qni
530 2853 597 2898 teet.
625 2845 722 2898 tacere
738 2788 969 2914 possuntfgduet.
989 2845 1052 2902 Tib.
1071 2851 1115 2904 61.
1143 2847 1195 2901 ubi
1220 2851 1308 2902 etiam
1325 2861 1395 2906 neno,

205 2923 257 2986 ait,
293 2917 438 2971 ontearum
455 2931 510 2970 non
527 2915 559 2968 in
576 2915 726 2970 Gernont'oe
744 2915 870 2969 obiectos
885 2933 1006 2986 uncoque
1029 2923 1139 2972 treotne
1163 2935 1204 2973 sc.
1225 2921 1257 2973 in
1274 2919 1395 2979 Tiberin,
1421 2941 1422 2944 =

84 3025 86 3034 ι
204 2992 255 3046 nbi
274 2991 311 3043 tie
329 2989 486 3061 sepulture.
504 2987 601 3042 ¹Idem
618 2987 708 3040 tradit
725 2985 781 3040 Dio
805 2990 849 3052 68,
874 2991 917 3044 lt.
941 2987 992 3042 ubi
1015 2989 1074 3066 leg.
1094 2986 1167 3051 dune
1192 2990 1220 3043 oi
1239 2988 1335 3047 ’παῖδες
1354 2987 1397 3039 ror

102 3119 117 3130 ,
205 3061 308 3118 οὐσιῶν
325 3057 421 3118 αὐτοὺς
438 3055 476 3131 μὴ
494 3057 710 3131 κληρονομῶσιν,
728 3073 799 3112 voce
815 3055 855 3131 μὴ
873 3060 996 3114 ineerta:
1013 3079 1080 3114 nam
1095 3061 1159 3116 ideo
1170 3062 1396 3129 abieoteoorpon

204 3141 363 3204 undaque,
396 3147 455 3184 non
478 3131 599 3202 sepulta,
628 3147 664 3183 ne
683 3129 771 3184 liberi
789 3130 942 3184 succedero
965 3131 997 3184 in
1019 3131 1092 3186 bona
1108 3139 1237 3204 poscent,
1267 3149 1336 3256 qaae
1352 3132 1396 3183 ian

203 3205 321 3278 publica
339 3213 373 3256 ut
389 3203 589 3256 damnatorum
605 3200 700 3272 palam
718 3201 954 3271 punitorumque.
973 3200 1020 3255 Ci.
1039 3202 1074 3257 ad
1091 3207 1118 3270 3,
1138 3207 1181 3271 14,
1201 3204 1251 3260 3.“

205 3279 232 3338 6,
249 3277 294 3332 39.
322 3273 377 3329 Sed
395 3289 499 3338 eornm,
519 3272 568 3342 qni
586 3273 619 3325 de
637 3289 667 3325 ee
685 3273 854 3337 etotnebant,
874 3271 904 3328 b.
918 3289 940 3328 e.
960 3281 1085 3328 mortem
1104 3283 1206 3346 sponte
1220 3277 1394 3346 sumpserant,

203 3347 250 3416 (nt
267 3345 298 3398 b.
317 3345 335 3398 l.
359 3361 412 3398 eno
428 3359 512 3397 mono
531 3343 705 3409 ceciderant)
731 3351 760 3396 et
778 3345 819 3396 tta
835 3353 1046 3414 praevenerant
1067 3345 1291 3410 damnationem,
1317 3343 1396 3396 lonn-

205 3421 310 3473 iontur
326 3431 454 3483 corpora,
480 3417 629 3470 membont
655 3414 750 3481 (talto
773 3415 865 3480 erent)
892 3415 1069 3482 tentamenti,
1095 3419 1220 3486 pretinm
1245 3411 1394 3484 (cernant,

205 3489 248 3554 (h.
269 3505 293 3542 e.
354 3487 391 3541 od
408 3487 482 3541 tanti
500 3495 563 3540 erat
579 3488 679 3558 pretii,
705 3493 738 3537 ut
761 3495 915 3556 propterea
937 3494 1055 3540 mortem
1072 3489 1104 3540 in
1122 3505 1153 3541 ee
1169 3490 1345 3554 festinarent,
1370 3489 1396 3534 ut
1421 3517 1422 3520 =

204 3565 232 3627 4,
250 3562 296 3617 38.
337 3559 423 3612 'citur
457 3561 483 3622 6,
501 3561 544 3614 36.
581 3558 706 3614 ilincet
722 3573 801 3612 mors
818 3556 983 3612 voluntaria
999 3558 1150 3629 prohiberi
1168 3559 1287 3616 colebat
1312 3559 1353 3612 Gi.
1369 3553 1396 3608 ad
1421 3569 1422 3626 3

204 3637 233 3698 ti,
252 3633 296 3694 41,
315 3635 341 3684 l.
360 3631 386 3694 6,
405 3631 440 3686 48
459 3637 534 3682 extr.
553 3629 607 3684 Dio
625 3633 669 3696 58,
689 3629 732 3684 16.
753 3627 860 3682 Eadem
880 3645 933 3700 pro
958 3629 1098 3685 beneficio
1120 3631 1349 3702 permittebatur,
1369 3631 1396 3675 ot

204 3707 249 3768 11,
268 3706 295 3757 3.
315 3700 435 3754 libertem
450 3699 553 3753 morlia
572 3701 725 3754 arbitrium
742 3700 770 3752 ei
786 3699 925 3767 percecinit.
963 3700 1037 3766 „Sed
1056 3701 1126 3772 quid
1144 3710 1206 3754 tnm
1225 3703 1258 3755 in
1273 3695 1396 3771 moniti

204 3774 417 3828 macenorum?
449 3771 552 3826 Nihilo
577 3773 668 3826 aecius
687 3787 719 3824 ea
742 3770 806 3824 dari
824 3771 927 3835 solere,
955 3771 1081 3828 ostendit
1104 3771 1154 3826 bic
1172 3771 1270 3826 Taciti
1285 3770 1396 3826 locust.

204 3849 249 3902 Ν.
268 3843 339 3898 Dari
361 3859 419 3898 non
442 3843 551 3906 solere,
582 3841 646 3898 Son.
675 3841 780 3899 tonsol
807 3841 843 3896 ad
866 3844 952 3898 Marc.
972 3844 1025 3900 33..
1047 3844 1079 3896 in
1102 3844 1245 3898 narranda
1270 3837 1395 3898 cremutii

204 3924 309 3979 morte,
328 3931 399 3986 quae
418 3915 469 3968 eub
487 3913 542 3968 boc
553 3911 665 3968 Tiberii
683 3922 740 3968 tern
762 3931 810 3966 us:
829 3930 883 3967 nec
903 3913 971 3967 satis
990 3913 1059 3977 seio,
1079 3914 1220 3986 quomodo
1239 3915 1273 3968 in
1291 3927 1397 3968 concor·

205 3987 281 4042 diam
300 3987 434 4042 reducam
453 4002 499 4039 eos
518 3984 606 4042 locos.
643 3981 700 4061 Sub
720 3929 839 4037 Gdaudio
859 3993 887 4040 et
904 3983 1020 4038 Nerone
1038 3987 1137 4040 forsan
1154 3986 1234 4039 alind
1252 3985 1350 4048 inerit,
1374 3987 1395 4032 et
1421 4027 1422 4040 .

205 4058 344 4112 Senecam
362 4056 509 4130 deceperit
527 4071 589 4112 moe
607 4055 651 4108 eui
670 4053 766 4108 aeri.“
785 4053 862 4124 Lipe.
881 4055 916 4109 ad
933 4057 961 4121 6,
980 4058 1022 4112 39.
1050 4055 1104 4122 „Si
1121 4066 1270 4110 accusatus
1288 4061 1396 4108 mortem
1421 4057 1422 4080 ³

205 4131 237 4182 in
256 4145 286 4182 se
303 4129 477 4191 festinarent,
496 4128 570 4181 bona
588 4127 649 4181 eine
667 4141 726 4178 non
743 4125 816 4188 fisci,
845 4125 894 4180 eorl
911 4125 1050 4180 heredum
1069 4136 1160 4183 amnt.
1197 4125 1333 4181 Solvendi
1353 4126 1396 4176 ita·

204 4215 261 4268 que
279 4217 315 4252 ex
331 4199 401 4252 ileon
419 4205 613 4264 aecusator-osc
631 4197 707 4266 qnod
725 4195 929 4274 gravissimum
946 4195 1001 4274 lpao
1018 4207 1109 4254 notate
1136 4199 1346 4252 accurationem
1361 4195 1396 4244 fe*
1421 4199 1422 4240 ἒ

205 4269 295 4322 cunda
315 4277 345 4324 et
362 4285 418 4340 quta
435 4271 471 4324 ad
487 4269 665 4324 maiestatem
684 4267 780 4324 omnia
796 4281 885 4336 paean
903 4269 1028 4324 crimina
1051 4269 1258 4326 referebantur.
1284 4287 1311 4322 v.
1329 4263 1360 4320 ed
1376 4268 1395 4325 l,

1301 3203 1349 3272 ipe.
1369 3198 1396 3252 ad
