2774 4784
184 229 263 288 xm
333 261 339 268 ·
398 270 401 276 ,
645 231 933 300 cinnanos
981 213 996 234 ·“

184 401 420 497 anschauuug
456 401 522 474 dee
553 399 703 475 Tacitus
734 426 770 497 p.
798 401 872 478 22⁰
905 427 958 500 sq.
1000 402 1087 501 quia
1124 425 1195 476 nec
1227 401 1385 482 historitt

183 525 252 574 nee
276 501 340 574 tali
365 501 519 573 consilio
544 502 771 596 respondeat.
1384 543 1385 558 .

373 697 594 774 mnouns
618 698 822 774 umumr
847 649 916 773 nu
942 697 1215 774 ominum.

281 834 317 928 §.
344 831 402 906 V.
440 833 553 913 Quod
579 834 625 906 ad
656 829 812 906 indolem
844 833 964 908 libelli
1001 835 1139 924 attinet,
1182 857 1315 908 aureus
1348 841 1385 904 et

110 1013 112 1020 ,
184 932 284 1006 etin
309 943 382 1004 tres
406 942 527 1026 partes
554 931 706 1022 divisus,
740 955 897 1026 quarum
930 933 1052 1026 prima
1076 956 1153 1026 cap.
1185 931 1272 1004 l—
1286 935 1322 1008 5.
1356 957 1373 1002 a

183 1045 328 1123 terram,
354 1030 516 1102 secunda
539 1053 617 1124 cap.
643 1027 802 1102 6-27.
829 1029 876 1101 ad
900 1053 1036 1120 mores,
1061 1031 1167 1102 tertia
1191 1053 1221 1100 c.
1240 1029 1385 1104 tss-to

184 1133 230 1204 ad
250 1129 409 1227 populos
422 1129 695 1202 Germanorum
716 1137 863 1223 spectat.
899 1129 1069 1202 Secunda
1088 1129 1198 1224 longe
1214 1127 1385 1223 diligentie

183 1242 221 1303 et
244 1241 321 1302 arta
346 1227 502 1318 excellit,
542 1237 579 1298 et
602 1229 734 1298 verius
760 1251 902 1318 eorum,
936 1251 1029 1323 quae
1054 1253 1075 1298 a
1099 1227 1228 1324 Tacito
1254 1227 1385 1299 tradun

183 1340 255 1421 tur,
277 1329 441 1402 maxime
466 1325 635 1400 firmatur
660 1351 717 1418 eo,
742 1327 842 1422 quod
867 1327 1089 1422 concordant
1122 1351 1209 1399 cum
1234 1329 1385 1398 moribu

184 1445 260 1501 uon
284 1428 399 1501 modo
423 1425 698 1499 Canadensium
723 1423 954 1521 aliorumque
986 1427 1137 1498 rudium
1162 1423 1385 1522 populorum

184 1529 250 1601 sed
283 1529 394 1599 etiarn
420 1525 704 1616 Germanorum,
736 1523 964 1597 Francorum
998 1533 1035 1597 et
1068 1523 1276 1620 Anglorum
1316 1527 1385 1597 anti

185 1627 326 1724 quioris
351 1633 388 1697 et
412 1625 623 1697 recentioris
648 1623 740 1714 aevi,
765 1647 933 1696 necnon
959 1647 1045 1696 cum
1066 1625 1246 1696 institutis
1272 1645 1385 1706 corun

184 1737 222 1798 et
245 1725 389 1821 legibus
421 1721 564 1814 Sulicis,
600 1724 875 1820 Ripuariorum,
911 1721 1233 1817 Burgundionum,
1264 1723 1385 1818 Angla

1 1833 2 1838 ’
69 1907 73 1912 ,
185 1849 283 1917 rum,
307 1823 647 1918 Langobardorum.
699 1820 838 1902 Quanti
864 1847 949 1894 vero
975 1823 1246 1896 Germanorum
1271 1825 1385 1896 intere

185 1927 250 2015 rit,
288 1922 574 1995 similitudinem
612 1921 865 1994 institutorum
910 1923 1124 2018 rituumque
1161 1934 1334 1995 veterum
1369 1947 1385 1992 e

185 2023 451 2105 hodiernorum
476 2023 517 2092 in
541 2019 613 2092 hoc
637 2020 764 2092 libello
790 2020 1081 2116 deprehendere!

124 2127 130 2140 ’
283 2121 435 2194 Ceterae
467 2122 547 2192 eius
585 2131 718 2216 partae,
759 2121 881 2215 prima
920 2131 959 2204 et,
993 2121 1118 2212 tertia,
1165 2119 1277 2191 exiles
1323 2133 1385 2190 sun

185 2231 224 2295 et
254 2221 417 2316 produnt
448 2243 619 2291 maneam
652 2229 833 2292 terrarum
859 2217 1169 2315 populorumque,
1196 2221 1237 2290 in
1270 2219 1385 2310 rimi

164 2317 401 2394 'australium
434 2329 472 2391 et
503 2317 859 2414 septentrionalium,
890 2319 1073 2410 notitiam,
1110 2341 1222 2414 quam
1292 2321 1385 2404 acitrt

185 2445 230 2493 eo
267 2429 433 2514 tempore
471 2416 611 2490 habuit.
642 2413 668 2504 ¹)
716 2417 869 2514 Aliquot
895 2418 997 2488 enim
1038 2413 1143 2488 annis
1178 2426 1262 2511 post
1301 2417 1385 2512 plur?

186 2513 364 2614 coguovit
389 2527 426 2589 et
451 2517 682 2606 accuratiora,
715 2517 816 2614 quod
842 2539 887 2588 ex
919 2515 1127 2590 Annalibus
1165 2527 1202 2588 et
1232 2515 1385 2592 Historii

186 2615 402 2711 intelligitur
428 2625 464 2688 et
488 2617 684 2711 praecipue
709 2615 855 2686 axillis
880 2613 1017 2687 horum
1043 2639 1199 2710 operum
1224 2614 1333 2708 loric,
1369 2611 1385 2698 il

188 2717 323 2814 quibus
348 2720 472 2787 sermo
497 2723 553 2786 est
577 2715 623 2785 de
647 2711 749 2804 Albi,
773 2715 946 2810 Visurgi,¹
962 2714 1117 2805 Amisia,
1142 2715 1293 2810 Luppia
1313 2715 1385 2796 aliit

188 2839 260 2912 que
274 2815 422 2905 fluviis,
455 2813 501 2886 de
525 2813 671 2906 Marsis,
709 2813 894 2905 Marsacis,
926 2811 1152 2909 Sugambris,
1185 2809 1385 2886 Ansibariil

72 2896 76 2903 ¹
127 2961 129 2966 ·
185 2913 435 3004 Tnbautibns,
472 2911 638 3004 Batavis,
676 2911 876 3004 Mattiacis,
914 2909 1095 3004 Chaucis,
1134 2911 1338 2985 Cheruscis
1375 2929 1385 2984 t

187 3011 344 3106 Chattis,
370 3015 416 3085 de
440 3013 583 3103 Tauno,
621 3011 713 3084 silva
739 3011 868 3084 Caesia
899 3021 936 3084 et
960 3013 1269 3108 Teutoburgiensi
1303 3013 1385 3086 satu

188 3115 236 3187 de
262 3113 536 3192 Germanorum
559 3115 684 3202 armis,
719 3111 840 3200 (Anu.
866 3111 902 3204 2,
927 3112 987 3186 Ι14.
1013 3113 1074 3186 21.
1102 3111 1147 3185 G.
1175 3111 1233 3198 6.)
1267 3109 1385 3208 rapini

190 3213 302 3304 (Anu.
333 3209 474 3304 11,18.
506 3209 563 3301 13,
588 3209 646 3286 55.
674 3209 719 3283 G.
747 3209 823 3298 35.)
866 3222 903 3283 et
937 3212 1111 3284 urbibus:
1154 3235 1242 3284 nam
1274 3212 1324 3286 G.
1356 3209 1385 3284 lt

189 3309 313 3386 nullos
337 3307 448 3383 urbas
471 3307 641 3384 babituri
664 3309 762 3382 dicit.
814 3309 871 3382 Ex
896 3335 939 3382 eo
965 3319 1002 3382 et
1026 3335 1071 3382 ex
1095 3309 1186 3383 locis
1218 3336 1296 3382 nou
1312 3315 1385 3408 'pat

47 3479 48 3484 ,
190 3414 256 3504 cis,
282 3435 373 3507 quae
399 3435 444 3482 ex
468 3409 541 3482 hoc
565 3408 693 3480 libello
717 3411 758 3480 in
783 3411 922 3481 maiora
947 3396 1067 3483 Taciti
1093 3435 1204 3505 opera
1235 3409 1385 3482 translat

190 3523 228 3583 et
253 3511 299 3582 ad
323 3511 480 3582 verbum
505 3511 779 3604 repetita'sunt,
803 3517 913 3605 patet,
951 3508 1063 3580 illum
1096 3521 1134 3582 et
1165 3511 1271 3605 prius
1297 3515 1385 3605 quat

191 3611 282 3682 haec
312 3619 349 3682 et
382 3633 548 3684 seorsum
580 3611 620 3680 in
654 3607 778 3679 lucem
803 3609 983 3705 prodiisse
1016 3634 1136 3706 neque
1161 3609 1385 3704 fragmentui

102 3785 108 3796 ,
167 3703 305 3782 ¹luisse
330 3718 367 3781 et
392 3705 641 3778 ἐπεισόδιον
670 3708 853 3780 intextum
887 3719 1050 3780 extremo
1084 3709 1337 3782 Historiarum
1371 3709 1385 3778 l

192 3883 439 3915 ,Μ

269 3941 290 4014 ¹)
309 3943 401 4001 Verba
419 3942 587 4000 Schloeaeri
605 3945 638 3998 in
655 3941 734 4033 Aug.
753 3945 843 4000 Nord.
863 3943 970 4001 Geach.
988 3964 1018 4020 p.
1038 3949 1090 4004 14⁷
1109 3954 1190 4002 suut:
1210 3945 1288 4000 lrrt
1306 3944 1381 4001 Tac

193 4025 267 4084 tus,
292 4029 328 4069 so
351 4015 414 4069 hat
442 4017 659 4096 seinZeuge
685 4013 746 4071 dre
770 4015 915 4074 Schuld.
951 4017 1003 4072 Er
1027 4017 1302 4089 protokollirte
1334 4021 1385 4071 nul

193 4105 264 4143 was
295 4088 378 4142 etue
409 4086 650 4164 autgekl'trte
682 4085 878 4144 Nachrrslt
906 4089 965 4144 bai
996 4087 1199 4146 maturarem
1227 4087 1385 4154 Vera-ati

223 4157 515 4236 ecgraphischer
540 4157 763 4216 Keuutuisre
793 4163 926 4232 prtiteu
957 4161 1081 4216 sollte.
1124 4161 1168 4218 So
1197 4159 1317 4214 horon
1343 4155 1385 4216 ull

191 4177 870 4378 {qqpp'ppqqussrqi'qovppeqeheriiber
893 4231 951 4287 dia
974 4229 1330 4309 Gleubwiirdigkeit
1358 4231 1385 4288 ci<

359 4536 437 4618 „9
