2872 4792
69 237 115 294 χ
180 213 238 280 m
348 281 360 296 ‚
438 193 440 202 ’
576 191 992 274 tantumtantum.

248 379 273 432 1.
293 371 419 430 Fonteiae
437 373 575 442 Agrippa,
594 378 631 430 cf.
650 358 712 446 cap·
732 376 775 432 ot.
796 401 829 412 -
849 373 881 430 0.
905 371 1003 428 vittae
1020 371 1158 437 Serenae·
1171 367 1208 423 de
1230 382 1289 438 que
1316 384 1344 420 v.
1367 369 1396 430 t,

178 453 221 507 13.
240 452 283 506 38.
302 451 345 505 33.
364 449 407 504 bb·
435 447 586 504 le't'biaa
603 446 665 500 edd.
685 463 743 500 rec.
763 463 799 502 ex
816 444 930 499 emend.
949 443 1041 513 Ryck.
1060 443 1128 513 quia
1147 439 1227 496 Vibii
1243 447 1344 510 partes
1364 440 1397 490 in

128 525 133 546 ¹
177 539 260 576 causa
282 518 400 572 libonis
423 525 622 574 memorantur
646 521 672 583 t,
696 521 739 574 28·
763 519 808 574 29·
845 515 930 570 Gaiae
952 513 1053 570 Lt'oiua
1072 511 1129 566 tts.
1155 513 1186 566 0.
1207 513 1306 566 Ls'uiaa
1330 509 1396 566 edd.

85 595 89 605 '
177 601 235 646 vet.
256 589 367 643 ctaataa
385 585 561 660 contsttps.
590 588 639 644 aed
663 590 693 645 Q.
724 587 823 644 Vitiata
841 587 925 641 Grot.
946 595 974 640 et
991 585 1048 640 hoc
1066 585 1202 638 firmatur
1219 584 1398 636 auctoritate

177 671 249 718 vett.
269 660 349 715 codd.
368 663 396 726 t,
413 664 457 718 28.
475 661 534 714 niai
552 659 592 714 ibi
612 659 669 736 leg.
691 659 732 726 0.,
752 659 820 729 quia
837 657 901 712 b.l.
921 659 952 712 in
971 657 1027 712 MS.
1049 657 1142 712 Gaiae.
1179 687 1213 698 -
1240 655 1398 712 certabant,

177 735 222 788 cas·
237 735 280 787 isa
296 733 442 800 perorandi
464 733 494 784 ia
510 732 721 794 rescinderetur,
740 739 773 782 ut
791 729 934 814 quondam
953 730 984 783 in
1002 746 1086 782 cauea
1103 727 1226 782 Verrina
1244 727 1350 780 Oicero
1370 731 1399 776 et

179 805 336 861 Caecilius:
373 804 451 873 quod
503 821 557 857 nus
575 819 675 856 musae
693 803 884 870 diuinationem
907 801 1056 866 vocabant,
1087 801 1155 871 quia
1178 813 1238 852 non
1262 797 1300 852 de
1317 798 1399 850 facto

179 875 379 950 quaerebatur,
397 875 447 928 aed
465 821 502 929 dt
517 877 629 940 tuturo,
647 873 683 928 de
700 879 866 928 accusatore
884 871 1100 938 constituendo,
1123 864 1189 924 lira.
1218 887 1248 922 r.
1267 867 1350 922 Gell.
1371 871 1398 930 2,

122 999 127 1026 ¹
178 954 204 1006 4.
224 955 254 1002 et
271 945 373 1000 Asccn.
392 946 424 998 in
442 963 555 1023 argum.
574 953 646 998 orat.
667 942 779 998 Cic.'in
798 944 831 1010 Q
849 944 1019 1010 Caecilium,
1039 961 1111 1012 quae
1130 950 1159 996 et
1177 943 1240 1010 ipsa
1257 939 1400 992 diuinatio

156 1017 357 1074 ¹inscribitur.
384 1017 538 1083 peroranti,
556 1015 683 1081 dicendi,
700 1025 734 1068 ut
751 1019 778 1081 3,
797 1018 839 1086 17„
859 1021 887 1082 1,
905 1019 948 1072 28.
968 1015 1006 1068 al.
1044 1043 1076 1053 -—
1103 1011 1269 1078 singillatim
1292 1027 1323 1063 ae
1343 1010 1406 1062 cria

178 1091 249 1146 aaa
266 1090 441 1143 obiecturum:
478 1087 537 1155 „ld
554 1089 626 1158 fecit
649 1088 751 1142 Cicero
776 1089 809 1140 in,
826 1089 1076 1142 Veri-amacium
1093 1085 1189 1156 prima
1212 1092 1242 1137 et
1259 1083 1329 1136 fieri
1348 1097 1400 1134 vo·

180 1163 237 1216 luit
254 1161 344 1225 Nero,
362 1161 414 1230 qui
432 1167 504 1214 teste
522 1157 601 1214 Suet.
621 1177 645 1212 c.
669 1162 710 1214 15.
736 1159 915 1222 cognoscendi
931 1173 1025 1212 morem
1043 1173 1098 1212 nm
1124 1157 1217 1220 tenuit,
1246 1163 1285 1220 at,
1310 1153 1401 1204 conti-

179 1233 240 1286 nuit
262 1232 414 1284 acttoatoaa
437 1231 552 1298 cairam,
575 1225 739 1296 atigtttatta
758 1246 874 1298 patreque
894 1245 945 1296 per
963 1229 1036 1280 vicet
1060 1235 1166 1293 agnat.
1203 1227 1400 1278 Patronorum

180 1311 247 1360 sunt
265 1304 406 1355 continuae
423 1302 544 1356 actiones
564 1321 586 1356 s.
604 1309 746 1370 perpetuae
763 1302 900 1354 oratioaea
919 1318 962 1370 ap.
979 1299 1039 1353 (lic.
1060 1299 1122 1352 Act.
1133 1298 1155 1350 1.
1175 1299 1206 1352 in
1215 1301 1300 1350 Verr·
1313 1301 1344 1360 ⁸2,
1356 1301 1399 1352 18.

179 1375 272 1447 qualia
291 1380 334 1428 est
352 1373 427 1428 actio
452 1372 545 1428 altera
569 1374 601 1426 in
618 1375 739 1430 Verrem
757 1372 841 1426 libris
865 1373 898 1422 V.
917 1370 1132 1442 comprehensa.
1172 1370 1211 1424 Ei
1237 1369 1401 1438 opponitur

180 1446 256 1502 actio
280 1462 322 1510 ea,
344 1461 424 1514 ‚quae
448 1444 569 1498 testibus
597 1442 790 1513 producendis
815 1443 1095 1520 interrogandisque,
1121 1443 1217 1496 literis
1242 1449 1271 1494 et
1289 1439 1401 1492 tabulis

179 1515 362 1590 proferendis
380 1522 500 1572 coastat.
536 1515 612 1568 otim
631 1525 696 1568 utra
738 1516 847 1568 eactio
866 1513 1096 1590 coniungebatur
1110 1521 1139 1567 et
1157 1530 1240 1566 causa
1257 1511 1401 1588 agebatur

179 1590 308 1662 primum
326 1587 439 1639 actione
457 1591 613 1656 perpetua,
627 1587 694 1642 dein
716 1603 732 1640 e
748 1586 871 1640 testibus
890 1587 922 1638 in
941 1588 961 1640 s'
1026 1585 1054 1638 la
1072 1602 1172 1638 causae
1198 1585 1294 1654 capita
1314 1591 1346 1636 et
1364 1583 1401 1634 li·

180 1661 254 1716 teria
271 1656 470 1729 proferendis,
496 1659 573 1727 quod
591 1657 693 1712 Cicero
711 1665 828 1710 acturus
853 1674 965 1711 causam
1012 1657 1085 1710 erris
1102 1655 1242 1709 hactenus
1260 1655 1401 1716 tentavit,

180 1739 214 1786 ut
236 1733 361 1802 primam
385 1728 528 1782 actionem
551 1731 661 1784 faceret
684 1745 756 1794 eam,
780 1746 851 1798 quae
868 1729 1045 1783 ‘testimoniis
1070 1736 1100 1782 et
1125 1727 1220 1781 literis
1238 1733 1401 1790 constaret,

180 1800 285 1857 deinde
301 1817 339 1870 pe
378 1807 474 1852 etuam
492 1799 651 1854 additurus.
670 1801 749 1857 Nero
768 1807 864 1853 autem
882 1803 1031 1854 continuae
1051 1802 1179 1853 actiones
1196 1797 1282 1870 plane
1295 1799 1402 1850 omitti

180 1873 284 1936 voluit,
305 1887 337 1925 ea
374 1886 501 1938 ecausa,
522 1871 599 1942 quod
615 1870 662 1924 his
680 1869 771 1948 magis
789 1873 941 1948 ingenium
965 1873 1091 1926 oratoris
1115 1871 1257 1934 cernitur,
1284 1870 1337 1921 cui
1363 1885 1402 1922 nc

180 1943 298 2016 quidem
316 1943 385 1996 satia
402 1942 588 1997 attendebant
611 1943 731 2009 iudices,
755 1959 839 1996 causa
862 1959 932 1997 vero
959 1944 1084 1996 muitue
1102 1942 1257 1995 conficitur
1274 1941 1402 1994 testibus
1431 2007 1432 2010 Ἴ

179 2025 209 2072 et
226 2015 330 2068 literis.
367 2013 460 2081 Quum
478 2021 627 2085 praeterea
644 2031 705 2068 mos
725 2023 810 2079 esset,
835 2013 912 2068 dicta
931 2031 1014 2067 causa
1038 2021 1125 2068 testes
1149 2015 1180 2066 in
1198 2013 1296 2066 omnia
1316 2011 1402 2066 dein-

180 2105 247 2158 ceps
265 2085 349 2152 dare,
367 2083 406 2150 (v.
426 2084 529 2138 cic-1.
543 2085 563 2138 1.
584 2103 608 2140 c.
628 2087 684 2153 18.)
708 2085 786 2140 Nem
806 2081 892 2139 iussit
910 2087 1004 2156 capita
1028 2101 1128 2139 causae
1146 2085 1297 2161 seitmgere
1318 2085 1402 2136 etin

202 2155 315 2227 uodque
338 2157 492 2228 separatim
516 2165 546 2210 et
569 2157 698 2212 breviter
720 2157 898 2228 explicatum
916 2164 1004 2212 testes
1028 2156 1199 2226 producere,
1231 2154 1402 2224 etquidem

180 2175 215 2283 ab
232 2235 356 2298 utraque
372 2234 465 2297 parte.
502 2226 563 2282 Hoc
582 2235 625 2283 est
642 2227 808 2293 aiagittotim
826 2243 1008 2296 praepararer
1025 2229 1106 2282 uices.
1143 2227 1226 2280 Prius
1252 2224 1343 2292 illud,
1368 2233 1403 2278 ut

180 2317 263 2355 causa
279 2314 335 2370 per
351 2305 449 2368 partes
467 2299 666 2370 explicaretur
683 2299 863 2370 testibusque
872 2299 1104 2366 confirmaretur,
1115 2307 1166 2353 est
1183 2299 1337 2351 inventum
1353 2296 1403 2349 Ci-

180 2371 310 2437 ceronis,
328 2369 453 2423 alterum
471 2387 488 2422 a
505 2371 622 2424 Nerone
640 2369 778 2424 additum.
798 2371 842 2424 Cf.
863 2369 1046 2425 Noordkerk.
1065 2370 1137 2424 obse·
1156 2368 1256 2440 p.b9·“
1275 2369 1344 2420 Era.
1364 2367 1404 2420 'ad

180 2441 259 2496 Suet.
268 2441 337 2495 Ner.
346 2443 389 2496 15.
408 2441 561 2508 -protattt
571 2442 686 2506 libellos,
698 2443 805 2513 scripta
813 2442 941 2506 Libonis,
960 2442 1227 2495 uecordeaadeooet.
1246 2439 1403 2510 „Speciem

180 2513 323 2566 stultitiae
340 2511 457 2565 obtendi
475 2521 612 2589 agnosco!
638 2511 688 2566 sed
711 2513 763 2566 sub
782 2529 894 2568 earam
913 2521 1040 2567 atrocem
1057 2513 1182 2566 velatam
1205 2507 1332 2565 diffiteri
1352 2530 1404 2566 ne·

181 2599 265 2655 queo,
292 2589 323 2636 et
340 2598 453 2648 vereor,
478 2602 515 2638 ne
539 2581 715 2638 Tacitoliic
739 2583 882 2639 exciderit
906 2584 990 2654 quale
1014 2583 1103 2638 Floro
1123 2590 1148 2648 1,
1168 2590 1205 2649 7.,
1225 2599 1316 2654 quum
1336 2588 1402 2652 τέχ-

130 2657 133 2662 ’
180 2667 274 2725 νασμα
298 2651 454 2724 Tarquinii
479 2655 638 2708 eminentia
660 2671 847 2726 papaverum.
862 2657 956 2726 capita
981 2654 1153 2714 demetentis
1179 2654 1330 2723 rupertum
1351 2670 1404 2708 vo·

181 2727 268 2779 cavit.
305 2723 367 2777 Nec
385 2729 444 2776 tam
467 2725 572 2778 stolida
595 2743 683 2796 quam
708 2727 904 2796 perplexantis
930 2728 1023 2780 oratio
1042 2727 1102 2780 eius
1126 2726 1253 2792 ridetur,
1279 2726 1335 2796 qui
1355 2743 1405 2780 ro·

179 2811 252 2874 gare
276 2801 376 2868 aperte
400 2811 460 2848 non
483 2795 613 2862 auderet,
644 2815 681 2850 an
704 2798 827 2852 maiores
852 2795 1006 2851 habiturus
1025 2805 1099 2852 esset
1120 2814 1188 2868 opes
1213 2815 1301 2868 quam
1320 2799 1405 2868 quia-

180 2868 260 2939 piam
277 2866 478 2937 privatorum
496 2866 532 2919 ad
541 2875 670 2950 'quantas
688 2867 839 2922 accederet
856 2870 955 2922 forsan
974 2885 1069 2935 uerno,
1089 2870 1281 2940 propinquius
1300 2877 1404 2922 tamen

91 2941 97 2962 ⁸
180 2952 266 2992 nemo
285 2935 435 2990 accederet
453 2937 602 3008 Principe3
620 2937 745 3010 denique
763 2957 799 2992 an
815 2933 984 3012 principatu
1001 2942 1148 3010 potiturus
1173 2949 1253 2995 esset.
1299 2939 1405 2994 Omnis

155 3039 157 3045 s
181 3007 350 3132 superlatio,
380 3025 467 3078 quam
491 3017 596 3062 vocant
620 3009 762 3076 rhetores,
793 3012 942 3082 exprimit,
974 3011 1051 3082 quod
1074 3013 1140 3065 fieri
1165 3027 1224 3064 non
1254 3011 1331 3090 quit,
1360 3021 1405 3077 ut,

181 3079 259 3150 qud
284 3095 428 3132 summurn
453 3081 518 3134 veri
536 3087 589 3146 est,
609 3081 817 3158 intelligamus.
845 3081 949 3136 Darius
969 3085 1126 3152 pecuniam
1145 3083 1292 3136 deferebat
1310 3083 1405 3138 Alex·

180 3151 282 3216 andro,
317 3157 439 3218 quamam
462 3157 521 3206 toto
544 3153 710 3206 Macedonia
733 3153 849 3221 capati.
891 3154 931 3206 Et
962 3153 1056 3207 solent
1083 3156 1113 3206 in
1137 3153 1407 3209 consultationibus

182 3223 247 3306 istie
265 3221 430 3292 perplexim
449 3223 542 3308 loqui,
560 3222 630 3308 dum
647 3241 790 3310 vaurme
809 3241 841 3278 re
860 3225 891 3277 in
909 3224 1011 3277 dubios
1033 3227 1134 3279 veniae
1158 3227 1252 3280 exitus
1271 3229 1407 3296 patroci-

181 3293 944 3436 etet‘tottameztssstttttsstmt
952 3295 1406 3438 iii‘bablieiit‘iissilii

79 3481 81 3484 ,
180 3439 296 3502 poterat,
315 3439 362 3485 out
380 3433 439 3502 ipae
456 3436 528 3498 alliu
548 3434 613 3489 Seu.
633 3455 648 3490 e
672 3475 678 3489 .
699 3440 742 3494 w.
781 3467 812 3475 -
848 3445 877 3490 ut
896 3437 1095 3502 eemndaverit,
1119 3455 1197 3510 „pro
1215 3446 1244 3492 at
1262 3443 1405 3492 comitta-

182 3505 255 3558 oiaae
273 3503 415 3586 diceretur.
435 3505 480 3558 ct.
501 3505 616 3583 Kriiger
633 3455 807 3563 lfntersucb.
828 3527 878 3562 aus
897 3509 926 3562 d.
947 3508 1017 3564 Geb.
1037 3510 1065 3564 d.
1086 3511 1136 3564 lat.
1158 3509 1291 3582 Spraclre.
1311 3510 1349 3562 Τ.
1363 3513 1404 3565 11.

183 3593 211 3648 p.
232 3573 311 3632 186ss
330 3575 432 3627 ffieesl.
458 3578 649 3630 consultaverit
674 3597 712 3632 sc.
741 3579 906 3646 Chaldaeos,
930 3583 1026 3658 Magoa
1051 3591 1081 3635 et
1100 3583 1279 3636 sosnniorum
1304 3583 1406 3638 inter·

182 3654 290 3718 pietas.
318 3645 364 3698 Cf.
383 3665 444 3718 cap.
464 3651 507 3703 tt.
546 3681 578 3692 -
617 3665 652 3702 aa
670 3649 810 3720 habitastis
828 3653 923 3715 forata*
945 3670 1012 3705 narn
1031 3669 1084 3718 ero,
1105 3653 1167 3719 arta,
1195 3655 1281 3720 frere,
1301 3656 1405 3718 forata,

183 3721 243 3783 scre
262 3719 374 3786 saepius
392 3735 457 3772 cum
477 3719 579 3772 Partic.
599 3719 664 3774 tut.
684 3723 902 3798 iungentum.
922 3739 946 3776 c.
961 3725 1024 3776 liv·
1043 3727 1144 3788 to,1t.
1164 3727 1208 3787 35,
1233 3728 1276 3780 13.
1294 3729 1342 3791 37,
1360 3731 1405 3782 to.

185 3791 229 3856 15,
247 3792 291 3846 51.
311 3787 371 3842 cic.
390 3789 427 3843 ad
444 3789 551 3856 Atti,
570 3794 613 3846 21.
634 3795 740 3856 1235.
759 3811 786 3846 v.
806 3793 940 3848 lluddim.
966 3797 1034 3848 inat.
1061 3795 1160 3848 Graan.
1185 3794 1218 3846 Τ.
1238 3796 1261 3850 1.
1286 3813 1317 3867 p.
1336 3801 1405 3854 355.

183 3857 354 3914 Rameborn.
376 3857 476 3914 Gram.
494 3878 523 3931 p.
543 3865 605 3919 395.
626 3889 658 3899 -
676 3865 746 3917 viam
763 3866 893 3932 Appiam.-
930 3883 1040 3938 ‚,quam
1058 3867 1168 3939 Appius
1192 3869 1256 3938 ipae
1272 3883 1334 3922 non
1355 3871 1407 3922 ul-

184 3939 230 3984 tra
256 3931 382 4002 Capuam
406 3931 556 4002 perduxit,
591 3933 762 3986 Brundisium
786 3952 865 4004 aeque
890 3935 920 3992 C.
941 3935 1090 3992 Gracchus
1114 3938 1258 4003 tribunus,
1283 3941 1348 3993 aive
1371 3941 1406 3994 C.

184 4002 289 4055 Caesar
319 4009 437 4055 curator
467 4003 532 4056 viae
561 4003 586 4056 A
627 4005 680 4070 iae,
716 4005 778 4060 aive
804 4005 957 4084 Aug-tutus.
993 4027 1023 4061 v.
1047 4011 1109 4063 Liv.
1128 4013 1155 4076 3,
1173 4013 1218 4066 29.
1250 4009 1345 4064 Strab.
1370 4015 1407 4062 V.

183 4089 213 4143 p·
232 4075 295 4129 333.
314 4075 377 4128 tat.
396 4073 444 4124 vt.
486 4076 574 4130 483·
619 4076 726 4128 rontin.
747 4077 782 4131 de
800 4077 916 4148 aquaed.
936 4081 960 4136 5-
987 4080 1086 4134 Aurel.
1111 4081 1187 4134 vict.
1211 4081 1244 4132 V.
1264 4081 1287 4132 l.
1307 4099 1333 4134 c.
1355 4087 1405 4140 34,

185 4151 215 4198 et
231 4143 267 4198 de
284 4145 358 4227 orig.
377 4091 557 4226 genabum.
575 4161 603 4198 c.
622 4149 647 4202 8.
683 4149 737 4201 Via
753 4158 817 4202 erat
834 4151 964 4205 omnium
983 4151 1153 4228 longissima
1171 4151 1291 4206 coctu
1314 4153 1408 4209 mille

184 4228 260 4336 Basa.
279 4225 380 4286 masaa
397 4231 501 4268 omum
518 4234 535 4269 a
557 4251 563 4268 .
583 4215 655 4270 stau
675 4217 747 4272 stlv.
765 4223 794 4286 2,
811 4223 838 4288 t,
857 4219 920 4278 tt.“
938 4221 1013 4292 Lipa.
1045 4222 1096 4275 On.
1115 4223 1233 4278 Panrin.
1253 4225 1284 4278 in
1303 4225 1405 4278 deser.

101 4302 105 4308 ’
213 4283 272 4336 .ll.
299 4302 343 4356 ap.
364 4283 469 4341 Graev.
494 4285 527 4344 A.
547 4287 579 4340 R.
599 4285 632 4340 Τ.
652 4289 704 4346 111.
730 4307 758 4362 p.
778 4293 839 4348 tot
864 4291 1117 4363 pluradat31lra.
1156 4325 1188 4340 -
1217 4295 1409 4352 trutanam
